{"host":"1hv1kueuvc4r3rdp","time":1607619531,"event":{"mods":["BaseMod","StSLib","Highlight Path","Minty Spire (QoL Compilation)","Permanent Neow","DeckTracker","AchievementEnabler"],"gold_per_floor":[111,131,142,162,127,127,170,197,197,197,231,231,260,278,278,383,446,458,143,162,162,162,162],"floor_reached":22,"playtime":1348,"items_purged":["Scrawl"],"score":397,"play_id":"925b9d75-c1bd-4f79-a4cc-5b0ce526b520","local_time":"20201210105851","is_ascension_mode":true,"campfire_choices":[{"data":"BattleHymn","floor":6,"key":"SMITH"},{"floor":12,"key":"REST"},{"floor":15,"key":"REST"}],"circlet_count":0,"master_deck":["AscendersBane","Eruption","Vigilance","Devotion","Consecrate","BattleHymn+1","SashWhip","FlyingSleeves","Tantrum","Scrawl","Establishment","Nirvana","TalkToTheHand","Sanctity","FearNoEvil","SashWhip","SandsOfTime","Protect+1"],"relics":["PureWater","CeramicFish","Blue Candle","Meat on the Bone","Pandora\u0027s Box","Toxic Egg 2"],"acts_visited":["Exordium","TheCity"],"potions_floor_usage":[11,11,14,16],"damage_taken":[{"damage":4,"enemies":"Jaw Worm","floor":1,"turns":6},{"damage":0,"enemies":"2 Louse","floor":2,"turns":4},{"damage":0,"enemies":"Cultist","floor":3,"turns":4},{"damage":11,"enemies":"Looter","floor":4,"turns":3},{"damage":22,"enemies":"3 Sentries","floor":7,"turns":3},{"damage":8,"enemies":"Blue Slaver","floor":8,"turns":3},{"damage":28,"enemies":"Gremlin Nob","floor":11,"turns":4},{"damage":9,"enemies":"3 Louse","floor":13,"turns":3},{"damage":32,"enemies":"Gremlin Gang","floor":14,"turns":3},{"damage":0,"enemies":"Slime Boss","floor":16,"turns":5},{"damage":20,"enemies":"Shell Parasite","floor":18,"turns":3},{"damage":11,"enemies":"Spheric Guardian","floor":20,"turns":3},{"damage":64,"enemies":"Masked Bandits","floor":22,"turns":3}],"seed_played":"-3595422992515063857","potions_obtained":[{"floor":4,"key":"Strength Potion"},{"floor":8,"key":"EntropicBrew"},{"floor":11,"key":"SteroidPotion"},{"floor":14,"key":"ColorlessPotion"},{"floor":16,"key":"Explosive Potion"}],"is_trial":false,"path_per_floor":["M","M","M","M","?","R","E","M","T","?","E","R","M","M","R","B",null,"M","$","M","?","?"],"character_chosen":"WATCHER","items_purchased":["Toxic Egg 2"],"campfire_rested":2,"item_purchase_floors":[19],"current_hp_per_floor":[61,61,61,50,68,68,46,38,38,38,10,31,34,14,35,47,66,46,46,47,47,0,0],"gold":162,"neow_bonus":"TRANSFORM_CARD","is_daily":false,"chose_seed":false,"campfire_upgraded":1,"win_rate":0,"timestamp":1607619531,"path_taken":["M","M","M","M","?","R","E","M","T","?","E","R","?","M","R","BOSS","M","$","M","?","?"],"build_version":"2020-11-30","purchased_purges":1,"victory":false,"max_hp_per_floor":[72,72,72,72,72,72,72,72,72,72,72,72,72,72,72,72,72,72,72,72,72,72,72],"card_choices":[{"not_picked":["PathToVictory","FlurryOfBlows"],"picked":"Consecrate","floor":1},{"not_picked":["Halt","Wireheading","EmptyBody"],"picked":"SKIP","floor":2},{"not_picked":["Evaluate","FlurryOfBlows"],"picked":"BattleHymn","floor":3},{"not_picked":["Prostrate","Study","ClearTheMind"],"picked":"SKIP","floor":4},{"not_picked":["FlyingSleeves","Adaptation"],"picked":"SashWhip","floor":7},{"not_picked":["PathToVictory","BowlingBash"],"picked":"FlyingSleeves","floor":8},{"not_picked":["Weave","LikeWater"],"picked":"Tantrum","floor":11},{"not_picked":["Vengeance","InnerPeace"],"picked":"Scrawl","floor":13},{"not_picked":["FlurryOfBlows","CrushJoints","Study"],"picked":"SKIP","floor":14},{"not_picked":["Devotion","Scrawl"],"picked":"Establishment","floor":16},{"not_picked":["SignatureMove","EmptyBody","Indignation"],"picked":"SKIP","floor":18},{"not_picked":["Evaluate+1","WheelKick"],"picked":"Protect+1","floor":20}],"player_experience":945259,"relics_obtained":[{"floor":7,"key":"CeramicFish"},{"floor":9,"key":"Blue Candle"},{"floor":11,"key":"Meat on the Bone"}],"event_choices":[{"damage_healed":18,"gold_gain":0,"player_choice":"Healed","damage_taken":0,"max_hp_gain":0,"max_hp_loss":0,"event_name":"The Cleric","floor":5,"gold_loss":35},{"damage_healed":0,"gold_gain":0,"player_choice":"0 cards matched","damage_taken":0,"max_hp_gain":0,"max_hp_loss":0,"event_name":"Match and Keep!","floor":10,"gold_loss":0,"cards_obtained":[]},{"damage_healed":0,"gold_gain":0,"player_choice":"Ignored","damage_taken":0,"max_hp_gain":0,"max_hp_loss":0,"event_name":"Vampires","floor":21,"gold_loss":0},{"damage_healed":0,"gold_gain":0,"player_choice":"Fought Bandits","damage_taken":0,"max_hp_gain":0,"max_hp_loss":0,"event_name":"Masked Bandits","floor":22,"gold_loss":0}],"is_beta":false,"boss_relics":[{"not_picked":["HolyWater","Ectoplasm"],"picked":"Pandora\u0027s Box"}],"items_purged_floors":[19],"is_endless":false,"potions_floor_spawned":[4,8,11,13,14,16],"killed_by":"Masked Bandits","ascension_level":12}}