{"host":"hc8xbdd8p6sd75vx","time":1607586291,"event":{"gold_per_floor":[109,122,47,12,12,45,45,73,73,103,117,147,39,68,68,167,167,177,177,177,177,177,202,202,230,230,230,17,33,52,84,84,180,180,198,217,128,128,9,9,42,42,42,71,71,71],"floor_reached":45,"playtime":1491,"items_purged":[],"score":766,"play_id":"ba3002a4-4640-4cc2-862a-525a38f58309","local_time":"20201209234451","is_ascension_mode":true,"campfire_choices":[{"data":"Noxious Fumes","floor":7,"key":"SMITH"},{"data":"Noxious Fumes","floor":15,"key":"SMITH"},{"data":"Infinite Blades","floor":24,"key":"SMITH"},{"floor":27,"key":"REST"},{"floor":32,"key":"REST"},{"data":"Bouncing Flask","floor":40,"key":"SMITH"},{"floor":42,"key":"REST"}],"neow_cost":"NONE","seed_source_timestamp":19936375868900,"circlet_count":0,"master_deck":["Strike_G+1","Strike_G+1","Strike_G+1","Strike_G+1","Strike_G+1","Defend_G+1","Defend_G+1","Defend_G+1","Defend_G+1","Defend_G+1","Survivor","Neutralize","Dagger Spray","Poisoned Stab","Noxious Fumes+1","Infinite Blades+1","Poisoned Stab+1","Deadly Poison","Backflip","Flying Knee+1","Bane+1","Noxious Fumes+1","Sucker Punch+1","Corpse Explosion","Acrobatics","Accuracy","J.A.X.","Bane+1","Blade Dance","Caltrops","Cloak And Dagger+1","Deadly Poison","Accuracy","Sucker Punch+1","Accuracy","Bouncing Flask+1","Poisoned Stab+1","Bouncing Flask+1","Bouncing Flask+1","Footwork+1","Deadly Poison+1","Parasite"],"relics":["Ring of the Serpent","NeowsBlessing","Molten Egg 2","Mercury Hourglass","Prayer Wheel","Pantograph","Lantern","Sozu","Blue Candle","Meat on the Bone","Thread and Needle","HornCleat","Toxic Egg 2","Mango","Eternal Feather","Vajra"],"potions_floor_usage":[10,14,16,16],"damage_taken":[{"damage":0,"enemies":"Small Slimes","floor":1,"turns":1},{"damage":0,"enemies":"Jaw Worm","floor":2,"turns":1},{"damage":0,"enemies":"Lagavulin","floor":6,"turns":1},{"damage":6,"enemies":"Gremlin Nob","floor":8,"turns":4},{"damage":9,"enemies":"3 Sentries","floor":10,"turns":5},{"damage":0,"enemies":"2 Louse","floor":11,"turns":1},{"damage":0,"enemies":"Gremlin Nob","floor":14,"turns":2},{"damage":23,"enemies":"Hexaghost","floor":16,"turns":7},{"damage":11,"enemies":"Shell Parasite","floor":18,"turns":4},{"damage":16,"enemies":"Gremlin Leader","floor":23,"turns":4},{"damage":38,"enemies":"Book of Stabbing","floor":25,"turns":4},{"damage":8,"enemies":"Chosen","floor":29,"turns":3},{"damage":6,"enemies":"Snake Plant","floor":30,"turns":3},{"damage":25,"enemies":"Slavers","floor":31,"turns":2},{"damage":3,"enemies":"Collector","floor":33,"turns":6},{"damage":2,"enemies":"3 Darklings","floor":35,"turns":3},{"damage":0,"enemies":"3 Shapes","floor":36,"turns":3},{"damage":64,"enemies":"Reptomancer","floor":41,"turns":5},{"damage":39,"enemies":"Nemesis","floor":44,"turns":7},{"damage":50,"enemies":"Writhing Mass","floor":45,"turns":4}],"seed_played":"7729706353142835159","potions_obtained":[{"floor":2,"key":"AttackPotion"},{"floor":10,"key":"PowerPotion"},{"floor":11,"key":"AttackPotion"},{"floor":14,"key":"Regen Potion"}],"is_trial":false,"path_per_floor":["M","M","$","?","?","E","R","E","T","E","M","?","$","E","R","B",null,"M","?","?","?","?","E","R","E","T","R","$","M","M","E","R","B",null,"M","M","$","?","$","R","E","R","T","E","M"],"character_chosen":"THE_SILENT","items_purchased":["Noxious Fumes","Bane+1","Noxious Fumes","Caltrops","Bouncing Flask","Toxic Egg 2"],"campfire_rested":3,"item_purchase_floors":[3,13,13,28,37,39],"current_hp_per_floor":[70,70,70,70,70,70,70,64,64,55,55,55,55,55,55,57,70,59,59,59,59,70,54,54,16,16,37,37,41,47,34,55,67,70,68,68,68,80,80,80,42,70,70,43,0,0],"gold":71,"neow_bonus":"THREE_ENEMY_KILL","is_prod":false,"is_daily":false,"chose_seed":false,"campfire_upgraded":4,"win_rate":0,"timestamp":1607586291,"path_taken":["M","M","$","?","?","E","R","E","T","E","M","?","$","E","R","BOSS","M","?","?","?","?","E","R","E","T","R","$","M","M","E","R","BOSS","M","M","$","?","?","R","E","R","T","E","M"],"build_version":"2020-11-30","purchased_purges":0,"victory":false,"max_hp_per_floor":[70,70,70,70,70,70,70,70,70,70,70,70,70,70,70,70,70,70,70,70,70,70,70,70,70,70,70,70,70,70,70,70,70,70,70,70,70,80,80,80,94,94,94,94,94,94],"card_choices":[{"not_picked":["Quick Slash","Predator"],"picked":"Dagger Spray","floor":1},{"not_picked":["Quick Slash","Sucker Punch"],"picked":"Poisoned Stab","floor":2},{"not_picked":["Bouncing Flask","Tactician"],"picked":"Infinite Blades","floor":6},{"not_picked":["Deadly Poison","Corpse Explosion"],"picked":"Poisoned Stab+1","floor":8},{"not_picked":["Prepared","Flying Knee+1"],"picked":"Deadly Poison","floor":10},{"not_picked":["Well Laid Plans","Riddle With Holes+1"],"picked":"Backflip","floor":11},{"not_picked":["Leg Sweep","Skewer+1"],"picked":"Flying Knee+1","floor":11},{"not_picked":["Outmaneuver","Dagger Throw+1"],"picked":"Sucker Punch+1","floor":14},{"not_picked":["Wraith Form v2","Tools of the Trade"],"picked":"Corpse Explosion","floor":16},{"not_picked":["Catalyst","Setup+1"],"picked":"Acrobatics","floor":18},{"not_picked":["Dash+1","Deflect+1"],"picked":"Accuracy","floor":18},{"not_picked":["Dagger Throw+1","Dagger Spray+1"],"picked":"Bane+1","floor":23},{"not_picked":["Dagger Throw+1","Night Terror"],"picked":"Blade Dance","floor":25},{"not_picked":["Prepared+1","Dodge and Roll"],"picked":"Cloak And Dagger+1","floor":29},{"not_picked":["Flying Knee+1","Dagger Throw+1"],"picked":"Deadly Poison","floor":29},{"not_picked":["Storm of Steel","Backflip"],"picked":"Accuracy","floor":30},{"not_picked":["Endless Agony+1","Underhanded Strike+1"],"picked":"Sucker Punch+1","floor":30},{"not_picked":["Predator+1","PiercingWail","Sucker Punch+1"],"picked":"SKIP","floor":31},{"not_picked":["Burst","Unload+1"],"picked":"Glass Knife+1","floor":33},{"not_picked":["Setup","Acrobatics"],"picked":"Accuracy","floor":35},{"not_picked":["Cloak And Dagger+1","Underhanded Strike+1"],"picked":"Bouncing Flask+1","floor":35},{"not_picked":["Terror+1","Bane+1"],"picked":"Poisoned Stab+1","floor":36},{"not_picked":["Outmaneuver","Dodge and Roll"],"picked":"Bouncing Flask+1","floor":36},{"not_picked":["Adrenaline+1","Poisoned Stab+1"],"picked":"Footwork+1","floor":41},{"not_picked":["Riddle With Holes+1","Reflex+1"],"picked":"Deadly Poison+1","floor":44}],"player_experience":207487,"relics_obtained":[{"floor":6,"key":"Molten Egg 2"},{"floor":8,"key":"Mercury Hourglass"},{"floor":9,"key":"Prayer Wheel"},{"floor":10,"key":"Pantograph"},{"floor":23,"key":"Blue Candle"},{"floor":25,"key":"Meat on the Bone"},{"floor":26,"key":"Thread and Needle"},{"floor":31,"key":"HornCleat"},{"floor":41,"key":"Mango"},{"floor":43,"key":"Eternal Feather"},{"floor":44,"key":"Vajra"}],"event_choices":[{"damage_healed":17,"gold_gain":0,"player_choice":"Healed","damage_taken":0,"max_hp_gain":0,"max_hp_loss":0,"event_name":"The Cleric","floor":4,"gold_loss":35},{"damage_healed":0,"gold_gain":1,"player_choice":"1","damage_taken":0,"max_hp_gain":0,"max_hp_loss":0,"event_name":"betterStone:BetterStone","floor":5,"gold_loss":0},{"damage_healed":0,"gold_gain":30,"player_choice":"Searched \u00273\u0027 times","damage_taken":0,"relics_obtained":["Lantern"],"max_hp_gain":0,"max_hp_loss":0,"event_name":"Dead Adventurer","floor":12,"gold_loss":0},{"damage_healed":0,"gold_gain":0,"player_choice":"Obtain J.A.X.","damage_taken":0,"max_hp_gain":0,"max_hp_loss":0,"event_name":"Drug Dealer","floor":19,"gold_loss":0,"cards_obtained":["J.A.X."]},{"damage_healed":0,"gold_gain":0,"player_choice":"Ignored","damage_taken":0,"max_hp_gain":0,"max_hp_loss":0,"event_name":"Ghosts","floor":20,"gold_loss":0},{"damage_healed":0,"gold_gain":0,"player_choice":"Simplicity","damage_taken":0,"max_hp_gain":0,"max_hp_loss":10,"event_name":"betterThird:BetterWriting","floor":21,"gold_loss":0},{"damage_healed":23,"gold_gain":0,"player_choice":"Heal","damage_taken":0,"max_hp_gain":0,"max_hp_loss":0,"event_name":"The Library","floor":22,"gold_loss":0},{"cards_removed":["Glass Knife"],"damage_healed":2,"gold_gain":0,"player_choice":"Offered Rare","damage_taken":0,"max_hp_gain":10,"max_hp_loss":0,"event_name":"Bonfire Elementals","floor":38,"gold_loss":0}],"is_beta":false,"boss_relics":[{"not_picked":["Tiny House","SlaversCollar"],"picked":"Sozu"},{"not_picked":["Snecko Eye","Fusion Hammer"],"picked":"Ring of the Serpent"}],"items_purged_floors":[],"is_endless":false,"potions_floor_spawned":[2,10,11,14,23,25,29,36,41],"killed_by":"Writhing Mass","ascension_level":2}}