{"host":"981nlwu0905dw1bz","time":1607583322,"event":{"gold_per_floor":[218,218,234,248,248,248,275,275,299,312,312,16,32,44,44,44,44],"floor_reached":16,"playtime":399,"items_purged":["Accuracy"],"score":153,"play_id":"32267508-4746-4bdc-982f-b1c2a3308a72","local_time":"20201210155522","is_ascension_mode":true,"campfire_choices":[{"floor":6,"key":"REST"},{"floor":11,"key":"REST"},{"data":"Catalyst","floor":15,"key":"SMITH"}],"neow_cost":"NONE","seed_source_timestamp":6460153079300,"circlet_count":0,"master_deck":["AscendersBane","Strike_G","Strike_G","Strike_G","Strike_G+1","Strike_G","Defend_G+1","Defend_G","Defend_G","Defend_G","Defend_G","Survivor","Neutralize","All Out Attack","Neutralize","Slice","Dagger Throw","Crippling Poison","Deadly Poison","Blur","Catalyst+1"],"relics":["Ring of the Snake","PreservedInsect","HornCleat","Oddly Smooth Stone","MealTicket"],"potions_floor_usage":[],"damage_taken":[{"damage":0,"enemies":"2 Louse","floor":1,"turns":5},{"damage":0,"enemies":"Cultist","floor":3,"turns":4},{"damage":0,"enemies":"Jaw Worm","floor":4,"turns":3},{"damage":34,"enemies":"Lagavulin","floor":7,"turns":7},{"damage":0,"enemies":"3 Louse","floor":10,"turns":3},{"damage":2,"enemies":"Looter","floor":13,"turns":4},{"damage":12,"enemies":"Lots of Slimes","floor":14,"turns":3},{"damage":46,"enemies":"Slime Boss","floor":16,"turns":10}],"seed_played":"-5451421548178060292","potions_obtained":[{"floor":1,"key":"DuplicationPotion"},{"floor":13,"key":"Strength Potion"},{"floor":14,"key":"CultistPotion"}],"is_trial":false,"path_per_floor":["M","?","M","M","?","R","E","?","T","M","R","$","M","M","R","B"],"character_chosen":"THE_SILENT","items_purchased":["Blur","MealTicket"],"campfire_rested":2,"item_purchase_floors":[12,12],"current_hp_per_floor":[63,63,63,63,49,70,36,36,36,36,57,57,55,43,43,0,0],"gold":44,"neow_bonus":"HUNDRED_GOLD","is_prod":false,"is_daily":false,"chose_seed":false,"campfire_upgraded":1,"win_rate":0,"timestamp":1607583322,"path_taken":["M","?","M","?","?","R","E","?","T","M","R","$","M","M","R","BOSS"],"build_version":"2020-11-30","purchased_purges":1,"victory":false,"max_hp_per_floor":[70,70,70,70,70,70,70,70,70,70,70,70,70,70,70,70,70],"card_choices":[{"not_picked":["Heel Hook","Backflip"],"picked":"All Out Attack","floor":1},{"not_picked":["Slice","Bane"],"picked":"Dagger Throw","floor":3},{"not_picked":["Backflip","Dagger Spray"],"picked":"Accuracy","floor":4},{"not_picked":["Masterful Stab","Grand Finale"],"picked":"Crippling Poison","floor":7},{"not_picked":["PiercingWail","Poisoned Stab"],"picked":"Deadly Poison","floor":10},{"not_picked":["All Out Attack","Flying Knee","Skewer"],"picked":"SKIP","floor":13},{"not_picked":["Sucker Punch","Deadly Poison"],"picked":"Catalyst","floor":14}],"player_experience":424919,"relics_obtained":[{"floor":7,"key":"PreservedInsect"},{"floor":9,"key":"Oddly Smooth Stone"}],"event_choices":[{"damage_healed":0,"gold_gain":0,"player_choice":"2 cards matched","damage_taken":0,"max_hp_gain":0,"max_hp_loss":0,"event_name":"Match and Keep!","floor":2,"gold_loss":0,"cards_obtained":["Neutralize","Slice"]},{"damage_healed":0,"gold_gain":0,"player_choice":"Entered Light","damage_taken":14,"max_hp_gain":0,"max_hp_loss":0,"event_name":"Shining Light","floor":5,"gold_loss":0,"cards_upgraded":["Defend_G","Strike_G"]},{"damage_healed":0,"gold_gain":0,"player_choice":"Gave Potion","damage_taken":0,"relics_obtained":["HornCleat"],"max_hp_gain":0,"max_hp_loss":0,"event_name":"WeMeetAgain","floor":8,"gold_loss":0}],"is_beta":false,"boss_relics":[],"items_purged_floors":[12],"is_endless":false,"potions_floor_spawned":[1,13,14],"killed_by":"Slime Boss","ascension_level":10}}