{"host":"e0kes70z4atl8xdk","time":1607611330,"event":{"mods":["BaseMod","Colored Map","Colored Powertips","Minty Spire (QoL Compilation)","Rare Cards Sparkle","Relic Stats"],"gold_per_floor":[112,129,140,140,90,90,118,118,118,118,138,152,182,199,199,297,297,315,333,333,333],"floor_reached":20,"playtime":1350,"items_purged":[],"score":233,"play_id":"1a5c36d8-a33e-4397-9e12-2f1b81f1f4e5","local_time":"20201210154210","is_ascension_mode":true,"campfire_choices":[{"data":"Anger","floor":6,"key":"SMITH"},{"data":"Cleave","floor":8,"key":"SMITH"},{"data":"Armaments","floor":15,"key":"SMITH"}],"circlet_count":0,"master_deck":["Strike_R","Strike_R","Strike_R","Strike_R","Defend_R","Defend_R","Defend_R","Defend_R","Bash","Anger+1","Cleave+1","Headbutt","Wild Strike+1","Barricade","Ghostly Armor","Armaments+1","Entrench","Corruption","Body Slam+1"],"relics":["Burning Blood","Molten Egg 2","Potion Belt","Kunai","Calipers","SlaversCollar"],"acts_visited":["Exordium","TheCity"],"potions_floor_usage":[7,12,12,18],"damage_taken":[{"damage":6,"enemies":"Cultist","floor":1,"turns":4},{"damage":2,"enemies":"2 Louse","floor":2,"turns":2},{"damage":0,"enemies":"Small Slimes","floor":3,"turns":2},{"damage":20,"enemies":"3 Sentries","floor":7,"turns":3},{"damage":0,"enemies":"2 Fungi Beasts","floor":11,"turns":2},{"damage":10,"enemies":"Lots of Slimes","floor":12,"turns":2},{"damage":8,"enemies":"Gremlin Nob","floor":13,"turns":3},{"damage":8,"enemies":"Blue Slaver","floor":14,"turns":2},{"damage":29,"enemies":"Hexaghost","floor":16,"turns":15},{"damage":37,"enemies":"2 Thieves","floor":18,"turns":5},{"damage":27,"enemies":"Spheric Guardian","floor":19,"turns":7},{"damage":0,"enemies":"Cultist and Chosen","floor":20,"turns":3}],"seed_played":"-1757456957186257143","potions_obtained":[{"floor":1,"key":"ColorlessPotion"},{"floor":7,"key":"DistilledChaos"},{"floor":11,"key":"Weak Potion"},{"floor":16,"key":"LiquidBronze"},{"floor":18,"key":"Strength Potion"}],"is_trial":false,"path_per_floor":["M","M","M","?","?","R","E","R","T","?","M","M","E","M","R","B",null,"M","M","M"],"character_chosen":"IRONCLAD","items_purchased":[],"campfire_rested":0,"item_purchase_floors":[],"current_hp_per_floor":[80,80,80,80,80,80,66,66,66,59,65,61,59,57,57,34,69,38,17,17,17],"gold":333,"neow_bonus":"THREE_CARDS","is_daily":false,"chose_seed":false,"campfire_upgraded":3,"win_rate":0,"timestamp":1607611330,"path_taken":["M","M","M","?","?","R","E","R","T","?","M","M","E","M","R","BOSS","M","M","M"],"build_version":"2020-11-30","purchased_purges":0,"victory":false,"max_hp_per_floor":[80,80,80,80,80,80,80,80,80,80,80,80,80,80,80,80,80,80,80,80,80],"relic_stats":{"counters":[12,50],"Kunai":[12],"obtain_stats":[{"Potion Belt":9,"SlaversCollar":17,"Calipers":13,"Molten Egg 2":7,"Kunai":10,"Burning Blood":0},{"Potion Belt":4,"SlaversCollar":9,"Calipers":7,"Molten Egg 2":4,"Kunai":4,"Burning Blood":0},{"Potion Belt":11,"SlaversCollar":35,"Calipers":18,"Molten Egg 2":11,"Kunai":11,"Burning Blood":0}],"Burning Blood":56},"card_choices":[{"not_picked":["Sever Soul","Armaments"],"picked":"Anger","floor":1},{"not_picked":["Thunderclap","True Grit"],"picked":"Cleave","floor":2},{"not_picked":["Anger","Body Slam"],"picked":"Headbutt","floor":3},{"not_picked":["Sword Boomerang+1","Combust"],"picked":"Wild Strike+1","floor":7},{"not_picked":["Thunderclap+1","Dark Embrace"],"picked":"Barricade","floor":11},{"not_picked":["Havoc","Heavy Blade+1"],"picked":"Ghostly Armor","floor":12},{"not_picked":["Searing Blow+1","Wild Strike+1"],"picked":"Armaments","floor":13},{"not_picked":["Cleave+1","Heavy Blade+1"],"picked":"Entrench","floor":14},{"not_picked":["Fiend Fire+1","Immolate+1"],"picked":"Corruption","floor":16},{"not_picked":["Perfected Strike+1","Whirlwind+1","Clothesline+1"],"picked":"SKIP","floor":18},{"not_picked":["Anger+1","Power Through"],"picked":"Body Slam+1","floor":19}],"player_experience":176174,"relics_obtained":[{"floor":7,"key":"Molten Egg 2"},{"floor":9,"key":"Potion Belt"},{"floor":13,"key":"Calipers"}],"event_choices":[{"damage_healed":0,"gold_gain":0,"player_choice":"Ignored","damage_taken":0,"max_hp_gain":0,"max_hp_loss":0,"event_name":"Shining Light","floor":4,"gold_loss":0},{"cards_removed":["Strike_R"],"damage_healed":0,"gold_gain":0,"player_choice":"Card Removal","damage_taken":0,"max_hp_gain":0,"max_hp_loss":0,"event_name":"The Cleric","floor":5,"gold_loss":50},{"damage_healed":0,"gold_gain":0,"player_choice":"Success","damage_taken":7,"relics_obtained":["Kunai"],"max_hp_gain":0,"max_hp_loss":0,"event_name":"Scrap Ooze","floor":10,"gold_loss":0}],"is_beta":false,"boss_relics":[{"not_picked":["Black Blood","Runic Cube"],"picked":"SlaversCollar"}],"items_purged_floors":[],"is_endless":false,"potions_floor_spawned":[1,7,11,16,18],"killed_by":"Cultist and Chosen","ascension_level":5}}