{"host":"r53pw7z744tg3fxg","time":1607629755,"event":{"mods":["BaseMod","Colored Map","Colored Powertips","Highlight Path","Minty Spire (QoL Compilation)","Transform Curses","AchievementEnabler","Quick Restart"],"gold_per_floor":[114,131,144,144,144,177,197,227,227,19,37,71,71,36,36,139,139,152,152,152,172,24,57,57,77,125,125,173,203,203,215,215,215,215],"floor_reached":33,"playtime":1301,"items_purged":["Regret"],"score":454,"play_id":"b644c1cc-93ab-4eee-8d62-9c7d1be3b690","local_time":"20201210124915","is_ascension_mode":true,"campfire_choices":[{"floor":13.0,"key":"REST"},{"data":"Eruption","floor":15.0,"key":"SMITH"},{"data":"BattleHymn","floor":24,"key":"SMITH"},{"data":"Dramatic Entrance","floor":27,"key":"SMITH"},{"floor":32,"key":"REST"}],"circlet_count":0,"master_deck":["Strike_P","Strike_P","Strike_P","Strike_P","Defend_P","Defend_P+1","Defend_P+1","Defend_P","Eruption+1","Vigilance+1","Dramatic Entrance+1","BowlingBash","ClearTheMind+1","EmptyBody","BattleHymn+1","LessonLearned","FlurryOfBlows+1","PathToVictory","Judgement","FearNoEvil","FollowUp+1","DeusExMachina","Consecrate","Adaptation+1","Evaluate+1","Protect","EmptyFist+1","CarveReality+1","WheelKick","Ragnarok"],"special_seed":0,"relics":["HolyWater","Lizard Tail","Happy Flower","Shuriken","Frozen Egg 2","Membership Card","FossilizedHelix","MutagenicStrength","Orrery","Nunchaku","Bottled Tornado","Omamori","War Paint","Orichalcum"],"acts_visited":["TheCity"],"potions_floor_usage":[21,23,29,29,31],"damage_taken":[{"damage":0.0,"enemies":"Cultist","floor":1.0,"turns":2.0},{"damage":2.0,"enemies":"Jaw Worm","floor":2.0,"turns":2.0},{"damage":0.0,"enemies":"Small Slimes","floor":3.0,"turns":2.0},{"damage":41.0,"enemies":"3 Sentries","floor":6.0,"turns":6.0},{"damage":0.0,"enemies":"2 Fungi Beasts","floor":7.0,"turns":2.0},{"damage":35.0,"enemies":"Gremlin Nob","floor":8.0,"turns":3.0},{"damage":7.0,"enemies":"Looter","floor":11.0,"turns":4.0},{"damage":15.0,"enemies":"3 Sentries","floor":12.0,"turns":5.0},{"damage":0.0,"enemies":"Slime Boss","floor":16.0,"turns":5.0},{"damage":0.0,"enemies":"2 Thieves","floor":18.0,"turns":2.0},{"damage":0,"enemies":"Chosen","floor":21,"turns":2},{"damage":0,"enemies":"Gremlin Leader","floor":23,"turns":4},{"damage":17,"enemies":"Centurion and Healer","floor":25,"turns":3},{"damage":21,"enemies":"Slavers","floor":29,"turns":2},{"damage":18,"enemies":"Snake Plant","floor":31,"turns":3},{"damage":36,"enemies":"Automaton","floor":33,"turns":6}],"seed_played":"-3147716037245816227","potions_obtained":[{"floor":1.0,"key":"FairyPotion"},{"floor":6.0,"key":"LiquidBronze"},{"floor":11.0,"key":"Weak Potion"},{"floor":12.0,"key":"ColorlessPotion"},{"floor":18.0,"key":"Strength Potion"},{"floor":23,"key":"PowerPotion"},{"floor":29,"key":"Dexterity Potion"}],"is_trial":false,"path_per_floor":["M","M","M","?","?","E","M","E","T","$","M","E","R","?","R","B",null,"M","?","?","M","$","E","R","M","T","R","T","E","?","M","R","B"],"character_chosen":"WATCHER","items_purchased":["Membership Card","FlurryOfBlows","Orrery","Nunchaku"],"campfire_rested":2,"item_purchase_floors":[10,10,22,22],"current_hp_per_floor":[72,70,70,70,70,29,29,21,21,21,14,36,57,72,72,72,72,72,72,72,72,72,72,72,55,55,55,55,34,21,3,26,0,0],"gold":215,"neow_bonus":"RANDOM_COLORLESS","is_daily":false,"chose_seed":false,"campfire_upgraded":3,"win_rate":0,"timestamp":1607629755,"path_taken":["M","M","M","?","?","E","M","E","T","?","M","E","R","?","R","BOSS","M","?","?","M","$","E","R","?","T","R","?","E","?","M","R","BOSS"],"build_version":"2020-11-30","purchased_purges":1,"victory":false,"max_hp_per_floor":[72,72,72,72,72,72,72,72,72,72,72,72,72,72,72,72,72,72,72,72,72,72,72,72,72,72,72,72,72,77,77,77,77,77],"card_choices":[{"not_picked":["Good Instincts","Discovery"],"picked":"Dramatic Entrance","floor":0.0},{"not_picked":["MentalFortress","Prostrate"],"picked":"BowlingBash","floor":1.0},{"not_picked":["SashWhip","FlurryOfBlows"],"picked":"ClearTheMind","floor":2.0},{"not_picked":["EmptyFist","JustLucky"],"picked":"EmptyBody","floor":3.0},{"not_picked":["Evaluate","EmptyMind"],"picked":"BattleHymn","floor":6.0},{"not_picked":["Sanctity","BattleHymn"],"picked":"LessonLearned","floor":7.0},{"not_picked":["Worship","EmptyMind","Pray"],"picked":"SKIP","floor":8.0},{"not_picked":["ClearTheMind","SashWhip"],"picked":"PathToVictory","floor":11.0},{"not_picked":["FlurryOfBlows","FlyingSleeves","Fasting2+1"],"picked":"SKIP","floor":12.0},{"not_picked":["ConjureBlade","Brilliance"],"picked":"Judgement","floor":16.0},{"not_picked":["CrushJoints","Collect+1"],"picked":"FearNoEvil","floor":18.0},{"not_picked":["Collect+1","FlurryOfBlows"],"picked":"FollowUp+1","floor":21},{"not_picked":["EmptyBody","FearNoEvil"],"picked":"DeusExMachina","floor":22},{"not_picked":["PathToVictory","FollowUp"],"picked":"Consecrate","floor":22},{"not_picked":["EmptyMind","BowlingBash+1"],"picked":"Adaptation+1","floor":22},{"not_picked":["Halt","Prostrate"],"picked":"Evaluate","floor":22},{"not_picked":["SashWhip","Wallop"],"picked":"Protect","floor":22},{"not_picked":["JustLucky","Protect+1"],"picked":"EmptyFist+1","floor":23},{"not_picked":["SignatureMove","SashWhip"],"picked":"CarveReality+1","floor":25},{"not_picked":["BattleHymn+1","CrushJoints"],"picked":"WheelKick","floor":29},{"not_picked":["EmptyFist","InnerPeace+1"],"picked":"Ragnarok","floor":31}],"player_experience":1087891,"relics_obtained":[{"floor":6.0,"key":"Happy Flower"},{"floor":8.0,"key":"Shuriken"},{"floor":9.0,"key":"Frozen Egg 2"},{"floor":12.0,"key":"FossilizedHelix"},{"floor":23,"key":"Bottled Tornado"},{"floor":26,"key":"Omamori"},{"floor":28,"key":"War Paint"},{"floor":29,"key":"Orichalcum"}],"event_choices":[{"damage_healed":0.0,"max_hp_gain":0.0,"max_hp_loss":0.0,"gold_gain":0.0,"event_name":"Liars Game","player_choice":"Ignored","floor":4.0,"gold_loss":0.0,"damage_taken":0.0},{"damage_healed":0.0,"max_hp_gain":0.0,"max_hp_loss":0.0,"gold_gain":0.0,"event_name":"Big Fish","player_choice":"Box","floor":5.0,"gold_loss":0.0,"damage_taken":0.0,"relics_obtained":["Lizard Tail"],"cards_obtained":["Regret"]},{"damage_healed":18.0,"max_hp_gain":0.0,"max_hp_loss":0.0,"gold_gain":0.0,"event_name":"The Cleric","player_choice":"Healed","floor":14.0,"gold_loss":35.0,"damage_taken":0.0},{"damage_healed":0.0,"max_hp_gain":0.0,"max_hp_loss":0.0,"gold_gain":0.0,"event_name":"Drug Dealer","player_choice":"Inject Mutagens","floor":19.0,"gold_loss":0.0,"damage_taken":0.0,"relics_obtained":["MutagenicStrength"]},{"damage_healed":0.0,"max_hp_gain":0.0,"max_hp_loss":0.0,"gold_gain":0.0,"event_name":"The Woman in Blue","player_choice":"Bought 0 Potions","floor":20.0,"gold_loss":0.0,"damage_taken":0.0},{"damage_healed":0,"gold_gain":0,"player_choice":"Shed Blood","damage_taken":18,"max_hp_gain":5,"max_hp_loss":0,"event_name":"Forgotten Altar","floor":30,"gold_loss":0}],"is_beta":false,"boss_relics":[{"not_picked":["Astrolabe","Pandora\u0027s Box"],"picked":"HolyWater"}],"items_purged_floors":[10],"is_endless":false,"potions_floor_spawned":[1,6,11,12,18,23,29],"killed_by":"Automaton","ascension_level":4}}