{"host":"6z6y4ky8uzsz1dpj","time":1607611909,"event":{"gold_per_floor":[119,132,102,124,299,299,299,330,330,330,350,49,44,82,82,178,178,193,63,114,144,156,168,168,231,231,261,284,349,349,53,53,205,205,273,339,37,119,119,224,326,326,326,126,110,110],"floor_reached":45,"playtime":2233,"items_purged":["hierophant:Strike_Hierophant"],"score":720,"play_id":"c163bc23-e28b-4b33-ad4b-e86471827567","local_time":"20201210095149","is_ascension_mode":true,"campfire_choices":[{"data":"hierophant:Charity","floor":6.0,"key":"SMITH"},{"data":"hierophant:Charity","floor":10.0,"key":"SMITH"},{"data":"hierophant:PristineSoul","floor":15.0,"key":"SMITH"},{"data":"hierophant:CursedGold","floor":24.0,"key":"SMITH"},{"floor":30.0,"key":"REST"},{"floor":32.0,"key":"REST"},{"data":"hierophant:Generosity","floor":42.0,"key":"SMITH"}],"neow_cost":"","seed_source_timestamp":345655996744500,"circlet_count":0,"master_deck":["hierophant:Strike_Hierophant+1","hierophant:Strike_Hierophant","hierophant:Punish","hierophant:Defend_Hierophant","hierophant:Defend_Hierophant","hierophant:Defend_Hierophant","hierophant:Defend_Hierophant","hierophant:ChurchCoffers","hierophant:PristineSoul+1","hierophant:RustyCrate","hierophant:Doubloon","hierophant:Doubloon","hierophant:Doubloon","hierophant:Charity+1","Doubt","hierophant:Doubloon+1","hierophant:Charity+1","hierophant:Doubloon+1","hierophant:Charity+1","hierophant:OrnateBuckler","hierophant:AuricForm","hierophant:PristineSoul+1","hierophant:CursedGold+1","hierophant:Doubloon","hierophant:Repentance","hierophant:Repentance","hierophant:Smite+1","hierophant:Doubloon","hierophant:Remorse+1","hierophant:Repentance","hierophant:Doubloon+1","hierophant:Charity","hierophant:Doubloon","hierophant:Dazzle","hierophant:EyeForCoin+1","hierophant:MintersHammer","hierophant:Doubloon+1","hierophant:Doubloon+1","hierophant:Generosity+1","hierophant:Doubloon+1","hierophant:OrnateBuckler","hierophant:OrnateBuckler","hierophant:Doubloon+1","hierophant:Doubloon+1","hierophant:CoinFling+1","hierophant:Refuge","hierophant:Doubloon","hierophant:Doubloon"],"special_seed":0,"relics":["hierophant:PropheticMaskRelic","Matryoshka","Art of War","DollysMirror","Tiny Chest","Painkiller Herb","Oddly Smooth Stone","Whetstone","Orichalcum","Du-Vu Doll","hubris:Zylophone","Strange Spoon","hubris:VirtuousBlindfold","hubris:BottledRain","hubris:Towel","hubris:CuriousFeather","Prayer Wheel","ReplayFunnel"],"potions_floor_usage":[],"damage_taken":[{"damage":1.0,"enemies":"Cultist","floor":1.0,"turns":3.0},{"damage":0.0,"enemies":"Jaw Worm","floor":2.0,"turns":3.0},{"damage":8.0,"enemies":"2 Louse","floor":4.0,"turns":2.0},{"damage":0.0,"enemies":"Lots of Slimes","floor":8.0,"turns":1.0},{"damage":9.0,"enemies":"3 Sentries","floor":11.0,"turns":2.0},{"damage":10.0,"enemies":"Looter","floor":13.0,"turns":3.0},{"damage":0.0,"enemies":"Gremlin Nob","floor":14.0,"turns":2.0},{"damage":8.0,"enemies":"Fading Forest","floor":16.0,"turns":11.0},{"damage":0.0,"enemies":"3 Byrds","floor":18.0,"turns":1.0},{"damage":6.0,"enemies":"Spheric Guardian","floor":20.0,"turns":3.0},{"damage":15.0,"enemies":"Centurion and Healer","floor":21.0,"turns":4.0},{"damage":0.0,"enemies":"Cultist and Chosen","floor":22.0,"turns":4.0},{"damage":33.0,"enemies":"Slavers","floor":23.0,"turns":4.0},{"damage":1.0,"enemies":"Gremlin Leader","floor":25.0,"turns":5.0},{"damage":16.0,"enemies":"Slavers","floor":27.0,"turns":2.0},{"damage":0.0,"enemies":"Snake Plant","floor":28.0,"turns":2.0},{"damage":0.0,"enemies":"Chosen and Byrds","floor":29.0,"turns":3.0},{"damage":25.0,"enemies":"hubris:MusketHawk","floor":33.0,"turns":5.0},{"damage":3.0,"enemies":"3 Shapes","floor":35.0,"turns":3.0},{"damage":0.0,"enemies":"Orb Walker","floor":36.0,"turns":4.0},{"damage":0.0,"enemies":"Maw","floor":38.0,"turns":5.0},{"damage":22.0,"enemies":"Jaw Worm Horde","floor":40.0,"turns":2.0},{"damage":44.0,"enemies":"Reptomancer","floor":41.0,"turns":4.0},{"damage":40,"enemies":"Writhing Mass","floor":45,"turns":3}],"seed_played":"5985783095384127290","potions_obtained":[{"floor":2.0,"key":"Milkshake"},{"floor":3.0,"key":"EssenceOfSteel"},{"floor":3.0,"key":"Regen Potion"},{"floor":4.0,"key":"Weak Potion"},{"floor":8.0,"key":"DistilledChaos"},{"floor":13.0,"key":"Adrenaline Potion"},{"floor":21.0,"key":"Weak Potion"},{"floor":27.0,"key":"DistilledChaos"},{"floor":33.0,"key":"Strength Potion"},{"floor":35.0,"key":"BlessingOfTheForge"},{"floor":36.0,"key":"PowerPotion"},{"floor":41.0,"key":"Explosive Potion"}],"is_trial":false,"path_per_floor":["M","M","?","M","?","R","?","M","T","R","E","$","M","E","R","B",null,"?","T","?","?","?","E","T","E","T","E","?","?","T","T","T","B",null,"?","?","T","?","?","?","E","T","T","T","?"],"character_chosen":"HIEROPHANT","items_purchased":["Art of War","DollysMirror","hierophant:CursedGold","hierophant:Repentance","Strange Spoon","hierophant:MintersHammer","hierophant:OrnateBuckler","hubris:BottledRain","hierophant:Refuge","hierophant:Doubloon"],"campfire_rested":2,"item_purchase_floors":[12,12,19,19,31,31,37,37,44,44],"current_hp_per_floor":[74,74,74,66,66,66,66,66,66,66,57,57,47,47,47,74,75,75,75,69,54,54,21,21,20,20,4,4,4,26,26,48,23,75,72,75,75,75,75,53,15,21,27,33,0,0],"gold":110,"neow_bonus":"","is_prod":false,"is_daily":false,"chose_seed":false,"campfire_upgraded":5,"win_rate":0,"timestamp":1607611909,"path_taken":["M","M","?","?","?","R","?","?","T","R","E","$","M","E","R","BOSS","?","T","?","?","?","E","T","E","T","E","?","?","T","T","T","BOSS","?","?","T","?","?","?","E","T","T","T","?"],"build_version":"2020-11-30","purchased_purges":1,"victory":false,"max_hp_per_floor":[75,75,75,75,75,75,75,75,75,75,75,75,75,75,75,75,75,75,75,75,75,75,75,75,75,75,75,75,75,75,75,75,75,75,75,75,75,75,75,75,75,75,75,75,75,75],"card_choices":[{"not_picked":["hierophant:SolarFlare","hierophant:FlamingChariot"],"picked":"hierophant:PristineSoul","floor":1.0},{"not_picked":["hierophant:Smite","hierophant:RepressedViolence"],"picked":"hierophant:RustyCrate","floor":2.0},{"not_picked":["hierophant:Sermon","hierophant:Upheaval"],"picked":"hierophant:Charity","floor":4.0},{"not_picked":["hierophant:Remorse","hierophant:Zeal"],"picked":"hierophant:Charity","floor":8.0},{"not_picked":["hierophant:SealAway","hierophant:FieryStrike","hierophant:RepressedViolence"],"picked":"SKIP","floor":11.0},{"not_picked":["hierophant:ConvertCurrency","hierophant:Mercenaries"],"picked":"hierophant:OrnateBuckler","floor":13.0},{"not_picked":["hierophant:Empathy","hierophant:CoinFling","hierophant:Martyrdom"],"picked":"SKIP","floor":14.0},{"not_picked":["hierophant:DivineIntervention","hierophant:Levitation"],"picked":"hierophant:AuricForm","floor":16.0},{"not_picked":["hierophant:AuricBeam","hierophant:Mercenaries"],"picked":"hierophant:PristineSoul+1","floor":18.0},{"not_picked":["hierophant:PassingBell","hierophant:MirrorShield"],"picked":"hierophant:Smite","floor":20.0},{"not_picked":["hierophant:Shelter","hierophant:Zeal","hierophant:Sermon"],"picked":"SKIP","floor":21.0},{"not_picked":["hierophant:RepressedViolence","hierophant:DisplayOfPower"],"picked":"hierophant:Remorse+1","floor":22.0},{"not_picked":["hierophant:FaithHealing+1","hierophant:Zeal+1"],"picked":"hierophant:Repentance","floor":23.0},{"not_picked":["hierophant:SealAway+1","hierophant:Glossolalia"],"picked":"hierophant:Charity","floor":25.0},{"not_picked":["hierophant:Embezzle","hierophant:SecretStash","hierophant:Zeal"],"picked":"SKIP","floor":27.0},{"not_picked":["hierophant:Prophecy","hierophant:ThreeLashes"],"picked":"hierophant:Dazzle","floor":28.0},{"not_picked":["hierophant:DisplayOfPower+1","hierophant:Alms"],"picked":"hierophant:EyeForCoin+1","floor":29.0},{"not_picked":["hierophant:DivineIntervention","hierophant:LocustPlague"],"picked":"hierophant:Generosity","floor":33.0},{"not_picked":["hierophant:Glossolalia+1","hierophant:FlamingChariot+1","hierophant:Prophecy+1"],"picked":"SKIP","floor":35.0},{"not_picked":["hierophant:Shelter","hierophant:HolyVerse"],"picked":"hierophant:OrnateBuckler","floor":36.0},{"not_picked":["hierophant:Chorus+1","hierophant:Shelter","hierophant:AuricShield"],"picked":"SKIP","floor":38.0},{"not_picked":["hierophant:HammerAndAnvil","hierophant:SealAway"],"picked":"hierophant:CoinFling+1","floor":40.0},{"not_picked":["hierophant:Shelter","hierophant:BulkyChest","hierophant:FlamingChariot"],"picked":"SKIP","floor":41.0}],"player_experience":165825,"relics_obtained":[{"floor":11.0,"key":"Matryoshka"},{"floor":14.0,"key":"Tiny Chest"},{"floor":23.0,"key":"Oddly Smooth Stone"},{"floor":25.0,"key":"Whetstone"},{"floor":26.0,"key":"Orichalcum"},{"floor":26.0,"key":"Du-Vu Doll"},{"floor":27.0,"key":"hubris:Zylophone"},{"floor":41.0,"key":"hubris:CuriousFeather"},{"floor":43.0,"key":"Prayer Wheel"},{"floor":43.0,"key":"ReplayFunnel"}],"event_choices":[{"damage_healed":0.0,"max_hp_gain":0.0,"max_hp_loss":0.0,"gold_gain":0.0,"event_name":"The Woman in Blue","player_choice":"Bought 2 Potions","floor":3.0,"gold_loss":0.0,"damage_taken":0.0},{"damage_healed":0.0,"max_hp_gain":0.0,"max_hp_loss":0.0,"gold_gain":175.0,"event_name":"Liars Game","player_choice":"AGREE","floor":5.0,"gold_loss":0.0,"damage_taken":0.0,"cards_obtained":["Doubt"]},{"cards_removed":["hierophant:Strike_Hierophant"],"damage_healed":0.0,"max_hp_gain":0.0,"max_hp_loss":0.0,"gold_gain":0.0,"event_name":"Bonfire Elementals","player_choice":"Offered Basic","floor":7.0,"gold_loss":0.0,"damage_taken":0.0}],"is_beta":false,"boss_relics":[{"not_picked":["hubris:BlackHole","ChewingGum"],"picked":"Painkiller Herb"},{"not_picked":["Velvet Choker","Empty Cage"],"picked":"hubris:VirtuousBlindfold"}],"items_purged_floors":[44],"is_endless":false,"potions_floor_spawned":[2,4,8,13,21,27,33,35,36,41],"killed_by":"Writhing Mass","ascension_level":1}}