{"host":"c6u7e77myxvw4d0m","time":1607642659,"event":{"mods":["AchievementEnabler","BaseMod","Colored Map","Colored Powertips","Minty Spire (QoL Compilation)","Rare Cards Sparkle","Relic Stats","everything is the same but u backflip on backflip"],"gold_per_floor":[117,136,136,151,169,183,196,211,211,41,41,72,72,87,87,182,182,192,202,202,202,220,220,137,156,183,133,148,175,185,200,200,297,297,315,329,329,346,346,346],"floor_reached":39,"playtime":3815,"items_purged":["Strike_G","Writhe"],"score":555,"play_id":"b2ec4ca1-28c7-444d-b5e9-becdbcd0f3f5","local_time":"20201211012419","is_ascension_mode":true,"campfire_choices":[{"data":"Deadly Poison","floor":11.0,"key":"SMITH"},{"data":"Burst","floor":13.0,"key":"SMITH"},{"data":"Noxious Fumes","floor":15.0,"key":"SMITH"},{"floor":23.0,"key":"REST"},{"floor":32.0,"key":"REST"}],"circlet_count":0,"master_deck":["Strike_G","Strike_G","Strike_G","Strike_G","Defend_G","Defend_G","Defend_G","Defend_G","Defend_G","Survivor","Neutralize+1","Backflip","Crippling Poison","Bane","Escape Plan","Deadly Poison+1","Dash","Noxious Fumes+1","Burst+1","Corpse Explosion","Blur","Tactician+1","Escape Plan+1","Caltrops","Acrobatics","Outmaneuver+1","PiercingWail+1","After Image","Prepared+1","Bandage Up"],"relics":["Ring of the Snake","Smiling Mask","Gambling Chip","Snecko Eye","Darkstone Periapt","Vajra","Bag of Marbles","HoveringKite"],"acts_visited":["Exordium","TheCity","TheBeyond"],"potions_floor_usage":[],"damage_taken":[{"damage":1.0,"enemies":"Jaw Worm","floor":1.0,"turns":5.0},{"damage":0.0,"enemies":"Cultist","floor":2.0,"turns":6.0},{"damage":0.0,"enemies":"2 Louse","floor":4.0,"turns":3.0},{"damage":8.0,"enemies":"2 Fungi Beasts","floor":5.0,"turns":3.0},{"damage":5.0,"enemies":"Exordium Wildlife","floor":6.0,"turns":4.0},{"damage":0.0,"enemies":"Looter","floor":7.0,"turns":4.0},{"damage":0.0,"enemies":"Exordium Thugs","floor":8.0,"turns":4.0},{"damage":22.0,"enemies":"Gremlin Nob","floor":12.0,"turns":4.0},{"damage":0.0,"enemies":"2 Fungi Beasts","floor":14.0,"turns":4.0},{"damage":33.0,"enemies":"Slime Boss","floor":16.0,"turns":9.0},{"damage":2.0,"enemies":"Chosen","floor":18.0,"turns":3.0},{"damage":29.0,"enemies":"3 Byrds","floor":19.0,"turns":3.0},{"damage":6.0,"enemies":"Snecko","floor":22.0,"turns":4.0},{"damage":0.0,"enemies":"Cultist and Chosen","floor":25.0,"turns":4.0},{"damage":0.0,"enemies":"3 Cultists","floor":28.0,"turns":2.0},{"damage":3.0,"enemies":"Book of Stabbing","floor":29.0,"turns":5.0},{"damage":0.0,"enemies":"Centurion and Healer","floor":30.0,"turns":3.0},{"damage":0.0,"enemies":"Shelled Parasite and Fungi","floor":31.0,"turns":3.0},{"damage":31.0,"enemies":"Champ","floor":33.0,"turns":10.0},{"damage":0.0,"enemies":"3 Shapes","floor":35.0,"turns":2.0},{"damage":0.0,"enemies":"3 Darklings","floor":36.0,"turns":3.0},{"damage":33.0,"enemies":"Transient","floor":38.0,"turns":5.0},{"damage":43,"enemies":"Sphere and 2 Shapes","floor":39,"turns":4}],"seed_played":"800813472076494958","potions_obtained":[{"floor":4.0,"key":"DistilledChaos"},{"floor":6.0,"key":"Energy Potion"},{"floor":7.0,"key":"Swift Potion"},{"floor":8.0,"key":"Strength Potion"},{"floor":16.0,"key":"CultistPotion"},{"floor":18.0,"key":"Energy Potion"}],"is_trial":false,"path_per_floor":["M","M","?","M","M","M","M","M","T","$","R","E","R","M","R","B",null,"M","M","?","?","M","R","$","M","T","?","M","E","M","M","R","B",null,"M","M","?","M","M"],"character_chosen":"THE_SILENT","items_purchased":["Noxious Fumes","Fire Potion","Caltrops"],"campfire_rested":2,"item_purchase_floors":[10,10,24],"current_hp_per_floor":[69,69,69,69,61,56,56,56,56,56,56,34,34,34,34,1,58,56,27,33,33,27,51,51,51,51,51,51,48,48,48,72,41,73,73,73,63,34,0,0],"gold":346,"neow_bonus":"TEN_PERCENT_HP_BONUS","is_daily":false,"chose_seed":false,"campfire_upgraded":3,"win_rate":0.0,"timestamp":1607642659,"path_taken":["M","M","?","M","M","?","M","M","T","$","R","E","R","M","R","BOSS","M","M","?","?","M","R","?","M","T","?","M","E","M","M","R","BOSS","M","M","?","M","M"],"items_purchased_type":["Card","Potion","Card"],"build_version":"2020-11-30","purchased_purges":2,"victory":false,"max_hp_per_floor":[77,77,77,77,77,77,77,77,77,77,77,77,77,77,77,77,77,77,77,83,83,83,83,83,83,83,83,83,83,83,83,83,83,83,83,83,83,83,83,83],"relic_stats":{"Darkstone Periapt":6,"counters":[23,97],"Gambling Chip":[65],"Snecko Eye":[127,112,109,115],"HoveringKite":[4],"Smiling Mask":75,"obtain_stats":[{"Darkstone Periapt":20,"Gambling Chip":12,"Snecko Eye":17,"Vajra":26,"HoveringKite":34,"Bag of Marbles":29,"Smiling Mask":9,"Ring of the Snake":0},{"Darkstone Periapt":12,"Gambling Chip":8,"Snecko Eye":10,"Vajra":14,"HoveringKite":19,"Bag of Marbles":16,"Smiling Mask":7,"Ring of the Snake":0},{"Darkstone Periapt":52,"Gambling Chip":33,"Snecko Eye":46,"Vajra":60,"HoveringKite":83,"Bag of Marbles":67,"Smiling Mask":29,"Ring of the Snake":0}],"Ring of the Snake":[46]},"card_choices":[{"not_picked":["Setup","Prepared"],"picked":"Backflip","floor":1.0},{"not_picked":["Slice","Acrobatics"],"picked":"Crippling Poison","floor":2.0},{"not_picked":["Slice","Flechettes"],"picked":"Bane","floor":4.0},{"not_picked":["Quick Slash","Cloak And Dagger"],"picked":"Escape Plan","floor":5.0},{"not_picked":["Riddle With Holes","Eviscerate","Backflip"],"picked":"SKIP","floor":6.0},{"not_picked":["Sucker Punch","Slice"],"picked":"Deadly Poison","floor":7.0},{"not_picked":["Leg Sweep","Eviscerate"],"picked":"Dash","floor":8.0},{"not_picked":["Setup","Poisoned Stab"],"picked":"Burst","floor":12.0},{"not_picked":["Deflect","Sucker Punch","Backflip"],"picked":"SKIP","floor":14.0},{"not_picked":["Deflect","Sucker Punch","Backflip"],"picked":"SKIP","floor":14.0},{"not_picked":["Malaise","Venomology"],"picked":"Corpse Explosion","floor":16.0},{"not_picked":["Flechettes","Dash"],"picked":"Blur","floor":18.0},{"not_picked":["Finisher+1","Deflect"],"picked":"Tactician+1","floor":19.0},{"not_picked":["Backflip","Accuracy"],"picked":"Escape Plan+1","floor":22.0},{"not_picked":["Dagger Spray","Deflect"],"picked":"Acrobatics","floor":25.0},{"not_picked":["All Out Attack+1","Crippling Poison"],"picked":"Outmaneuver+1","floor":28.0},{"not_picked":["Bane","Cloak And Dagger"],"picked":"PiercingWail+1","floor":29.0},{"not_picked":["Predator","Caltrops","Cloak And Dagger"],"picked":"SKIP","floor":30.0},{"not_picked":["Caltrops","Dagger Spray","Blade Dance"],"picked":"SKIP","floor":31.0},{"not_picked":["Tools of the Trade","Storm of Steel"],"picked":"After Image","floor":33.0},{"not_picked":["Terror+1","Outmaneuver"],"picked":"Prepared+1","floor":35.0},{"not_picked":["Eviscerate+1","Riddle With Holes","Calculated Gamble+1"],"picked":"SKIP","floor":36.0},{"not_picked":["Master of Strategy","Enlightenment"],"picked":"Bandage Up","floor":37.0},{"not_picked":["Flechettes+1","Poisoned Stab","Concentrate"],"picked":"SKIP","floor":38.0}],"player_experience":248304,"relics_obtained":[{"floor":9.0,"key":"Smiling Mask"},{"floor":12.0,"key":"Gambling Chip"},{"floor":26.0,"key":"Vajra"},{"floor":29.0,"key":"Bag of Marbles"}],"event_choices":[{"damage_healed":0.0,"max_hp_gain":0.0,"max_hp_loss":0.0,"gold_gain":0.0,"event_name":"Upgrade Shrine","player_choice":"Upgraded","floor":3.0,"gold_loss":0.0,"damage_taken":0.0,"cards_upgraded":["Neutralize"]},{"damage_healed":0.0,"max_hp_gain":0.0,"max_hp_loss":0.0,"gold_gain":0.0,"event_name":"The Mausoleum","player_choice":"Opened","floor":20.0,"gold_loss":0.0,"damage_taken":0.0,"relics_obtained":["Darkstone Periapt"],"cards_obtained":["Writhe"]},{"damage_healed":0.0,"max_hp_gain":0.0,"max_hp_loss":0.0,"gold_gain":0.0,"event_name":"Cursed Tome","player_choice":"Ignored","floor":21.0,"gold_loss":0.0,"damage_taken":0.0},{"damage_healed":0.0,"max_hp_gain":0.0,"max_hp_loss":0.0,"gold_gain":0.0,"event_name":"The Joust","player_choice":"Bet on Owner","floor":27.0,"gold_loss":50.0,"damage_taken":0.0},{"damage_healed":0.0,"max_hp_gain":0.0,"max_hp_loss":0.0,"gold_gain":0.0,"event_name":"SensoryStone","player_choice":"Memory 3","floor":37.0,"gold_loss":0.0,"damage_taken":10.0}],"is_beta":false,"boss_relics":[{"not_picked":["SacredBark","Busted Crown"],"picked":"Snecko Eye"},{"not_picked":["Tiny House","Runic Dome"],"picked":"HoveringKite"}],"items_purged_floors":[10,24],"is_endless":false,"potions_floor_spawned":[4,6,7,8,16,18,19,29,30],"killed_by":"Sphere and 2 Shapes","ascension_level":7}}