{"host":"m98e3ia7l93qbhre","time":1607610082,"event":{"gold_per_floor":[109,109,129,146,146,173,173,298,298,333,23,173,173,173],"floor_reached":13,"playtime":1006,"items_purged":["Strike_R"],"score":177,"play_id":"e7ce31df-065e-4611-879c-cf8f9421036b","local_time":"20201210222122","is_ascension_mode":true,"campfire_choices":[{"floor":7,"key":"REST"}],"neow_cost":"NONE","seed_source_timestamp":1375364231843568,"circlet_count":0,"master_deck":["AscendersBane","Strike_R","Strike_R","Strike_R","Strike_R","Defend_R","Defend_R","Defend_R","Defend_R","Bash","Shrug It Off","Rage+1","Battle Trance","Infernal Blade","Inflame","Infernal Blade","Cleave","Flame Barrier"],"relics":["Burning Blood","Ccalipers","Baka","Bronze Scales","Torii","Ancient Tea Set","Eternal Feather","Lantern","Omamori"],"potions_floor_usage":[8,10],"damage_taken":[{"damage":14,"enemies":"Small Slimes","floor":1,"turns":4},{"damage":6,"enemies":"Jaw Worm","floor":3,"turns":3},{"damage":1,"enemies":"2 Louse","floor":4,"turns":2},{"damage":8,"enemies":"Gremlin Nob","floor":6,"turns":4},{"damage":35,"enemies":"3 Sentries","floor":8,"turns":10},{"damage":32,"enemies":"Gremlin Nob","floor":10,"turns":5},{"damage":12,"enemies":"3 Sentries","floor":13,"turns":3}],"seed_played":"9045046966474626005","potions_obtained":[{"floor":1,"key":"DuplicationPotion"},{"floor":4,"key":"Ancient Potion"},{"floor":6,"key":"DistilledChaos"}],"is_trial":false,"path_per_floor":["M","?","M","M","?","E","R","E","T","E","$","?","E"],"character_chosen":"IRONCLAD","items_purchased":["Omamori","Flame Barrier"],"campfire_rested":1,"item_purchase_floors":[11,11],"current_hp_per_floor":[60,42,42,47,47,45,67,38,38,12,12,12,0,0],"gold":173,"neow_bonus":"RANDOM_COMMON_RELIC","is_prod":false,"is_daily":false,"chose_seed":false,"campfire_upgraded":0,"win_rate":0,"timestamp":1607610082,"path_taken":["M","?","M","M","?","E","R","E","T","E","$","?","E"],"build_version":"2020-11-30","purchased_purges":1,"victory":false,"max_hp_per_floor":[75,75,75,75,75,75,75,75,75,75,75,75,75,75],"card_choices":[{"not_picked":["True Grit","Hemokinesis"],"picked":"Shrug It Off","floor":1},{"not_picked":["Uppercut","Thunderclap"],"picked":"Rage","floor":3},{"not_picked":["Warcry","Searing Blow","Blood for Blood"],"picked":"SKIP","floor":4},{"not_picked":["Twin Strike","Corruption"],"picked":"Battle Trance","floor":6},{"not_picked":["Second Wind","Sentinel","Anger"],"picked":"SKIP","floor":8},{"not_picked":["Searing Blow","Warcry"],"picked":"Infernal Blade","floor":10},{"not_picked":["Clash","Headbutt"],"picked":"Inflame","floor":10},{"not_picked":["Evolve","Thunderclap"],"picked":"Infernal Blade","floor":10},{"not_picked":["Inflame","Wild Strike"],"picked":"Cleave","floor":10}],"player_experience":351954,"relics_obtained":[{"floor":1,"key":"Baka"},{"floor":6,"key":"Torii"},{"floor":8,"key":"Ancient Tea Set"},{"floor":9,"key":"Eternal Feather"},{"floor":10,"key":"Lantern"}],"event_choices":[{"damage_healed":0,"gold_gain":0,"player_choice":"Success","damage_taken":18,"relics_obtained":["Bronze Scales"],"max_hp_gain":0,"max_hp_loss":0,"event_name":"Scrap Ooze","floor":2,"gold_loss":0},{"damage_healed":0,"gold_gain":0,"player_choice":"Grow","damage_taken":0,"max_hp_gain":0,"max_hp_loss":0,"event_name":"Living Wall","floor":5,"gold_loss":0,"cards_upgraded":["Rage"]},{"damage_healed":0,"gold_gain":150,"player_choice":"AGREE","damage_taken":0,"max_hp_gain":0,"max_hp_loss":0,"event_name":"Liars Game","floor":12,"gold_loss":0,"cards_obtained":["Doubt"]}],"is_beta":false,"boss_relics":[],"items_purged_floors":[11],"is_endless":false,"potions_floor_spawned":[1,4,6],"killed_by":"3 Sentries","ascension_level":15}}