{"host":"p7k06irs9cq031u7","time":1607622025,"event":{"mods":["BaseMod","StSLib","Better Third Choice","Colored Map","Spicy Shops","AchievementEnabler","Highlight Path","Minty Spire (QoL Compilation)","Quick Restart","Shop Mod","Unceasing Turn Reminder"],"gold_per_floor":[110,110,110,110,120,154,154,154,230,230,230],"floor_reached":10,"playtime":196,"items_purged":[],"score":116,"play_id":"49dfad56-9e1f-4085-8279-93595e55ed9b","local_time":"20201210194025","is_ascension_mode":true,"campfire_choices":[{"data":"Neutralize","floor":7.0,"key":"SMITH"}],"circlet_count":0,"master_deck":["Strike_G","Strike_G","Strike_G","Strike_G","Defend_G","Defend_G","Defend_G","Defend_G","Defend_G","Survivor","Neutralize+1","Backstab"],"special_seed":0,"relics":["Ring of the Snake","NeowsBlessing","Anchor","CeramicFish","White Beast Statue"],"acts_visited":["Exordium"],"potions_floor_usage":[],"damage_taken":[{"damage":0.0,"enemies":"2 Louse","floor":1.0,"turns":1.0},{"damage":0.0,"enemies":"Jaw Worm","floor":5.0,"turns":1.0},{"damage":0.0,"enemies":"Gremlin Nob","floor":6.0,"turns":1.0},{"damage":50,"enemies":"Lagavulin","floor":10,"turns":8}],"seed_played":"-4205878118487249539","potions_obtained":[{"floor":1.0,"key":"SmokeBomb"},{"floor":6.0,"key":"SkillPotion"}],"is_trial":false,"path_per_floor":["M","?","$","?","M","E","R","?","T","E"],"character_chosen":"THE_SILENT","items_purchased":[],"campfire_rested":0,"item_purchase_floors":[],"current_hp_per_floor":[63,56,56,49,49,49,49,49,49,0,0],"gold":230,"neow_bonus":"THREE_ENEMY_KILL","is_daily":false,"chose_seed":false,"campfire_upgraded":1,"win_rate":0,"timestamp":1607622025,"path_taken":["M","?","$","?","M","E","R","?","T","E"],"build_version":"2020-11-30","purchased_purges":0,"victory":false,"max_hp_per_floor":[70,70,70,70,70,70,70,70,70,70,70],"card_choices":[{"not_picked":["Crippling Poison","Prepared"],"picked":"Backstab","floor":1.0},{"not_picked":["Dagger Spray","Skewer","Quick Slash"],"picked":"SKIP","floor":5.0},{"not_picked":["Crippling Poison","Prepared","Acrobatics"],"picked":"SKIP","floor":6.0},{"not_picked":["Crippling Poison","Prepared","Acrobatics"],"picked":"SKIP","floor":6.0}],"player_experience":324780,"relics_obtained":[{"floor":6.0,"key":"CeramicFish"},{"floor":9.0,"key":"White Beast Statue"}],"event_choices":[{"damage_healed":0.0,"max_hp_gain":0.0,"max_hp_loss":0.0,"gold_gain":0.0,"event_name":"betterThird:BetterScrap","player_choice":"Relic ","floor":2.0,"gold_loss":0.0,"damage_taken":7.0,"cards_obtained":["Lockon"]},{"cards_removed":["Strike_G"],"damage_healed":0.0,"max_hp_gain":0.0,"max_hp_loss":0.0,"gold_gain":0.0,"event_name":"Golden Wing","player_choice":"Card Removal","floor":4.0,"gold_loss":0.0,"damage_taken":7.0},{"damage_healed":0.0,"max_hp_gain":0.0,"max_hp_loss":0.0,"gold_gain":0.0,"event_name":"Dead Adventurer","player_choice":"Searched \u00271\u0027 times","floor":8.0,"gold_loss":0.0,"damage_taken":0.0}],"is_beta":false,"boss_relics":[],"items_purged_floors":[],"is_endless":false,"potions_floor_spawned":[1,6],"killed_by":"Lagavulin","ascension_level":6}}