{"host":"BK","time":1607572581,"event":{"gold_per_floor":[115,390,404,422,69,69,94,8,8,38,57,85,50,62,62,139,139,154,172,172,36,52,52,52,84,84,3,14,24,24,37,37,37,37],"floor_reached":33,"playtime":2229,"items_purged":["Regret"],"score":624,"play_id":"bde783fa-b3c3-491c-b8f0-8bb261b262dc","local_time":"20201209205621","is_ascension_mode":true,"campfire_choices":[{"floor":6.0,"key":"REST"},{"data":"Disarm","floor":15.0,"key":"SMITH"},{"data":"Immolate","floor":24.0,"key":"SMITH"},{"data":"Spot Weakness","floor":32.0,"key":"SMITH"}],"neow_cost":"NONE","seed_source_timestamp":13616047798100,"circlet_count":0,"master_deck":["AscendersBane","Strike_R","Strike_R","Defend_R","Defend_R","Defend_R","Defend_R","Bash","Inflame","Anger","Disarm+1","Whirlwind","Sword Boomerang","Feed","Immolate+1","Exhume","Spot Weakness+1","Reaper","Exhume","Sever Soul"],"special_seed":0,"relics":["Black Star","Membership Card","Singing Bowl","Pear","Strawberry","Ancient Tea Set","Blood Vial","Sundial","Mercury Hourglass","Coffee Dripper","Nilry\u0027s Codex","Self Forming Clay","Gambling Chip","Paper Frog","Mango","Red Skull"],"potions_floor_usage":[33],"damage_taken":[{"damage":12.0,"enemies":"Small Slimes","floor":1.0,"turns":5.0},{"damage":15.0,"enemies":"Cultist","floor":3.0,"turns":5.0},{"damage":21.0,"enemies":"Jaw Worm","floor":4.0,"turns":4.0},{"damage":8.0,"enemies":"Gremlin Nob","floor":7.0,"turns":3.0},{"damage":26.0,"enemies":"Lagavulin","floor":10.0,"turns":6.0},{"damage":7.0,"enemies":"2 Fungi Beasts","floor":11.0,"turns":3.0},{"damage":45.0,"enemies":"3 Sentries","floor":12.0,"turns":8.0},{"damage":0.0,"enemies":"Lots of Slimes","floor":14.0,"turns":1.0},{"damage":30.0,"enemies":"Hexaghost","floor":16.0,"turns":9.0},{"damage":25.0,"enemies":"Spheric Guardian","floor":18.0,"turns":4.0},{"damage":2.0,"enemies":"3 Byrds","floor":19.0,"turns":3.0},{"damage":20.0,"enemies":"3 Cultists","floor":22.0,"turns":6.0},{"damage":21.0,"enemies":"Book of Stabbing","floor":25.0,"turns":6.0},{"damage":20.0,"enemies":"Sentry and Sphere","floor":28.0,"turns":4.0},{"damage":13.0,"enemies":"Centurion and Healer","floor":29.0,"turns":3.0},{"damage":8.0,"enemies":"Snake Plant","floor":31.0,"turns":3.0},{"damage":44,"enemies":"Collector","floor":33,"turns":5}],"seed_played":"-3677410650960786348","potions_obtained":[{"floor":1.0,"key":"Regen Potion"},{"floor":4.0,"key":"SteroidPotion"},{"floor":7.0,"key":"HeartOfIron"},{"floor":18.0,"key":"GamblersBrew"},{"floor":25.0,"key":"Weak Potion"},{"floor":28.0,"key":"Strength Potion"},{"floor":29.0,"key":"Fire Potion"},{"floor":31.0,"key":"Explosive Potion"}],"is_trial":false,"path_per_floor":["M","?","M","M","$","R","E","$","T","E","M","E","?","M","R","B",null,"M","M","?","$","M","?","R","E","T","$","M","M","?","M","R","B"],"character_chosen":"IRONCLAD","items_purchased":["Membership Card","Singing Bowl","Whirlwind","Feed","Self Forming Clay","Red Skull"],"campfire_rested":1,"item_purchase_floors":[5,5,5,8,21,27],"current_hp_per_floor":[56,56,41,20,20,42,51,51,51,44,41,1,26,30,30,2,79,56,64,43,43,30,30,30,13,27,27,14,3,3,15,15,0,0],"gold":37,"neow_bonus":"BOSS_RELIC","is_prod":false,"is_daily":false,"chose_seed":false,"campfire_upgraded":3,"win_rate":0,"timestamp":1607572581,"path_taken":["M","?","M","M","$","R","E","?","T","E","M","E","?","M","R","BOSS","M","M","?","$","M","?","R","E","T","$","M","?","?","M","R","BOSS"],"build_version":"2020-12-07","purchased_purges":1,"victory":false,"max_hp_per_floor":[75,75,75,75,75,75,92,92,92,97,99,102,102,104,104,104,104,104,112,112,112,117,117,117,119,133,133,138,138,138,143,143,143,143],"card_choices":[{"not_picked":["Shrug It Off","Second Wind"],"picked":"Inflame","floor":1.0},{"not_picked":["Pommel Strike","Shrug It Off"],"picked":"Anger","floor":3.0},{"not_picked":["Ghostly Armor","Pommel Strike"],"picked":"Disarm","floor":4.0},{"not_picked":["Body Slam","Rage"],"picked":"Sword Boomerang","floor":7.0},{"not_picked":["Headbutt","Body Slam","True Grit"],"picked":"Singing Bowl","floor":10.0},{"not_picked":["Warcry","Anger","Sword Boomerang"],"picked":"Singing Bowl","floor":11.0},{"not_picked":["Infernal Blade","Rupture"],"picked":"Immolate","floor":12.0},{"not_picked":["Iron Wave","Clash","True Grit"],"picked":"Singing Bowl","floor":14.0},{"not_picked":["Berserk","Corruption"],"picked":"Exhume","floor":16.0},{"not_picked":["Heavy Blade","Pommel Strike"],"picked":"Spot Weakness","floor":18.0},{"not_picked":["Sword Boomerang","Pummel+1","Thunderclap"],"picked":"Singing Bowl","floor":19.0},{"not_picked":["Pummel","Heavy Blade","Body Slam+1"],"picked":"Singing Bowl","floor":22.0},{"not_picked":["Perfected Strike","Clothesline","True Grit"],"picked":"Singing Bowl","floor":25.0},{"not_picked":["Body Slam","Wild Strike","Blood for Blood"],"picked":"Singing Bowl","floor":28.0},{"not_picked":["Havoc","Thunderclap"],"picked":"Reaper","floor":29.0},{"not_picked":["Seeing Red","Feel No Pain","Sword Boomerang+1"],"picked":"Singing Bowl","floor":31.0}],"player_experience":2339396,"relics_obtained":[{"floor":7.0,"key":"Pear"},{"floor":7.0,"key":"Strawberry"},{"floor":9.0,"key":"Ancient Tea Set"},{"floor":10.0,"key":"Blood Vial"},{"floor":10.0,"key":"Sundial"},{"floor":12.0,"key":"Mercury Hourglass"},{"floor":20.0,"key":"Nilry\u0027s Codex"},{"floor":25.0,"key":"Gambling Chip"},{"floor":25.0,"key":"Paper Frog"},{"floor":26.0,"key":"Mango"}],"event_choices":[{"damage_healed":0.0,"max_hp_gain":0.0,"max_hp_loss":0.0,"gold_gain":275.0,"event_name":"Golden Shrine","player_choice":"Desecrate","floor":2.0,"gold_loss":0.0,"damage_taken":0.0,"cards_obtained":["Regret"]},{"damage_healed":25.0,"max_hp_gain":0.0,"max_hp_loss":0.0,"gold_gain":0.0,"event_name":"The Cleric","player_choice":"Healed","floor":13.0,"gold_loss":35.0,"damage_taken":0.0},{"damage_healed":0.0,"max_hp_gain":0.0,"max_hp_loss":0.0,"gold_gain":0.0,"event_name":"Cursed Tome","player_choice":"Obtained Book","floor":20.0,"gold_loss":0.0,"damage_taken":21.0},{"cards_removed":["Strike_R"],"damage_healed":0.0,"max_hp_gain":0.0,"max_hp_loss":0.0,"gold_gain":0.0,"event_name":"Purifier","player_choice":"Purged","floor":23.0,"gold_loss":0.0,"damage_taken":0.0},{"damage_healed":0.0,"max_hp_gain":0.0,"max_hp_loss":0.0,"gold_gain":0.0,"cards_transformed":["Strike_R","Strike_R"],"event_name":"Drug Dealer","player_choice":"Became Test Subject","floor":30.0,"gold_loss":0.0,"damage_taken":0.0,"cards_obtained":["Exhume","Sever Soul"]}],"is_beta":true,"boss_relics":[{"not_picked":["Empty Cage","Busted Crown"],"picked":"Coffee Dripper"}],"items_purged_floors":[5],"is_endless":false,"potions_floor_spawned":[1,4,7,18,25,28,29,31],"killed_by":"Collector","ascension_level":20}}