{"host":"Jinnai","time":1607640343,"event":{"mods":["BaseMod","Colored Powertips","Minty Spire (QoL Compilation)","Highlight Path","Block Reminder","Quick Restart","Keyboard Shortcuts","Relic Stats","Bestiary"],"gold_per_floor":[168,188,204,73,92,122,122,157,182,217,217,217,241,25,25,106,106,127,162,162,162,162],"floor_reached":21,"playtime":1066,"items_purged":["Strike_P"],"score":433,"play_id":"ad59a893-6d0d-4a5f-bd8f-5a7edf9ccd9d","local_time":"20201210174543","is_ascension_mode":true,"campfire_choices":[{"floor":7,"key":"REST"},{"data":"Judgement","floor":12,"key":"SMITH"},{"floor":15,"key":"REST"}],"circlet_count":0,"master_deck":["AscendersBane","Strike_P","Strike_P","Strike_P","Defend_P+1","Defend_P","Defend_P+1","Defend_P","Eruption+1","Vigilance","Consecrate","CutThroughFate+1","Tantrum","CutThroughFate","LikeWater","CarveReality","Consecrate+1","SandsOfTime","Judgement+1","InnerPeace","DeceiveReality","Devotion+1","TalkToTheHand","Devotion+1","WaveOfTheHand","FearNoEvil"],"relics":["Tiny House","Frozen Egg 2","Whetstone","CeramicFish","Black Star","Red Mask","Nloth\u0027s Gift"],"acts_visited":["Exordium","TheCity"],"potions_floor_usage":[6,8,18,19,19,19],"damage_taken":[{"damage":5,"enemies":"2 Louse","floor":1,"turns":3},{"damage":8,"enemies":"Small Slimes","floor":2,"turns":2},{"damage":0,"enemies":"Cultist","floor":3,"turns":2},{"damage":10,"enemies":"3 Louse","floor":5,"turns":2},{"damage":20,"enemies":"3 Sentries","floor":6,"turns":12},{"damage":0,"enemies":"Gremlin Nob","floor":8,"turns":2},{"damage":12,"enemies":"3 Sentries","floor":10,"turns":5},{"damage":9,"enemies":"Looter","floor":13,"turns":3},{"damage":11,"enemies":"The Guardian","floor":16,"turns":9},{"damage":36,"enemies":"2 Thieves","floor":18,"turns":3},{"damage":27,"enemies":"Masked Bandits","floor":19,"turns":3},{"damage":5,"enemies":"Spheric Guardian","floor":21,"turns":3}],"seed_played":"-4949927383726644537","potions_obtained":[{"floor":0,"key":"SpeedPotion"},{"floor":1,"key":"SpeedPotion"},{"floor":2,"key":"EntropicBrew"},{"floor":6,"key":"LiquidMemories"},{"floor":13,"key":"Swift Potion"}],"is_trial":false,"path_per_floor":["M","M","M","$","M","E","R","E","T","E","?","R","M","$","R","B",null,"M","?","?","M"],"character_chosen":"WATCHER","items_purchased":["LikeWater","CarveReality","Devotion+1","TalkToTheHand"],"campfire_rested":2,"item_purchase_floors":[4,4,14,14],"current_hp_per_floor":[61,53,53,53,43,23,44,44,44,32,32,32,23,23,44,33,63,27,5,5,0,0],"gold":162,"neow_bonus":"BOSS_RELIC","is_daily":false,"chose_seed":false,"campfire_upgraded":1,"win_rate":0,"timestamp":1607640343,"path_taken":["M","M","M","$","M","E","R","E","T","E","?","R","M","$","R","BOSS","M","?","?","?"],"build_version":"2020-12-07","purchased_purges":1,"victory":false,"max_hp_per_floor":[73,73,73,73,73,73,73,73,73,73,73,73,73,73,73,73,73,73,73,73,73,73],"relic_stats":{"counters":[12,49],"CeramicFish":63,"Black Star":0,"Nloth\u0027s Gift":0,"Whetstone":["Consecrate","CutThroughFate"],"obtain_stats":[{"Tiny House":0,"CeramicFish":10,"Black Star":17,"Red Mask":19,"Nloth\u0027s Gift":20,"Whetstone":9,"PureWater":0,"Frozen Egg 2":6,"War Paint":8},{"Tiny House":0,"CeramicFish":7,"Black Star":9,"Red Mask":11,"Nloth\u0027s Gift":11,"Whetstone":6,"PureWater":0,"Frozen Egg 2":5,"War Paint":6},{"Tiny House":0,"CeramicFish":28,"Black Star":40,"Red Mask":46,"Nloth\u0027s Gift":46,"Whetstone":23,"PureWater":0,"Frozen Egg 2":21,"War Paint":23}]},"card_choices":[{"not_picked":["ReachHeaven","Protect"],"picked":"Consecrate","floor":0},{"not_picked":["SashWhip","Prostrate"],"picked":"CutThroughFate","floor":1},{"not_picked":["ClearTheMind","LikeWater"],"picked":"Tantrum","floor":2},{"not_picked":["Protect","EmptyFist"],"picked":"CutThroughFate","floor":3},{"not_picked":["ClearTheMind","PathToVictory"],"picked":"Consecrate","floor":5},{"not_picked":["WheelKick","Halt"],"picked":"SandsOfTime","floor":6},{"not_picked":["Protect","Brilliance"],"picked":"Judgement","floor":8},{"not_picked":["Fasting2+1","Evaluate"],"picked":"InnerPeace","floor":10},{"not_picked":["ThirdEye","ClearTheMind"],"picked":"DeceiveReality","floor":13},{"not_picked":["Judgement","ConjureBlade"],"picked":"Devotion+1","floor":16},{"not_picked":["InnerPeace","Halt"],"picked":"WaveOfTheHand","floor":18},{"not_picked":["WheelKick","PathToVictory"],"picked":"FearNoEvil","floor":19}],"player_experience":1469220,"relics_obtained":[{"floor":6,"key":"Frozen Egg 2"},{"floor":8,"key":"War Paint"},{"floor":9,"key":"Whetstone"},{"floor":10,"key":"CeramicFish"},{"floor":19,"key":"Red Mask"}],"event_choices":[{"damage_healed":0,"gold_gain":0,"player_choice":"Ignored","damage_taken":0,"max_hp_gain":0,"max_hp_loss":0,"event_name":"Liars Game","floor":11,"gold_loss":0},{"damage_healed":0,"gold_gain":0,"player_choice":"Fought Bandits","damage_taken":0,"max_hp_gain":0,"max_hp_loss":0,"event_name":"Masked Bandits","floor":19,"gold_loss":0},{"damage_healed":0,"gold_gain":0,"player_choice":"Traded Relic","damage_taken":0,"relics_obtained":["Nloth\u0027s Gift"],"max_hp_gain":0,"max_hp_loss":0,"event_name":"N\u0027loth","floor":20,"relics_lost":["War Paint"],"gold_loss":0}],"is_beta":true,"boss_relics":[{"not_picked":["SacredBark","Runic Dome"],"picked":"Black Star"}],"items_purged_floors":[14],"is_endless":false,"potions_floor_spawned":[1,2,6,13],"killed_by":"Spheric Guardian","ascension_level":19}}