{"host":"mvlqq966zh3ccmv5","time":1607598188,"event":{"gold_per_floor":[109,184,195,85,105,124,124,124,177,195,212,225,245,258,258,362,362,379,379,379,399,399,409,409,424,424,437,455,279,289,301,301,301,301],"floor_reached":33,"playtime":675,"items_purged":["Strike_P","Strike_P"],"score":249,"play_id":"34f69f27-cf05-4a07-9fa4-20a3c3407a78","local_time":"20201210200308","is_ascension_mode":false,"campfire_choices":[{"data":"Eruption","floor":7.0,"key":"SMITH"},{"data":"SandsOfTime","floor":15.0,"key":"SMITH"},{"floor":24.0,"key":"REST"},{"floor":32,"key":"REST"}],"neow_cost":"NONE","seed_source_timestamp":20397792892600,"circlet_count":0,"master_deck":["Strike_P","Strike_P","Defend_P","Defend_P","Defend_P","Defend_P","Eruption+1","Vigilance","EmptyFist","InnerPeace","SandsOfTime+1","Vengeance","TalkToTheHand","DeusExMachina","Ragnarok","FearNoEvil+1","RitualDagger","Crescendo","Evaluate+1","Tantrum","Vault","FlurryOfBlows","MentalFortress","FollowUp+1"],"special_seed":0,"relics":["HolyWater"],"potions_floor_usage":[25,30,31,33],"damage_taken":[{"damage":1.0,"enemies":"Cultist","floor":1.0,"turns":4.0},{"damage":0.0,"enemies":"Small Slimes","floor":3.0,"turns":2.0},{"damage":0.0,"enemies":"Jaw Worm","floor":5.0,"turns":4.0},{"damage":0.0,"enemies":"Large Slime","floor":6.0,"turns":4.0},{"damage":1.0,"enemies":"2 Fungi Beasts","floor":10.0,"turns":2.0},{"damage":15.0,"enemies":"3 Louse","floor":11.0,"turns":3.0},{"damage":4.0,"enemies":"Red Slaver","floor":12.0,"turns":3.0},{"damage":0.0,"enemies":"Exordium Thugs","floor":13.0,"turns":4.0},{"damage":2.0,"enemies":"Blue Slaver","floor":14.0,"turns":3.0},{"damage":18.0,"enemies":"Slime Boss","floor":16.0,"turns":8.0},{"damage":5.0,"enemies":"Chosen","floor":18.0,"turns":3.0},{"damage":12.0,"enemies":"2 Thieves","floor":21.0,"turns":4.0},{"damage":6.0,"enemies":"Cultist and Chosen","floor":23.0,"turns":4.0},{"damage":22,"enemies":"Centurion and Healer","floor":25,"turns":4},{"damage":25,"enemies":"Snecko","floor":27,"turns":3},{"damage":15,"enemies":"Sentry and Sphere","floor":28,"turns":5},{"damage":8,"enemies":"Centurion and Healer","floor":30,"turns":2},{"damage":0,"enemies":"Snake Plant","floor":31,"turns":3},{"damage":38,"enemies":"Champ","floor":33,"turns":7}],"seed_played":"6451259248132845393","potions_obtained":[{"floor":1.0,"key":"SkillPotion"},{"floor":10.0,"key":"Ambrosia"},{"floor":12.0,"key":"PowerPotion"},{"floor":13.0,"key":"SkillPotion"},{"floor":14.0,"key":"SteroidPotion"},{"floor":27,"key":"Block Potion"},{"floor":28,"key":"BlessingOfTheForge"}],"is_trial":false,"path_per_floor":["M","?","M","$","M","M","R","?","T","M","M","M","M","M","R","B",null,"M","?","?","M","?","M","R","M","T","M","M","$","M","M","R","B"],"character_chosen":"WATCHER","items_purchased":["InnerPeace","MentalFortress"],"campfire_rested":2,"item_purchase_floors":[4,29],"current_hp_per_floor":[78,71,71,71,71,71,71,71,71,70,55,51,51,49,49,31,79,74,74,68,56,56,50,73,51,51,26,11,11,3,3,26,0,0],"gold":301,"neow_bonus":"TEN_PERCENT_HP_BONUS","is_prod":false,"is_daily":false,"chose_seed":false,"campfire_upgraded":2,"win_rate":0,"timestamp":1607598188,"path_taken":["M","?","M","?","M","M","R","?","T","M","?","M","M","M","R","BOSS","M","?","?","M","?","M","R","M","T","M","M","$","M","M","R","BOSS"],"build_version":"2020-11-30","purchased_purges":2,"victory":false,"max_hp_per_floor":[79,79,79,79,79,79,79,79,79,79,79,79,79,79,79,79,79,79,79,79,79,79,79,79,79,79,79,79,79,79,79,79,79,79],"card_choices":[{"not_picked":["Sanctity","ThirdEye"],"picked":"EmptyFist","floor":1.0},{"not_picked":["EmptyFist","BattleHymn","EmptyMind"],"picked":"SKIP","floor":3.0},{"not_picked":["Perseverance","EmptyFist"],"picked":"SandsOfTime","floor":5.0},{"not_picked":["CutThroughFate","Pray"],"picked":"Vengeance","floor":6.0},{"not_picked":["EmptyFist","ThirdEye","Wallop"],"picked":"SKIP","floor":10.0},{"not_picked":["Consecrate","ThirdEye"],"picked":"TalkToTheHand","floor":11.0},{"not_picked":["FlyingSleeves","Halt","CutThroughFate"],"picked":"SKIP","floor":12.0},{"not_picked":["Crescendo","SashWhip"],"picked":"DeusExMachina","floor":13.0},{"not_picked":["Pray","EmptyFist","LikeWater"],"picked":"SKIP","floor":14.0},{"not_picked":["DevaForm","MasterReality"],"picked":"Ragnarok","floor":16.0},{"not_picked":["Vengeance+1","ClearTheMind"],"picked":"FearNoEvil+1","floor":18.0},{"not_picked":["Prostrate+1","SandsOfTime"],"picked":"Crescendo","floor":21.0},{"not_picked":["PathToVictory","Fasting2"],"picked":"Evaluate+1","floor":23.0},{"not_picked":["FollowUp","WheelKick"],"picked":"Tantrum","floor":25},{"not_picked":["Pray+1","Conclude"],"picked":"Vault","floor":27},{"not_picked":["ClearTheMind","FlyingSleeves"],"picked":"FlurryOfBlows","floor":28},{"not_picked":["EmptyFist","SashWhip"],"picked":"FollowUp+1","floor":30},{"not_picked":["DeceiveReality","Halt","SandsOfTime"],"picked":"SKIP","floor":31}],"player_experience":188581,"relics_obtained":[],"event_choices":[{"damage_healed":0.0,"max_hp_gain":0.0,"max_hp_loss":0.0,"gold_gain":75.0,"event_name":"FaceTrader","player_choice":"Touch","floor":2.0,"gold_loss":0.0,"damage_taken":7.0},{"damage_healed":0.0,"max_hp_gain":0.0,"max_hp_loss":0.0,"gold_gain":0.0,"event_name":"Dead Adventurer","player_choice":"Searched \u00270\u0027 times","floor":8.0,"gold_loss":0.0,"damage_taken":0.0},{"damage_healed":0.0,"max_hp_gain":0.0,"max_hp_loss":0.0,"gold_gain":0.0,"event_name":"Vampires","player_choice":"Ignored","floor":19.0,"gold_loss":0.0,"damage_taken":0.0},{"damage_healed":0.0,"max_hp_gain":0.0,"max_hp_loss":0.0,"gold_gain":0.0,"event_name":"Nest","player_choice":"Joined the Cult","floor":20.0,"gold_loss":0.0,"damage_taken":6.0,"cards_obtained":["RitualDagger"]},{"damage_healed":0.0,"max_hp_gain":0.0,"max_hp_loss":0.0,"gold_gain":0.0,"event_name":"WeMeetAgain","player_choice":"Ignored","floor":22.0,"gold_loss":0.0,"damage_taken":0.0}],"is_beta":false,"boss_relics":[{"not_picked":["Black Star","Sozu"],"picked":"HolyWater"}],"items_purged_floors":[4,29],"is_endless":false,"potions_floor_spawned":[1,10,12,13,14,21,27,28],"killed_by":"Champ","ascension_level":0}}