{"host":"56xwnffi6e9z5l58","time":1607576084,"event":{"gold_per_floor":[12,12,23,40,56,56,89,108,108,140,140,150,150,150,150,177,177,177,177],"floor_reached":18,"playtime":553,"items_purged":[],"score":236,"play_id":"9e156451-80fc-49ea-9190-0e7a9b493a50","local_time":"20201210125444","is_ascension_mode":true,"campfire_choices":[{"data":"infinitespire:Oblivion","floor":6.0,"key":"SMITH"},{"floor":11.0,"key":"REST"}],"neow_cost":"NO_GOLD","seed_source_timestamp":10481800146900,"circlet_count":0,"master_deck":["AscendersBane","Strike_B","Strike_B","Strike_B","Strike_B","Defend_B","Defend_B","Defend_B","Defend_B","Zap","Dualcast","Coolheaded","infinitespire:Oblivion+1","Hologram","Rebound","Storm+1","Gash","StuffTheSpire:Synthwave","StuffTheSpire:CleanHardDrive+1","hubris:Ukulele"],"special_seed":0,"relics":["Cracked Core","infinitespire:CursedDice","hubris:MysteriousPyramids","Geode","Strawberry"],"potions_floor_usage":[],"damage_taken":[{"damage":0.0,"enemies":"Small Slimes","floor":1.0,"turns":3.0},{"damage":5.0,"enemies":"Jaw Worm","floor":3.0,"turns":3.0},{"damage":1.0,"enemies":"Cultist","floor":4.0,"turns":3.0},{"damage":11.0,"enemies":"Blue Slaver","floor":5.0,"turns":3.0},{"damage":19.0,"enemies":"Replay:BlueRogue","floor":7.0,"turns":5.0},{"damage":32.0,"enemies":"Gremlin Gang","floor":8.0,"turns":6.0},{"damage":22.0,"enemies":"Gremlin Nob","floor":10.0,"turns":4.0},{"damage":3.0,"enemies":"Exordium Wildlife","floor":12.0,"turns":2.0},{"damage":15.0,"enemies":"Lagavulin","floor":16.0,"turns":4.0},{"damage":58,"enemies":"Fading Forest","floor":18,"turns":7}],"seed_played":"-2275684001635003788","potions_obtained":[{"floor":3.0,"key":"SpeedPotion"},{"floor":4.0,"key":"Dexterity Potion"},{"floor":8.0,"key":"Explosive Potion"},{"floor":16.0,"key":"Ancient Potion"}],"is_trial":false,"path_per_floor":["M","?","M","M","M","R","E","M","T","E","R","M","?","PTL","PTL","E","R_BF","B"],"character_chosen":"DEFECT","items_purchased":[],"campfire_rested":1,"item_purchase_floors":[],"current_hp_per_floor":[82,59,54,53,42,42,23,32,32,10,36,33,33,33,33,25,53,0,0],"gold":177,"neow_bonus":"TWENTY_PERCENT_HP_BONUS","is_prod":false,"is_daily":false,"chose_seed":false,"campfire_upgraded":1,"win_rate":0,"timestamp":1607576084,"path_taken":["M","?","M","M","M","R","E","M","T","E","R","M","?","PTL","PTL","E","R_BF","BOSS"],"build_version":"2020-11-30","purchased_purges":0,"victory":false,"max_hp_per_floor":[89,89,89,89,89,89,89,89,89,89,89,89,89,89,89,96,96,96,96],"card_choices":[{"not_picked":["Ball Lightning","Capacitor"],"picked":"Coolheaded","floor":1.0},{"not_picked":["infinitespire:Fortify","infinitespire:NeuralNetwork"],"picked":"infinitespire:Oblivion","floor":2.0},{"not_picked":["Barrage","Reprogram"],"picked":"Hologram","floor":3.0},{"not_picked":["Skim","Steam"],"picked":"Rebound","floor":4.0},{"not_picked":["Ball Lightning","Stack"],"picked":"Storm","floor":5.0},{"not_picked":["Cold Snap","Ball Lightning","Turbo"],"picked":"SKIP","floor":7.0},{"not_picked":["Double Energy","Sweeping Beam"],"picked":"Gash","floor":8.0},{"not_picked":["hubris:SpecializedCircuitry","Stack","StuffTheSpire:LoadUp"],"picked":"SKIP","floor":10.0},{"not_picked":["Turbo","Reinforced Body"],"picked":"StuffTheSpire:Synthwave","floor":12.0},{"not_picked":["StuffTheSpire:GlassShard+1","Rip and Tear+1"],"picked":"StuffTheSpire:CleanHardDrive+1","floor":13.0},{"not_picked":["Rebound","Turbo"],"picked":"hubris:Ukulele","floor":16.0}],"player_experience":937600,"relics_obtained":[{"floor":7.0,"key":"infinitespire:CursedDice"},{"floor":9.0,"key":"hubris:MysteriousPyramids"},{"floor":10.0,"key":"Geode"},{"floor":16.0,"key":"Strawberry"}],"event_choices":[{"damage_healed":0.0,"max_hp_gain":0.0,"max_hp_loss":0.0,"gold_gain":0.0,"event_name":"betterMatch:BetterMatch","player_choice":"2","floor":13.0,"gold_loss":0.0,"damage_taken":0.0,"cards_obtained":["betterMatch:UncommonCard"]}],"is_beta":false,"boss_relics":[],"items_purged_floors":[],"is_endless":false,"potions_floor_spawned":[3,4,8,16],"killed_by":"Fading Forest","ascension_level":12}}