{"host":"0azimyi6n3ugndj4","time":1607617769,"event":{"mods":["BaseMod","StSLib","Curses Come First","Conspire","Hyrulean Relics","Infinite Spire","Minty Spire (QoL Compilation)","Relic Stats","Replay The Spire","Uncapped","¡¼?Úª?ø«¡½REMEMod","Bestiary","Defuse TimeMaze Blight","SuperFastMode"],"gold_per_floor":[99,99,99,152,152,197,278,278,320,320,413,461,461,509,686,686,686,686],"floor_reached":17,"playtime":128,"items_purged":[],"score":526,"play_id":"4176de24-d2c3-4592-990e-55d32b3b2cda","local_time":"20201211012929","daily_mods":["Draft","Hoarder","Insanity","Chimera","Specialized","Vintage","ControlledChaos","Allstar","Diverse","Colorless Cards","Heirloom","Time Dilation","Flight","Elite Swarm","Lethality","Midas","Night Terrors","Terminal","Binary"],"is_ascension_mode":true,"campfire_choices":[{"floor":8,"key":"REST"},{"floor":16,"key":"REST"}],"circlet_count":0,"master_deck":["Demon Form","Wraith Form v2","Echo Form","DevaForm","AscendersBane","Bash","Survivor","Zap","Eruption","Strike_R","Strike_G","Strike_B","Defend_R","Defend_G","Defend_P","Perseverance","Underhanded Strike","Gash","Mind Blast","FlyingSleeves","REME_Repentance","Shrug It Off","Compile Driver","Flying Knee","ClearTheMind","Sucker Punch","ClearTheMind","CrushJoints","BowlingBash","Replay:ManipulateFuture","Ball Lightning","Halt","Halt","Dodge and Roll","REME_TheoryOfElimination","PiercingWail","Backflip","Shrug It Off","Replay:BluntJabs","JustLucky","ReachHeaven","REME_FearOfPain","Warcry","Quick Slash","conspire:DoublingDagger","Turbo","Leap","Rebound","Poisoned Stab","Skim","Barrage","PiercingWail","Sweeping Beam","Anger","Swift Strike","Backflip","Rebound","conspire:DoublingDagger","Ball Lightning","PiercingWail","Tempest","Replay:Sssssssssstrike","Dual Wield","REME_Compress","Dodge and Roll","ReplayTheSpireMod:GoodbyeWorld","ReplayTheSpireMod:GoodbyeWorld","ReplayTheSpireMod:GoodbyeWorld","ReplayTheSpireMod:GoodbyeWorld","ReplayTheSpireMod:GoodbyeWorld","ReplayTheSpireMod:GoodbyeWorld","ReplayTheSpireMod:GoodbyeWorld","ReplayTheSpireMod:GoodbyeWorld","ReplayTheSpireMod:GoodbyeWorld","ReplayTheSpireMod:GoodbyeWorld","ReplayTheSpireMod:GoodbyeWorld","ReplayTheSpireMod:GoodbyeWorld","ReplayTheSpireMod:GoodbyeWorld","ReplayTheSpireMod:GoodbyeWorld","ReplayTheSpireMod:GoodbyeWorld","Slice","Slice","Slice","Compile Driver","Compile Driver","Compile Driver","Panic Button","Panic Button","Panic Button","Hologram","Hologram","Hologram","Recycle","Recycle","Recycle","ThirdEye","ThirdEye","ThirdEye","conspire:Charge","conspire:Charge","conspire:Charge","Replay:BluntJabs","Replay:BluntJabs","Replay:BluntJabs","Quick Slash","Quick Slash","Quick Slash","Heatsinks","Heatsinks","Heatsinks","Second Wind","Second Wind","Second Wind","Wild Strike","Wild Strike","Wild Strike","EmptyBody","EmptyBody","Deflect","Deflect","Deflect","Conserve Battery","Conserve Battery","Conserve Battery","Capacitor+1","Capacitor+1","Capacitor+1"],"relics":["PureWater","Frozen Eye","Busted Crown","REME_ComplimentaryCards","infinitespire:Lychee Nut","zeldaRelics:CourageTriforce","infinitespire:Magic Flask","infinitespire:ShieldingShard","zeldaRelics:WisdomPiece","Quantum Egg","zeldaRelics:Navi","conspire:GiftBox"],"acts_visited":["Exordium"],"potions_floor_usage":[],"damage_taken":[{"damage":0,"enemies":"Jaw Worm","floor":6,"turns":1},{"damage":0,"enemies":"Lagavulin","floor":7,"turns":1},{"damage":0,"enemies":"Cultist","floor":9,"turns":1},{"damage":0,"enemies":"Gremlin Nob","floor":11,"turns":1},{"damage":0,"enemies":"Small Slimes","floor":12,"turns":1},{"damage":0,"enemies":"3 Louse","floor":14,"turns":1},{"damage":0,"enemies":"Lagavulin Event","floor":15,"turns":1},{"damage":28,"enemies":"Hexaghost","floor":17,"turns":2}],"seed_played":"4732629036678180093","potions_obtained":[{"floor":7,"key":"Toxic Potion"},{"floor":11,"key":"Strength Potion"}],"is_trial":true,"path_per_floor":["?","$","T","?","$","M","E","R","M","T","E","M","WH","M","?","R","B"],"character_chosen":"WATCHER","items_purchased":[],"campfire_rested":2,"item_purchase_floors":[],"current_hp_per_floor":[49,48,47,46,45,44,43,37,36,35,34,33,35,34,33,27,0,0],"gold":686,"neow_bonus":"TEN_PERCENT_HP_BONUS","is_daily":false,"chose_seed":false,"campfire_upgraded":0,"win_rate":0,"timestamp":1607617769,"path_taken":["?","?","?","?","$","?","E","R","M","T","E","M","WH","M","?","R","BOSS"],"build_version":"2020-11-30","purchased_purges":0,"victory":false,"max_hp_per_floor":[49,48,47,46,45,44,43,37,36,35,34,33,35,34,33,27,27,27],"relic_stats":{"Busted Crown":8,"counters":[8,9],"obtain_stats":[{"zeldaRelics:WisdomPiece":10,"Quantum Egg":12,"infinitespire:Magic Flask":6,"zeldaRelics:CourageTriforce":7,"Frozen Eye":0,"conspire:GiftBox":15,"Busted Crown":0,"infinitespire:ShieldingShard":9,"infinitespire:Lychee Nut":0,"zeldaRelics:Navi":14,"zeldaRelics:CouragePiece":3,"PureWater":0,"REME_ComplimentaryCards":0},{"zeldaRelics:WisdomPiece":3,"Quantum Egg":5,"infinitespire:Magic Flask":1,"zeldaRelics:CourageTriforce":2,"Frozen Eye":0,"conspire:GiftBox":7,"Busted Crown":0,"infinitespire:ShieldingShard":3,"infinitespire:Lychee Nut":0,"zeldaRelics:Navi":6,"zeldaRelics:CouragePiece":0,"PureWater":0,"REME_ComplimentaryCards":0},{"zeldaRelics:WisdomPiece":3,"Quantum Egg":5,"infinitespire:Magic Flask":1,"zeldaRelics:CourageTriforce":2,"Frozen Eye":0,"conspire:GiftBox":7,"Busted Crown":0,"infinitespire:ShieldingShard":3,"infinitespire:Lychee Nut":0,"zeldaRelics:Navi":6,"zeldaRelics:CouragePiece":0,"PureWater":0,"REME_ComplimentaryCards":0}]},"card_choices":[{"not_picked":["Poisoned Stab","Iron Wave"],"picked":"Slice","floor":0},{"not_picked":["Quick Slash","FollowUp"],"picked":"Compile Driver","floor":0},{"not_picked":["Flechettes","Mind Blast"],"picked":"Panic Button","floor":0},{"not_picked":["Sucker Punch","conspire:Banana"],"picked":"Hologram","floor":0},{"not_picked":["conspire:Banana","REME_Repentance"],"picked":"Recycle","floor":0},{"not_picked":["EmptyBody","Warcry"],"picked":"ThirdEye","floor":0},{"not_picked":["Halt","Sucker Punch"],"picked":"conspire:Charge","floor":0},{"not_picked":["Iron Wave","Eviscerate"],"picked":"Replay:BluntJabs","floor":0},{"not_picked":["Havoc","Redo"],"picked":"Quick Slash","floor":0},{"not_picked":["Flex","REME_Compress"],"picked":"Heatsinks","floor":0},{"not_picked":["REME_FearOfPain","Turbo"],"picked":"Second Wind","floor":0},{"not_picked":["Prepared","Gash"],"picked":"Wild Strike","floor":0},{"not_picked":["Warcry","Sword Boomerang"],"picked":"EmptyBody","floor":0},{"not_picked":["Life Link","Deadly Poison"],"picked":"Deflect","floor":0},{"not_picked":["Anger","Loop"],"picked":"Conserve Battery","floor":0}],"player_experience":1426770,"relics_obtained":[{"floor":3,"key":"zeldaRelics:CouragePiece"},{"floor":4,"key":"zeldaRelics:CouragePiece"},{"floor":6,"key":"infinitespire:Magic Flask"},{"floor":7,"key":"zeldaRelics:CouragePiece"},{"floor":9,"key":"infinitespire:ShieldingShard"},{"floor":10,"key":"zeldaRelics:WisdomPiece"},{"floor":11,"key":"zeldaRelics:WisdomPiece"},{"floor":12,"key":"Quantum Egg"},{"floor":14,"key":"zeldaRelics:Navi"},{"floor":15,"key":"conspire:GiftBox"}],"event_choices":[{"damage_healed":0,"gold_gain":0,"player_choice":"Searched \u00271\u0027 times","damage_taken":0,"max_hp_gain":0,"max_hp_loss":0,"event_name":"Dead Adventurer","floor":15,"gold_loss":0}],"is_beta":false,"boss_relics":[],"items_purged_floors":[],"is_endless":false,"potions_floor_spawned":[7,11],"killed_by":"Hexaghost","ascension_level":20}}