{"host":"ci7ivtocgfxh0ueo","time":1607576992,"event":{"gold_per_floor":[115,265,265,276,276,302,302,3,3,22,39,39,58,2,2,74,74,88,88,88,288,306,306,98,133,178,194,194,206,92,112,112,112,112],"floor_reached":33,"playtime":699,"items_purged":["Doubt"],"score":537,"play_id":"af6a6639-c34c-4a30-adf1-69e4f98ba6d5","local_time":"20201210130952","is_ascension_mode":true,"campfire_choices":[{"data":"Offering","floor":7,"key":"SMITH"},{"data":"Apotheosis","floor":12,"key":"SMITH"},{"floor":15,"key":"REST"},{"floor":23,"key":"REST"},{"floor":28,"key":"REST"},{"floor":32,"key":"REST"}],"neow_cost":"NONE","seed_source_timestamp":152366315975900,"circlet_count":0,"master_deck":["AscendersBane","Strike_R","Strike_R","Strike_R","Strike_R","Strike_R","Defend_R","Defend_R","Defend_R","Defend_R","Bash","Searing Blow","Pummel","Iron Wave","Offering+1","Apotheosis+1","Blood for Blood","Infernal Blade","Cleave","Offering","Flame Barrier","Seeing Red","Armaments","Armaments"],"relics":["Burning Blood","NeowsBlessing","Champion Belt","Gremlin Horn","SlaversCollar","Paper Frog","Oddly Smooth Stone"],"potions_floor_usage":[10,13,16,16,25,25,29,31,31],"damage_taken":[{"damage":0,"enemies":"Jaw Worm","floor":1,"turns":1},{"damage":0,"enemies":"Cultist","floor":4,"turns":1},{"damage":0,"enemies":"Gremlin Nob","floor":6,"turns":1},{"damage":0,"enemies":"Small Slimes","floor":10,"turns":1},{"damage":22,"enemies":"Exordium Thugs","floor":11,"turns":4},{"damage":10,"enemies":"Gremlin Gang","floor":13,"turns":4},{"damage":15,"enemies":"The Guardian","floor":16,"turns":8},{"damage":47,"enemies":"2 Thieves","floor":18,"turns":3},{"damage":24,"enemies":"Chosen","floor":22,"turns":5},{"damage":20,"enemies":"Book of Stabbing","floor":25,"turns":4},{"damage":16,"enemies":"Snake Plant","floor":27,"turns":3},{"damage":13,"enemies":"Cultist and Chosen","floor":29,"turns":5},{"damage":18,"enemies":"Snecko","floor":31,"turns":3},{"damage":60,"enemies":"Automaton","floor":33,"turns":8}],"seed_played":"-9144171627183866032","potions_obtained":[{"floor":1,"key":"Weak Potion"},{"floor":5,"key":"Fire Potion"},{"floor":6,"key":"Strength Potion"},{"floor":11,"key":"SkillPotion"},{"floor":13,"key":"LiquidMemories"},{"floor":27,"key":"Swift Potion"},{"floor":29,"key":"SkillPotion"}],"is_trial":false,"path_per_floor":["M","?","?","M","?","E","R","$","T","M","M","R","M","$","R","B",null,"M","?","$","?","M","R","$","E","T","M","R","M","$","M","R","B"],"character_chosen":"IRONCLAD","items_purchased":["Apotheosis","Blood for Blood","Infernal Blade","PowerPotion","AttackPotion","Regen Potion","Armaments","Energy Potion"],"campfire_rested":4,"item_purchase_floors":[8,8,8,14,24,24,30,30],"current_hp_per_floor":[74,74,74,75,75,75,75,75,75,75,59,59,55,55,75,66,73,32,32,32,32,14,36,36,34,34,24,46,39,39,27,49,0,0],"gold":112,"neow_bonus":"THREE_ENEMY_KILL","is_prod":false,"is_daily":false,"chose_seed":false,"campfire_upgraded":2,"win_rate":0,"timestamp":1607576992,"path_taken":["M","?","?","?","?","E","R","?","T","?","M","R","M","?","R","BOSS","M","?","$","?","?","R","$","E","T","M","R","M","?","M","R","BOSS"],"build_version":"2020-11-30","purchased_purges":1,"victory":false,"max_hp_per_floor":[75,75,75,75,75,75,75,75,75,75,75,75,75,75,75,75,75,75,75,75,75,75,75,75,75,75,75,75,75,75,75,75,75,75],"card_choices":[{"not_picked":["Warcry","Heavy Blade"],"picked":"Searing Blow","floor":1},{"not_picked":["Sword Boomerang","Feel No Pain"],"picked":"Iron Wave","floor":4},{"not_picked":["Metallicize","Reckless Charge"],"picked":"Offering","floor":6},{"not_picked":["Shrug It Off","Heavy Blade","True Grit"],"picked":"SKIP","floor":10},{"not_picked":["Disarm","Clash"],"picked":"Cleave","floor":11},{"not_picked":["Flex","Thunderclap","Havoc"],"picked":"SKIP","floor":13},{"not_picked":["Double Tap","Limit Break"],"picked":"Offering","floor":16},{"not_picked":["Anger","Havoc"],"picked":"Flame Barrier","floor":18},{"not_picked":["True Grit","Body Slam","Sword Boomerang"],"picked":"SKIP","floor":22},{"not_picked":["Carnage","Iron Wave"],"picked":"Seeing Red","floor":25},{"not_picked":["Cleave","Feel No Pain+1","Clothesline"],"picked":"SKIP","floor":27},{"not_picked":["Dark Embrace+1","Clothesline","Headbutt"],"picked":"SKIP","floor":29},{"not_picked":["Heavy Blade","Dark Embrace"],"picked":"Armaments","floor":31}],"player_experience":1246529,"relics_obtained":[{"floor":6,"key":"Champion Belt"},{"floor":9,"key":"Gremlin Horn"},{"floor":25,"key":"Paper Frog"},{"floor":26,"key":"Oddly Smooth Stone"}],"event_choices":[{"damage_healed":0,"gold_gain":150,"player_choice":"AGREE","damage_taken":0,"max_hp_gain":0,"max_hp_loss":0,"event_name":"Liars Game","floor":2,"gold_loss":0,"cards_obtained":["Doubt"]},{"damage_healed":0,"gold_gain":0,"player_choice":"1 cards matched","damage_taken":0,"max_hp_gain":0,"max_hp_loss":0,"event_name":"Match and Keep!","floor":3,"gold_loss":0,"cards_obtained":["Pummel"]},{"damage_healed":0,"gold_gain":0,"player_choice":"Got Potions","damage_taken":0,"max_hp_gain":0,"max_hp_loss":0,"event_name":"Lab","floor":5,"gold_loss":0},{"damage_healed":0,"gold_gain":0,"player_choice":"Ignored","damage_taken":0,"max_hp_gain":0,"max_hp_loss":0,"event_name":"Vampires","floor":19,"gold_loss":0},{"damage_healed":0,"gold_gain":250,"player_choice":"Bet on Owner","damage_taken":0,"max_hp_gain":0,"max_hp_loss":0,"event_name":"The Joust","floor":21,"gold_loss":50}],"is_beta":false,"boss_relics":[{"not_picked":["Snecko Eye","Runic Dome"],"picked":"SlaversCollar"}],"items_purged_floors":[24],"is_endless":false,"potions_floor_spawned":[1,6,11,13,27,29],"killed_by":"Automaton","ascension_level":17}}