{"host":"igj4vwc42ivwqexo","time":1607625950,"event":{"mods":["BaseMod","StSLib","Infinite Spire","Koishi","Marisa????????","Minty Spire (QoL Compilation)","Shop Mod","The Disciple","The Hierophant","The Servant 0.9.4"],"gold_per_floor":[116,116,116,191,205,235,235,235,235,258,258,281,281,295,295,295,295],"floor_reached":16,"playtime":840,"items_purged":[],"score":108,"play_id":"6e4b77ee-f48e-4aca-bd81-bc6a5b01bdb6","local_time":"20201210194550","is_ascension_mode":true,"campfire_choices":[{"data":"Loop","floor":7,"key":"SMITH"},{"data":"Zap","floor":11,"key":"SMITH"},{"data":"Go for the Eyes","floor":13,"key":"SMITH"},{"data":"Dualcast","floor":15,"key":"SMITH"}],"circlet_count":0,"master_deck":["Strike_B","Strike_B","Defend_B","Defend_B","Defend_B","Defend_B","Zap+1","Dualcast+1","Conserve Battery","Go for the Eyes+1","Loop+1","Steam","Doom and Gloom","Steam Power","Steam"],"relics":["PureWater","Pen Nib","infinitespire:Cubic Diamond","infinitespire:Lucky Rock","Golden Idol","Frozen Egg 2","infinitespire:Freezer"],"acts_visited":["Exordium"],"potions_floor_usage":[6,6,16],"damage_taken":[{"damage":1,"enemies":"2 Louse","floor":1,"turns":3},{"damage":0,"enemies":"Jaw Worm","floor":5,"turns":5},{"damage":8,"enemies":"3 Sentries","floor":6,"turns":5},{"damage":6,"enemies":"Small Slimes","floor":12,"turns":3},{"damage":0,"enemies":"Blue Slaver","floor":14,"turns":4},{"damage":8,"enemies":"Slime Boss","floor":16,"turns":3}],"seed_played":"-5781834053252099696","potions_obtained":[{"floor":1,"key":"Swift Potion"},{"floor":5,"key":"infinitespire:BlackPotion"},{"floor":12,"key":"DistilledChaos"}],"is_trial":false,"path_per_floor":["M","?","?","?","M","E","R","?","T","T","R","M","R","M","R","B"],"character_chosen":"DEFECT","items_purchased":[],"campfire_rested":0,"item_purchase_floors":[],"current_hp_per_floor":[53,50,50,39,39,31,31,13,13,13,13,7,7,7,7,0,0],"gold":295,"neow_bonus":"TRANSFORM_TWO_CARDS","is_daily":false,"chose_seed":false,"campfire_upgraded":4,"win_rate":0,"timestamp":1607625950,"path_taken":["M","?","?","?","?","E","R","?","T","?","R","?","R","M","R","BOSS"],"build_version":"2020-11-30","purchased_purges":0,"victory":false,"max_hp_per_floor":[75,75,75,75,75,75,75,75,75,75,75,75,75,75,75,75,75],"card_choices":[{"not_picked":["Hologram","Redo"],"picked":"Loop","floor":1},{"not_picked":["Leap","Streamline"],"picked":"Steam","floor":5},{"not_picked":["Fusion","Reprogram"],"picked":"Doom and Gloom","floor":6},{"not_picked":["Ball Lightning","Skim"],"picked":"Steam Power","floor":12},{"not_picked":["Lockon","Darkness"],"picked":"Steam","floor":14}],"player_experience":216656,"relics_obtained":[{"floor":6,"key":"infinitespire:Lucky Rock"},{"floor":9,"key":"Frozen Egg 2"},{"floor":10,"key":"infinitespire:Freezer"}],"event_choices":[{"damage_healed":0,"gold_gain":0,"player_choice":"Success","damage_taken":3,"relics_obtained":["Pen Nib"],"max_hp_gain":0,"max_hp_loss":0,"event_name":"Scrap Ooze","floor":2,"gold_loss":0},{"damage_healed":0,"gold_gain":75,"player_choice":"Gather Gold","damage_taken":11,"max_hp_gain":0,"max_hp_loss":0,"event_name":"World of Goop","floor":4,"gold_loss":0},{"damage_healed":0,"gold_gain":0,"player_choice":"Take Damage","damage_taken":18,"relics_obtained":["Golden Idol"],"max_hp_gain":0,"max_hp_loss":0,"event_name":"Golden Idol","floor":8,"gold_loss":0}],"is_beta":false,"boss_relics":[],"items_purged_floors":[],"is_endless":false,"potions_floor_spawned":[1,5,12],"killed_by":"Slime Boss","ascension_level":2}}