{"host":"9anmc1688xy4jiyg","time":1607624320,"event":{"mods":["BaseMod","StSLib","AchievementEnabler","Highlight Path","Relic Stats","ojb\u0027s Info Mod","Minty Spire (QoL Compilation)"],"gold_per_floor":[117,131,131,206,55,87,87,122,172,188,205,221,239,271,271,372,372,383,383,383,402,431,431,461,461,488,500,500,520,554,116,116,213,213,232,252,252,252,252,283,283,316,361,372,372,35,35,51,51,51],"floor_reached":51,"playtime":4200,"items_purged":["Strike_G","Strike_G"],"score":1198,"play_id":"83c0acf6-7cbe-4fea-9e43-28ea9745e244","local_time":"20201210191840","is_ascension_mode":true,"campfire_choices":[{"floor":7.0,"key":"REST"},{"floor":15.0,"key":"REST"},{"data":"Venomology","floor":23.0,"key":"SMITH"},{"data":"Venomology","floor":25.0,"key":"SMITH"},{"data":"Neutralize","floor":28.0,"key":"SMITH"},{"data":"Choke","floor":32.0,"key":"SMITH"},{"data":"Blade Dance","floor":41,"key":"SMITH"},{"data":"Choke","floor":47,"key":"SMITH"},{"data":"Trip","floor":49,"key":"SMITH"}],"circlet_count":0,"master_deck":["AscendersBane","Strike_G","Strike_G","Strike_G+1","Defend_G","Defend_G","Defend_G","Defend_G","Defend_G+1","Survivor","Neutralize+1","PiercingWail","Choke+1","Venomology+1","Dodge and Roll","Cloak And Dagger","Dash","Cloak And Dagger","Infinite Blades","Calculated Gamble","Backstab","Blade Dance+1","A Thousand Cuts+1","Prepared","Swift Strike","Venomology+1","Infinite Blades+1","Infinite Blades+1","Infinite Blades+1","Well Laid Plans+1","Footwork+1","Corpse Explosion","Endless Agony+1","Madness","Madness","Trip+1","Choke+1","Leg Sweep","Footwork+1","Crippling Poison"],"special_seed":0,"relics":["Ring of the Snake","NeowsBlessing","Orichalcum","Dream Catcher","PreservedInsect","Bronze Scales","Frozen Egg 2","SacredBark","Toy Ornithopter","Red Mask","Darkstone Periapt","Omamori","Eternal Feather","Boot","Medical Kit","Busted Crown","Question Card","Prayer Wheel","Bag of Marbles","WarpedTongs","TwistedFunnel"],"acts_visited":["Exordium","TheCity","TheBeyond"],"potions_floor_usage":[36,39,39,39,39,40,42,42,44,44,48,48,50,50,50,50,50,50,50],"damage_taken":[{"damage":0.0,"enemies":"2 Louse","floor":1.0,"turns":1.0},{"damage":0.0,"enemies":"Jaw Worm","floor":2.0,"turns":1.0},{"damage":0.0,"enemies":"Gremlin Nob","floor":6.0,"turns":1.0},{"damage":37.0,"enemies":"Lagavulin","floor":8.0,"turns":8.0},{"damage":0.0,"enemies":"Cultist","floor":10.0,"turns":4.0},{"damage":0.0,"enemies":"Blue Slaver","floor":11.0,"turns":3.0},{"damage":0.0,"enemies":"2 Fungi Beasts","floor":12.0,"turns":3.0},{"damage":3.0,"enemies":"Looter","floor":13.0,"turns":4.0},{"damage":2.0,"enemies":"3 Sentries","floor":14.0,"turns":7.0},{"damage":14.0,"enemies":"The Guardian","floor":16.0,"turns":12.0},{"damage":10.0,"enemies":"Shell Parasite","floor":18.0,"turns":6.0},{"damage":6.0,"enemies":"Chosen","floor":21.0,"turns":4.0},{"damage":7.0,"enemies":"Masked Bandits","floor":22.0,"turns":3.0},{"damage":0.0,"enemies":"Gremlin Leader","floor":24.0,"turns":4.0},{"damage":12.0,"enemies":"Snake Plant","floor":27.0,"turns":3.0},{"damage":3.0,"enemies":"Centurion and Healer","floor":29.0,"turns":5.0},{"damage":2.0,"enemies":"Slavers","floor":30.0,"turns":4.0},{"damage":29.0,"enemies":"Automaton","floor":33.0,"turns":8.0},{"damage":4.0,"enemies":"Orb Walker","floor":35.0,"turns":4.0},{"damage":2,"enemies":"3 Shapes","floor":36,"turns":4},{"damage":4,"enemies":"Writhing Mass","floor":39,"turns":6},{"damage":10,"enemies":"Giant Head","floor":40,"turns":6},{"damage":32,"enemies":"Reptomancer","floor":42,"turns":7},{"damage":20,"enemies":"Sphere and 2 Shapes","floor":44,"turns":6},{"damage":1,"enemies":"Transient","floor":48,"turns":5},{"damage":21,"enemies":"Donu and Deca","floor":50,"turns":7}],"seed_played":"-5332659306598300986","potions_obtained":[{"floor":2.0,"key":"SneckoOil"},{"floor":8.0,"key":"EssenceOfSteel"},{"floor":10.0,"key":"Fire Potion"},{"floor":18.0,"key":"Regen Potion"},{"floor":22.0,"key":"Explosive Potion"},{"floor":24.0,"key":"SteroidPotion"},{"floor":33.0,"key":"DistilledChaos"},{"floor":40,"key":"GhostInAJar"},{"floor":42,"key":"Ancient Potion"},{"floor":44,"key":"ColorlessPotion"}],"is_trial":false,"path_per_floor":["M","M","?","?","$","E","R","E","T","M","M","M","M","E","R","B",null,"M","?","?","M","?","R","E","R","T","M","R","M","E","$","R","B",null,"M","M","?","?","M","E","R","E","T","M","?","$","R","M","R","B",null],"character_chosen":"THE_SILENT","items_purchased":["Orichalcum","Footwork+1","Boot","Medical Kit","TwistedFunnel","Leg Sweep"],"campfire_rested":2,"item_purchase_floors":[5,31,31,31,46,46],"current_hp_per_floor":[63,63,49,38,38,38,59,22,22,22,22,22,19,17,38,24,59,49,49,49,70,63,63,68,68,68,63,63,70,68,68,70,51,65,66,68,59,59,70,60,70,48,48,38,38,38,59,68,70,62],"gold":51,"neow_bonus":"THREE_ENEMY_KILL","is_daily":false,"chose_seed":false,"campfire_upgraded":7,"win_rate":0,"timestamp":1607624320,"path_taken":["M","M","?","?","?","E","R","E","T","M","M","M","M","E","R","BOSS","M","?","?","?","?","R","E","R","T","M","R","M","E","$","R","BOSS","M","M","?","?","M","E","R","E","T","M","?","$","R","M","R","BOSS"],"build_version":"2020-11-30","purchased_purges":2,"victory":true,"max_hp_per_floor":[70,70,70,70,70,70,70,70,70,70,70,70,70,70,70,70,70,70,70,70,70,70,70,70,70,70,70,70,70,70,70,70,70,70,70,70,70,70,70,70,70,70,70,70,70,70,70,70,70,70],"relic_stats":{"Darkstone Periapt":0,"counters":[26,126],"Eternal Feather":35,"PreservedInsect":311,"Orichalcum":[150],"Boot":[107],"Medical Kit":[1],"Question Card":5,"WarpedTongs":[12],"Dream Catcher":2,"Busted Crown":20,"Bronze Scales":[297],"Prayer Wheel":2,"obtain_stats":[{"Darkstone Periapt":24,"TwistedFunnel":46,"NeowsBlessing":0,"SacredBark":17,"Eternal Feather":30,"PreservedInsect":8,"Omamori":26,"Orichalcum":5,"Frozen Egg 2":14,"Boot":31,"Medical Kit":31,"Question Card":40,"WarpedTongs":45,"Dream Catcher":6,"Busted Crown":34,"Bronze Scales":9,"Prayer Wheel":42,"Red Mask":22,"Bag of Marbles":43,"Toy Ornithopter":19,"Ring of the Snake":0},{"Darkstone Periapt":14,"TwistedFunnel":24,"NeowsBlessing":0,"SacredBark":10,"Eternal Feather":17,"PreservedInsect":4,"Omamori":14,"Orichalcum":2,"Frozen Egg 2":9,"Boot":17,"Medical Kit":17,"Question Card":22,"WarpedTongs":24,"Dream Catcher":3,"Busted Crown":18,"Bronze Scales":4,"Prayer Wheel":23,"Red Mask":13,"Bag of Marbles":23,"Toy Ornithopter":11,"Ring of the Snake":0},{"Darkstone Periapt":61,"TwistedFunnel":114,"NeowsBlessing":0,"SacredBark":44,"Eternal Feather":73,"PreservedInsect":11,"Omamori":61,"Orichalcum":2,"Frozen Egg 2":32,"Boot":73,"Medical Kit":73,"Question Card":101,"WarpedTongs":114,"Dream Catcher":3,"Busted Crown":81,"Bronze Scales":11,"Prayer Wheel":108,"Red Mask":57,"Bag of Marbles":108,"Toy Ornithopter":50,"Ring of the Snake":0}],"Toy Ornithopter":104,"Ring of the Snake":[52]},"card_choices":[{"not_picked":["Outmaneuver","Dagger Spray"],"picked":"PiercingWail","floor":1.0},{"not_picked":["Quick Slash","Dagger Spray"],"picked":"Choke","floor":2.0},{"not_picked":["Bouncing Flask","Night Terror"],"picked":"Venomology","floor":6.0},{"not_picked":["Caltrops","Bane"],"picked":"Dodge and Roll","floor":7.0},{"not_picked":["Quick Slash","Deadly Poison"],"picked":"Cloak And Dagger","floor":8.0},{"not_picked":["Tactician","Outmaneuver"],"picked":"Dash","floor":10.0},{"not_picked":["Underhanded Strike","Deflect"],"picked":"Cloak And Dagger","floor":11.0},{"not_picked":["Dagger Spray","Bane"],"picked":"Infinite Blades","floor":12.0},{"not_picked":["Caltrops","Sucker Punch"],"picked":"Calculated Gamble","floor":13.0},{"not_picked":["Terror","Phantasmal Killer"],"picked":"Backstab","floor":14.0},{"not_picked":["Poisoned Stab","Acrobatics"],"picked":"Blade Dance","floor":15.0},{"not_picked":["Burst","Glass Knife"],"picked":"A Thousand Cuts+1","floor":16.0},{"not_picked":["Bouncing Flask","Riddle With Holes"],"picked":"Prepared","floor":18.0},{"not_picked":["Cloak And Dagger","Terror"],"picked":"Infinite Blades+1","floor":21.0},{"not_picked":["Envenom+1","PiercingWail"],"picked":"Infinite Blades+1","floor":24.0},{"not_picked":["Finisher","Cloak And Dagger"],"picked":"Infinite Blades+1","floor":27.0},{"not_picked":["Endless Agony","Bane","Quick Slash+1"],"picked":"SKIP","floor":29.0},{"not_picked":["Flying Knee","Bullet Time"],"picked":"Well Laid Plans+1","floor":30.0},{"not_picked":["Doppelganger","Glass Knife"],"picked":"Corpse Explosion","floor":33.0},{"not_picked":[],"picked":"Endless Agony+1","floor":35},{"not_picked":["Flechettes+1"],"picked":"SKIP","floor":36},{"not_picked":[],"picked":"Trip","floor":38},{"not_picked":["Eviscerate"],"picked":"SKIP","floor":40},{"not_picked":["Flying Knee"],"picked":"Choke","floor":42},{"not_picked":["Reflex","Underhanded Strike"],"picked":"SKIP","floor":44},{"not_picked":["Poisoned Stab","Dagger Throw+1"],"picked":"SKIP","floor":44},{"not_picked":["Poisoned Stab+1"],"picked":"Footwork+1","floor":48},{"not_picked":["Cloak And Dagger"],"picked":"Crippling Poison","floor":48}],"player_experience":415305,"relics_obtained":[{"floor":6.0,"key":"Dream Catcher"},{"floor":8.0,"key":"PreservedInsect"},{"floor":9.0,"key":"Bronze Scales"},{"floor":14.0,"key":"Frozen Egg 2"},{"floor":22.0,"key":"Red Mask"},{"floor":24.0,"key":"Darkstone Periapt"},{"floor":26.0,"key":"Omamori"},{"floor":30.0,"key":"Eternal Feather"},{"floor":40,"key":"Question Card"},{"floor":42,"key":"Prayer Wheel"},{"floor":43,"key":"Bag of Marbles"}],"event_choices":[{"damage_healed":0.0,"max_hp_gain":0.0,"max_hp_loss":0.0,"gold_gain":0.0,"event_name":"Shining Light","player_choice":"Entered Light","floor":3.0,"gold_loss":0.0,"damage_taken":14.0,"cards_upgraded":["Strike_G","Defend_G"]},{"damage_healed":0.0,"max_hp_gain":0.0,"max_hp_loss":0.0,"gold_gain":75.0,"event_name":"World of Goop","player_choice":"Gather Gold","floor":4.0,"gold_loss":0.0,"damage_taken":11.0},{"damage_healed":0.0,"max_hp_gain":0.0,"max_hp_loss":0.0,"gold_gain":0.0,"event_name":"The Mausoleum","player_choice":"Opened","floor":19.0,"gold_loss":0.0,"damage_taken":0.0,"relics_obtained":["Toy Ornithopter"]},{"damage_healed":0.0,"max_hp_gain":0.0,"max_hp_loss":0.0,"gold_gain":0.0,"event_name":"Match and Keep!","player_choice":"2 cards matched","floor":20.0,"gold_loss":0.0,"damage_taken":0.0,"cards_obtained":["Swift Strike","Venomology"]},{"damage_healed":0.0,"max_hp_gain":0.0,"max_hp_loss":0.0,"gold_gain":0.0,"event_name":"Masked Bandits","player_choice":"Fought Bandits","floor":22.0,"gold_loss":0.0,"damage_taken":0.0},{"damage_healed":0,"gold_gain":0,"player_choice":"Embrace Madness","damage_taken":9,"max_hp_gain":0,"max_hp_loss":0,"event_name":"Winding Halls","floor":37,"gold_loss":0,"cards_obtained":["Madness","Madness"]},{"damage_healed":0,"gold_gain":0,"player_choice":"Memory 1","damage_taken":0,"max_hp_gain":0,"max_hp_loss":0,"event_name":"SensoryStone","floor":38,"gold_loss":0},{"damage_healed":0,"gold_gain":0,"player_choice":"Rummage","damage_taken":0,"relics_obtained":["WarpedTongs"],"max_hp_gain":0,"max_hp_loss":0,"event_name":"Accursed Blacksmith","floor":45,"gold_loss":0,"cards_obtained":["Pain"]}],"is_beta":false,"boss_relics":[{"not_picked":["Empty Cage","Fusion Hammer"],"picked":"SacredBark"},{"not_picked":["HoveringKite","Snecko Eye"],"picked":"Busted Crown"}],"items_purged_floors":[31,46],"is_endless":false,"potions_floor_spawned":[2,8,10,13,14,18,22,24,33,40,42,44,48],"ascension_level":10}}