{"host":"aeidq2c3auzxo1yh","time":1607567975,"event":{"gold_per_floor":[19,19,44,44,9,44,44,44,69,69,90,106,106,124,124,217,217,240,24,24,49,69,69,108,134,193,205,197,240,252,0,0,96,96,110,125,125,125],"floor_reached":37,"playtime":1897,"items_purged":["Strike_R","Strike_R"],"score":864,"play_id":"09e61145-4087-4db7-8b88-8097e2080c3a","local_time":"20201210073935","is_ascension_mode":true,"campfire_choices":[{"floor":7,"key":"REST"},{"data":"Bash","floor":10,"key":"SMITH"},{"data":"Flame Barrier","floor":13,"key":"SMITH"},{"data":"Pommel Strike","floor":15,"key":"SMITH"},{"data":"True Grit","floor":23,"key":"SMITH"},{"data":"Demon Form","floor":30,"key":"SMITH"},{"data":"Sword Boomerang","floor":32,"key":"SMITH"}],"neow_cost":"NO_GOLD","seed_source_timestamp":3080720969250200,"circlet_count":0,"master_deck":["AscendersBane","Strike_R","Strike_R","Strike_R","Defend_R","Defend_R","Defend_R","Defend_R","Bash+1","Twin Strike","Sever Soul","Pommel Strike+1","Bloodletting","Flame Barrier+1","Flame Barrier","Immolate","Carnage","Offering","True Grit+1","RitualDagger","Wild Strike","Demon Form+1","Sword Boomerang+1","Metallicize","Limit Break","Disarm"],"relics":["Black Blood","Magic Flower","Golden Idol","Oddly Smooth Stone","Mercury Hourglass","Strawberry","Philosopher\u0027s Stone","MawBank","Lantern","Letter Opener","Lee\u0027s Waffle"],"potions_floor_usage":[16,18,21,22,24,29,29,35,37],"damage_taken":[{"damage":2,"enemies":"Cultist","floor":1,"turns":4},{"damage":7,"enemies":"Jaw Worm","floor":3,"turns":3},{"damage":56,"enemies":"3 Sentries","floor":6,"turns":14},{"damage":0,"enemies":"2 Louse","floor":11,"turns":1},{"damage":11,"enemies":"Looter","floor":12,"turns":2},{"damage":0,"enemies":"2 Fungi Beasts","floor":14,"turns":2},{"damage":38,"enemies":"The Guardian","floor":16,"turns":10},{"damage":29,"enemies":"Shell Parasite","floor":18,"turns":3},{"damage":0,"enemies":"3 Byrds","floor":21,"turns":1},{"damage":0,"enemies":"Cultist and Chosen","floor":22,"turns":3},{"damage":6,"enemies":"Gremlin Leader","floor":24,"turns":4},{"damage":5,"enemies":"Centurion and Healer","floor":25,"turns":4},{"damage":40,"enemies":"Slavers","floor":29,"turns":5},{"damage":80,"enemies":"Collector","floor":33,"turns":8},{"damage":22,"enemies":"3 Shapes","floor":35,"turns":7},{"damage":64,"enemies":"3 Darklings","floor":36,"turns":5},{"damage":38,"enemies":"Spire Growth","floor":37,"turns":2}],"seed_played":"2065920286129749221","potions_obtained":[{"floor":11,"key":"SkillPotion"},{"floor":14,"key":"Explosive Potion"},{"floor":16,"key":"ColorlessPotion"},{"floor":18,"key":"ColorlessPotion"},{"floor":21,"key":"SpeedPotion"},{"floor":22,"key":"LiquidMemories"},{"floor":25,"key":"Swift Potion"},{"floor":28,"key":"Block Potion"},{"floor":33,"key":"AttackPotion"},{"floor":35,"key":"SteroidPotion"}],"is_trial":false,"path_per_floor":["M","?","M","?","?","E","R","?","T","R","M","M","R","M","R","B",null,"M","$","?","M","M","R","E","M","T","?","?","E","R","$","R","B",null,"M","M","M"],"character_chosen":"IRONCLAD","items_purchased":["Offering","True Grit","Lee\u0027s Waffle"],"campfire_rested":1,"item_purchase_floors":[19,19,31],"current_hp_per_floor":[75,49,51,40,58,11,33,58,65,65,74,72,72,81,81,52,75,55,55,49,58,67,67,70,74,74,74,74,43,43,89,89,18,71,67,21,0,0],"gold":125,"neow_bonus":"ONE_RARE_RELIC","is_prod":false,"is_daily":false,"chose_seed":false,"campfire_upgraded":6,"win_rate":0,"timestamp":1607567975,"path_taken":["M","?","M","?","?","E","R","?","T","R","M","M","R","M","R","BOSS","M","$","?","M","M","R","E","M","T","?","?","E","R","$","R","BOSS","M","?","M"],"build_version":"2020-11-30","purchased_purges":2,"victory":false,"max_hp_per_floor":[75,75,75,75,75,75,75,75,82,82,82,82,82,82,82,82,82,82,82,82,82,82,82,82,82,82,82,82,82,82,89,89,89,89,89,89,89,89],"relic_stats":{"Lee\u0027s Waffle":46,"counters":[17,78],"Golden Idol":98,"Black Blood":162,"Magic Flower":[54],"Letter Opener":[0],"MawBank":84,"obtain_stats":[{"Lantern":26,"Lee\u0027s Waffle":31,"Golden Idol":2,"Strawberry":9,"Magic Flower":0,"Oddly Smooth Stone":4,"Black Blood":34,"Philosopher\u0027s Stone":17,"Letter Opener":29,"MawBank":24,"Burning Blood":0,"Mercury Hourglass":6},{"Lantern":12,"Lee\u0027s Waffle":13,"Golden Idol":1,"Strawberry":3,"Magic Flower":0,"Oddly Smooth Stone":2,"Black Blood":14,"Philosopher\u0027s Stone":7,"Letter Opener":13,"MawBank":11,"Burning Blood":0,"Mercury Hourglass":3},{"Lantern":51,"Lee\u0027s Waffle":56,"Golden Idol":4,"Strawberry":21,"Magic Flower":0,"Oddly Smooth Stone":7,"Black Blood":64,"Philosopher\u0027s Stone":36,"Letter Opener":56,"MawBank":47,"Burning Blood":0,"Mercury Hourglass":21}],"Mercury Hourglass":[260]},"card_choices":[{"not_picked":["True Grit","Iron Wave"],"picked":"Twin Strike","floor":1},{"not_picked":["Feel No Pain","Sentinel"],"picked":"Sever Soul","floor":3},{"not_picked":["Clothesline","Second Wind"],"picked":"Pommel Strike","floor":6},{"not_picked":["Clash","Twin Strike"],"picked":"Bloodletting","floor":11},{"not_picked":["Seeing Red","Disarm"],"picked":"Flame Barrier","floor":12},{"not_picked":["Perfected Strike","Rupture"],"picked":"Flame Barrier","floor":14},{"not_picked":["Corruption","Bludgeon"],"picked":"Immolate","floor":16},{"not_picked":["Twin Strike","Rampage"],"picked":"Carnage","floor":18},{"not_picked":["Headbutt","Sever Soul"],"picked":"Wild Strike","floor":21},{"not_picked":["Clash","Armaments","Havoc"],"picked":"SKIP","floor":22},{"not_picked":["Cleave","Armaments"],"picked":"Demon Form","floor":24},{"not_picked":["Havoc","Bludgeon"],"picked":"Sword Boomerang","floor":25},{"not_picked":["Flex","Burning Pact"],"picked":"Metallicize","floor":29},{"not_picked":["Barricade","Bludgeon"],"picked":"Limit Break","floor":33},{"not_picked":["Iron Wave","Havoc","Twin Strike"],"picked":"SKIP","floor":35},{"not_picked":["Sword Boomerang","Havoc"],"picked":"Disarm","floor":36}],"player_experience":820867,"relics_obtained":[{"floor":6,"key":"Mercury Hourglass"},{"floor":9,"key":"Strawberry"},{"floor":24,"key":"MawBank"},{"floor":26,"key":"Lantern"},{"floor":29,"key":"Letter Opener"}],"event_choices":[{"damage_healed":0,"gold_gain":0,"player_choice":"Take Damage","damage_taken":26,"relics_obtained":["Golden Idol"],"max_hp_gain":0,"max_hp_loss":0,"event_name":"Golden Idol","floor":2,"gold_loss":0},{"damage_healed":0,"gold_gain":0,"player_choice":"Success","damage_taken":11,"relics_obtained":["Oddly Smooth Stone"],"max_hp_gain":0,"max_hp_loss":0,"event_name":"Scrap Ooze","floor":4,"gold_loss":0},{"damage_healed":18,"gold_gain":0,"player_choice":"Healed","damage_taken":0,"max_hp_gain":0,"max_hp_loss":0,"event_name":"The Cleric","floor":5,"gold_loss":35},{"damage_healed":25,"gold_gain":0,"player_choice":"Banana","damage_taken":0,"max_hp_gain":0,"max_hp_loss":0,"event_name":"Big Fish","floor":8,"gold_loss":0},{"damage_healed":0,"gold_gain":0,"player_choice":"Joined the Cult","damage_taken":6,"max_hp_gain":0,"max_hp_loss":0,"event_name":"Nest","floor":20,"gold_loss":0,"cards_obtained":["RitualDagger"]},{"damage_healed":0,"gold_gain":0,"player_choice":"Ignored","damage_taken":0,"max_hp_gain":0,"max_hp_loss":0,"event_name":"The Mausoleum","floor":27,"gold_loss":0},{"damage_healed":0,"gold_gain":0,"player_choice":"Bought 1 Potion","damage_taken":0,"max_hp_gain":0,"max_hp_loss":0,"event_name":"The Woman in Blue","floor":28,"gold_loss":0}],"is_beta":false,"boss_relics":[{"not_picked":["Runic Pyramid","Mark of Pain"],"picked":"Philosopher\u0027s Stone"},{"not_picked":["Coffee Dripper","Runic Cube"],"picked":"Black Blood"}],"items_purged_floors":[19,31],"is_endless":false,"potions_floor_spawned":[11,14,16,18,21,22,25,33,35],"killed_by":"Spire Growth","ascension_level":20}}