{"host":"f0gpob8hq9vgebej","time":1607563373,"event":{"gold_per_floor":[116,128,203,213,38,38,65,65,113,113,130,130,156,171,171,252,252,275,293,163,173,173,173,173],"floor_reached":23,"playtime":840,"items_purged":["Strike_G","Strike_G"],"score":353,"play_id":"3b546290-713e-46bd-bbb7-f9f496f3c562","local_time":"20201210102253","is_ascension_mode":true,"campfire_choices":[{"data":"A Thousand Cuts","floor":6.0,"key":"SMITH"},{"data":"Neutralize","floor":8.0,"key":"SMITH"},{"floor":10.0,"key":"REST"},{"floor":15.0,"key":"REST"}],"neow_cost":"PERCENT_DAMAGE","seed_source_timestamp":0,"circlet_count":0,"master_deck":["AscendersBane","Defend_G","Survivor","Neutralize+1","Malaise","A Thousand Cuts+1","Escape Plan","Blade Dance","Finisher","Noxious Fumes","Venomology","Prepared","Terror","Leg Sweep","Footwork"],"special_seed":0,"relics":["Ring of the Snake","CeramicFish","Bag of Preparation","Empty Cage"],"potions_floor_usage":[18,21,21],"damage_taken":[{"damage":6.0,"enemies":"Cultist","floor":1.0,"turns":5.0},{"damage":3.0,"enemies":"Jaw Worm","floor":2.0,"turns":6.0},{"damage":0.0,"enemies":"Small Slimes","floor":4.0,"turns":4.0},{"damage":21.0,"enemies":"Gremlin Nob","floor":7.0,"turns":4.0},{"damage":2.0,"enemies":"Red Slaver","floor":11.0,"turns":2.0},{"damage":2.0,"enemies":"Large Slime","floor":13.0,"turns":4.0},{"damage":8.0,"enemies":"Exordium Wildlife","floor":14.0,"turns":5.0},{"damage":13.0,"enemies":"Hexaghost","floor":16.0,"turns":10.0},{"damage":15,"enemies":"Chosen","floor":18,"turns":6},{"damage":3,"enemies":"3 Byrds","floor":21,"turns":2},{"damage":23,"enemies":"Book of Stabbing","floor":23,"turns":8}],"seed_played":"-4175329503166720192","potions_obtained":[{"floor":1.0,"key":"Weak Potion"},{"floor":13.0,"key":"Weak Potion"},{"floor":16.0,"key":"Strength Potion"}],"is_trial":false,"path_per_floor":["M","M","?","M","$","R","E","R","T","R","M","?","M","M","R","B",null,"M","?","$","M","?","E"],"character_chosen":"THE_SILENT","items_purchased":["Blade Dance","Finisher","Footwork"],"campfire_rested":2,"item_purchase_floors":[5,5,20],"current_hp_per_floor":[38,35,24,24,24,24,3,3,3,22,20,20,18,10,29,16,54,39,39,39,36,36,13,13],"gold":173,"neow_bonus":"TRANSFORM_TWO_CARDS","is_prod":false,"is_daily":false,"chose_seed":false,"campfire_upgraded":2,"win_rate":0,"timestamp":1607563373,"path_taken":["M","M","?","M","$","R","E","R","T","R","M","?","M","M","R","BOSS","M","?","$","M","?","E"],"build_version":"2020-11-30","purchased_purges":2,"victory":false,"max_hp_per_floor":[66,66,66,66,66,66,66,66,66,66,66,66,66,66,66,66,66,66,66,66,66,66,66,66],"card_choices":[{"not_picked":["PiercingWail","Bane"],"picked":"Escape Plan","floor":1.0},{"not_picked":["Sucker Punch","Well Laid Plans","Expertise"],"picked":"SKIP","floor":2.0},{"not_picked":["Slice","PiercingWail","Dodge and Roll"],"picked":"SKIP","floor":4.0},{"not_picked":["Sucker Punch","Flying Knee","Tools of the Trade"],"picked":"SKIP","floor":7.0},{"not_picked":["Endless Agony","Sucker Punch","Distraction"],"picked":"SKIP","floor":11.0},{"not_picked":["Cloak And Dagger","Slice"],"picked":"Noxious Fumes","floor":13.0},{"not_picked":["Quick Slash","Noxious Fumes","Cloak And Dagger"],"picked":"SKIP","floor":14.0},{"not_picked":["Malaise","Bullet Time"],"picked":"Venomology","floor":16.0},{"not_picked":["Dodge and Roll","Skewer"],"picked":"Prepared","floor":18},{"not_picked":["Footwork","Cloak And Dagger","Concentrate"],"picked":"SKIP","floor":21}],"player_experience":275610,"relics_obtained":[{"floor":7.0,"key":"CeramicFish"},{"floor":9.0,"key":"Bag of Preparation"}],"event_choices":[{"damage_healed":0.0,"max_hp_gain":0.0,"max_hp_loss":0.0,"gold_gain":75.0,"event_name":"World of Goop","player_choice":"Gather Gold","floor":3.0,"gold_loss":0.0,"damage_taken":11.0},{"damage_healed":0.0,"max_hp_gain":0.0,"max_hp_loss":0.0,"gold_gain":0.0,"event_name":"Golden Idol","player_choice":"Ignored","floor":12.0,"gold_loss":0.0,"damage_taken":0.0},{"damage_healed":0,"gold_gain":0,"cards_transformed":["Defend_G","Strike_G"],"player_choice":"Became Test Subject","damage_taken":0,"max_hp_gain":0,"max_hp_loss":0,"event_name":"Drug Dealer","floor":19,"gold_loss":0,"cards_obtained":["Terror","Leg Sweep"]},{"cards_removed":["Defend_G"],"damage_healed":0,"gold_gain":0,"player_choice":"Purged","damage_taken":0,"max_hp_gain":0,"max_hp_loss":0,"event_name":"Purifier","floor":22,"gold_loss":0}],"is_beta":false,"boss_relics":[{"not_picked":["Fusion Hammer","Tiny House"],"picked":"Empty Cage"}],"items_purged_floors":[5,20],"is_endless":false,"potions_floor_spawned":[1,13,16],"killed_by":"Book of Stabbing","ascension_level":17}}