{"host":"4ih4fq53sefgqhvb","time":1607641926,"event":{"mods":["BaseMod","StSLib","Aspiration","Bard","Colored Powertips","Conspire","Googly Eyes","Hubris","Jedi Mod","Marisa????????","Minty Spire (QoL Compilation)","Replay The Spire","Shop Mod","The Cursed","The Jungle","The Runesmith","AchievementEnabler","Mimic Mod","Quick Restart","The Animator","BetterRewards","Hermit","Relic Stats","Colored Map","Highlight Path","Infinite Spire","Downfall","Jorbs\u0027s Wanderer Trilogy"],"gold_per_floor":[110,127,69,69,69,109,109,109,109,109,39,57,100,123,123,248,311,324,324,345,361,10,10,33,51,103,153,166,166,166,166],"floor_reached":30,"playtime":1750,"items_purged":[],"score":230,"play_id":"791dc23e-c733-4d00-8dd4-7a7e8b12219c","local_time":"20201210151206","is_ascension_mode":false,"campfire_choices":[{"floor":8,"key":"REST"},{"floor":10,"key":"REST"},{"floor":23,"key":"RECALL"}],"circlet_count":0,"master_deck":["Strike_MRS","Strike_MRS","Strike_MRS","Defend_MRS","Defend_MRS","Defend_MRS","Defend_MRS","MasterSpark","UpSweep","MagicChant","FairyDestructionRay","MeteoricShower","MeteoricShower","EscapeVelocity","SuperPerseids+1","ShootingEcho+1","EnergyFlow","ChargingUp+1","AbsoluteMagnitude+1","DragonMeteor","DragonMeteor+1","EnergyFlow","Apotheosis+1","ShootingEcho+1","StarlightTyphoon","AbsoluteMagnitude+1"],"relics":["MiniHakkero","aspiration:AnachronicSnailShell","Golden Idol","Nunchaku","aspiration:FetidBarrel","Golden Egg","Toy Ornithopter","MerchantsRug","Strawberry"],"acts_visited":["Exordium","Exordium"],"potions_floor_usage":[6,18,28],"damage_taken":[{"damage":1,"enemies":"conspire:RoseBush","floor":1,"turns":3},{"damage":0,"enemies":"Small Slimes","floor":2,"turns":3},{"damage":43,"enemies":"3 Sentries","floor":6,"turns":8},{"damage":3,"enemies":"Jaw Worm","floor":12,"turns":2},{"damage":0,"enemies":"conspire:2 RoseBushes","floor":13,"turns":3},{"damage":19,"enemies":"conspire:2 RoseBushes","floor":14,"turns":4},{"damage":13,"enemies":"Slime Boss","floor":16,"turns":5},{"damage":1,"enemies":"theJungle:MUSHROOMGANG","floor":18,"turns":3},{"damage":6,"enemies":"Shell Parasite","floor":20,"turns":2},{"damage":20,"enemies":"theJungle:JungleHuntersEncounter","floor":21,"turns":4},{"damage":28,"enemies":"theJungle:Lyon","floor":24,"turns":4},{"damage":7,"enemies":"theJungle:SlimyTreeVines","floor":25,"turns":3},{"damage":9,"enemies":"theJungle:Snecko_Cultist_And_Trap","floor":28,"turns":4},{"damage":6,"enemies":"theJungle:JungleHuntersEncounter","floor":30,"turns":2}],"seed_played":"-8318935310949534891","potions_obtained":[{"floor":1,"key":"AttackPotion"},{"floor":6,"key":"SteroidPotion"},{"floor":14,"key":"Dexterity Potion"},{"floor":16,"key":"ColorlessPotion"},{"floor":17,"key":"Energy Potion"},{"floor":18,"key":"jedi:tentaclejuice"},{"floor":25,"key":"Swift Potion"}],"is_trial":false,"path_per_floor":["M","M","$","?","?","E","?","R","T","R","$","M","MIM","M","R_BF","B",null,"M","?","M","M","$","R","M","M","T","?","M","?","M"],"character_chosen":"MARISA","items_purchased":["MeteoricShower","SuperPerseids","Apotheosis","MerchantsRug","ShootingEcho"],"campfire_rested":2,"item_purchase_floors":[3,11,22,22,22],"current_hp_per_floor":[67,67,67,67,50,7,4,24,24,44,44,41,41,22,42,29,73,72,72,66,46,46,46,18,14,21,10,6,6,0,0],"gold":166,"neow_bonus":"ONE_RARE_RELIC","is_daily":false,"chose_seed":false,"campfire_upgraded":0,"win_rate":0.0,"timestamp":1607641926,"path_taken":["M","M","$","?","?","E","?","R","T","R","$","?","?","?","R_BF","BOSS","M","?","M","M","$","R","?","M","T","?","M","?","?"],"build_version":"2020-11-30","purchased_purges":0,"victory":false,"max_hp_per_floor":[68,68,68,68,68,68,68,68,68,68,68,68,68,68,68,68,73,73,73,73,73,73,73,73,73,80,80,80,80,80,80],"relic_stats":{"Nunchaku":[7],"counters":[14,50],"Golden Idol":86,"obtain_stats":[{"Golden Egg":9,"MerchantsRug":22,"Nunchaku":6,"Tiny House":17,"Golden Idol":5,"aspiration:FetidBarrel":7,"aspiration:AnachronicSnailShell":0,"Strawberry":26,"MiniHakkero":0,"Toy Ornithopter":19},{"Golden Egg":3,"MerchantsRug":10,"Nunchaku":3,"Tiny House":7,"Golden Idol":2,"aspiration:FetidBarrel":3,"aspiration:AnachronicSnailShell":0,"Strawberry":12,"MiniHakkero":0,"Toy Ornithopter":8},{"Golden Egg":14,"MerchantsRug":37,"Nunchaku":14,"Tiny House":28,"Golden Idol":6,"aspiration:FetidBarrel":14,"aspiration:AnachronicSnailShell":0,"Strawberry":44,"MiniHakkero":0,"Toy Ornithopter":31}],"Toy Ornithopter":5},"card_choices":[{"not_picked":["MysteriousBeam","PropBag"],"picked":"MagicChant","floor":1},{"not_picked":["WitchLeyline","DoubleSpark"],"picked":"FairyDestructionRay","floor":2},{"not_picked":["DC","RefractionSpark"],"picked":"EscapeVelocity","floor":6},{"not_picked":["MilkyWay","NonDirectionalLaser"],"picked":"ShootingEcho","floor":12},{"not_picked":["PowerUp","DC"],"picked":"EnergyFlow","floor":13},{"not_picked":["IllusionStar","CollectingQuirk"],"picked":"ChargingUp","floor":14},{"not_picked":["CollectingQuirk","EscapeVelocity"],"picked":"AbsoluteMagnitude","floor":16},{"not_picked":["GravityBeat","NonDirectionalLaser"],"picked":"DragonMeteor","floor":17},{"not_picked":["SprinkleStarSeal","DC"],"picked":"DragonMeteor+1","floor":18},{"not_picked":["GrandCross","LuminesStrike"],"picked":"EnergyFlow","floor":20},{"not_picked":["PropBag+1","NonDirectionalLaser+1","CasketOfStar"],"picked":"SKIP","floor":21},{"not_picked":["GrandCross","PropBag"],"picked":"StarlightTyphoon","floor":24},{"not_picked":["WitchOfGreed+1","IllusionStar+1","DoubleSpark"],"picked":"SKIP","floor":25},{"not_picked":["PropBag","DeepEcoloBomb+1","AlicesGift"],"picked":"SKIP","floor":28}],"player_experience":836089,"relics_obtained":[{"floor":6,"key":"Nunchaku"},{"floor":9,"key":"Golden Egg"},{"floor":26,"key":"Strawberry"}],"event_choices":[{"damage_healed":0,"gold_gain":0,"player_choice":"Take Damage","damage_taken":17,"relics_obtained":["Golden Idol"],"max_hp_gain":0,"max_hp_loss":0,"event_name":"Golden Idol","floor":5,"gold_loss":0},{"damage_healed":0,"gold_gain":0,"player_choice":"Success","damage_taken":3,"relics_obtained":["aspiration:FetidBarrel"],"max_hp_gain":0,"max_hp_loss":0,"event_name":"Scrap Ooze","floor":7,"gold_loss":0},{"damage_healed":0,"gold_gain":0,"player_choice":"Gave Potion","damage_taken":0,"relics_obtained":["Toy Ornithopter"],"max_hp_gain":0,"max_hp_loss":0,"event_name":"WeMeetAgain","floor":19,"gold_loss":0},{"damage_healed":0,"gold_gain":0,"cards_transformed":["Strike_MRS"],"player_choice":"Transformed","damage_taken":0,"max_hp_gain":0,"max_hp_loss":0,"event_name":"Transmorgrifier","floor":29,"gold_loss":0,"cards_obtained":["AbsoluteMagnitude"]}],"is_beta":false,"boss_relics":[{"not_picked":["hubris:HollowSoul","Runesmith:UraniumAnvil"],"picked":"Tiny House"}],"items_purged_floors":[],"is_endless":false,"potions_floor_spawned":[1,6,14,16,18,25],"killed_by":"theJungle:JungleHuntersEncounter","ascension_level":0}}