{"host":"3a1sbpq1iuwiesnh","time":1607599365,"event":{"gold_per_floor":[117,130,143,155,155,155,80,80,80],"floor_reached":8,"playtime":279,"items_purged":[],"score":96,"play_id":"6ce324c9-753c-404b-8aab-43584b4fe87d","local_time":"20201210202245","is_ascension_mode":true,"campfire_choices":[{"data":"Acrobatics","floor":6,"key":"SMITH"}],"neow_cost":"NONE","seed_source_timestamp":18048653622700,"circlet_count":0,"master_deck":["AscendersBane","Strike_G","Strike_G","Strike_G","Strike_G","Defend_G","Defend_G","Defend_G","Defend_G","Defend_G","Survivor","Neutralize","Choke","Backflip","Acrobatics+1","Dagger Throw"],"relics":["Ring of the Snake"],"potions_floor_usage":[4,8],"damage_taken":[{"damage":3,"enemies":"Jaw Worm","floor":1,"turns":5},{"damage":2,"enemies":"Small Slimes","floor":2,"turns":4},{"damage":0,"enemies":"Cultist","floor":3,"turns":3},{"damage":17,"enemies":"Exordium Wildlife","floor":4,"turns":8},{"damage":57,"enemies":"Lagavulin","floor":8,"turns":8}],"seed_played":"8047659006287799017","potions_obtained":[{"floor":2,"key":"Energy Potion"},{"floor":3,"key":"GhostInAJar"}],"is_trial":false,"path_per_floor":["M","M","M","M","?","R","?","E"],"character_chosen":"THE_SILENT","items_purchased":[],"campfire_rested":0,"item_purchase_floors":[],"current_hp_per_floor":[62,60,60,43,43,43,43,0,0],"gold":80,"neow_bonus":"TEN_PERCENT_HP_BONUS","is_prod":false,"is_daily":false,"chose_seed":false,"campfire_upgraded":1,"win_rate":0,"timestamp":1607599365,"path_taken":["M","M","M","M","?","R","?","E"],"build_version":"2020-11-30","purchased_purges":0,"victory":false,"max_hp_per_floor":[72,72,72,72,72,72,72,72,72],"relic_stats":{"counters":[5,28],"obtain_stats":[{"Ring of the Snake":0},{"Ring of the Snake":0},{"Ring of the Snake":0}],"Ring of the Snake":[10]},"card_choices":[{"not_picked":["PiercingWail","Bouncing Flask"],"picked":"Choke","floor":1},{"not_picked":["Blade Dance","Riddle With Holes"],"picked":"Backflip","floor":2},{"not_picked":["Skewer","Sucker Punch"],"picked":"Acrobatics","floor":3},{"not_picked":["Predator","Flying Knee"],"picked":"Dagger Throw","floor":4}],"player_experience":541561,"relics_obtained":[],"event_choices":[{"damage_healed":0,"gold_gain":0,"player_choice":"Ignored","damage_taken":0,"max_hp_gain":0,"max_hp_loss":0,"event_name":"Shining Light","floor":5,"gold_loss":0},{"cards_removed":["Strike_G"],"damage_healed":0,"gold_gain":0,"player_choice":"Card Removal","damage_taken":0,"max_hp_gain":0,"max_hp_loss":0,"event_name":"The Cleric","floor":7,"gold_loss":75}],"is_beta":false,"boss_relics":[],"items_purged_floors":[],"is_endless":false,"potions_floor_spawned":[2,3],"killed_by":"Lagavulin","ascension_level":20}}