{"host":"zyn2zcp8fez1ptuq","time":1607617117,"event":{"mods":["BaseMod","StSLib","Downfall","BetterRewards","Hermit","Hubris","Minty Spire (QoL Compilation)","Replay The Spire","Robot Space Explorer","Shade Mod","Shop Mod","The Animator","The Cursed","The Jungle","The Necromancer","Infinite Spire"],"gold_per_floor":[112,127,142,142,159,194,194,206,229,247,13,13,27,57,57,152,152,171,171,182,198,218,218,29,45,72,4,22,22,22,22],"floor_reached":30,"playtime":2938,"items_purged":[],"score":296,"play_id":"39c1a66e-ec27-4f4e-8b70-5c7ba6641aba","local_time":"20201210111837","is_ascension_mode":false,"campfire_choices":[{"floor":7,"key":"REST"},{"data":"Flex","floor":15,"key":"SMITH"},{"floor":23,"key":"REST"},{"floor":29,"key":"REST"}],"circlet_count":0,"master_deck":["Strike_R","Strike_R","Strike_R","Strike_R","Strike_R","Defend_R","Defend_R","Defend_R","Defend_R","Bash","Defend_P","animator:Defend_MadokaMagica","hubris:EnhanceAbility","Heavy Blade","ReplayTheSpireMod:Muscle Training","Sword Boomerang","Immolate","Heavy Blade","Flex+1","ReplayTheSpireMod:Strike From Hell","Replay:Dark Deal","Anger","ReplayTheSpireMod:Stacked","Flame Barrier","Berserk","ReplayReversal","hubris:NaturalOne","Shrug It Off","Uppercut+1","Ghostly Armor+1","Inflame+1","Flex","expansioncontent:YouAreMine","Run Through","Feel No Pain","Armaments+1"],"relics":["Burning Blood","Bird Faced Urn","hubris:TenFootPole","PreservedInsect","hubris:Towel","Onion Ring","Velvet Choker","hubris:Icosahedron","Replay:Wax Seal"],"acts_visited":["Exordium","TheCity"],"potions_floor_usage":[5,10,13,20,21],"damage_taken":[{"damage":6,"enemies":"2 Louse","floor":1,"turns":3},{"damage":10,"enemies":"Small Slimes","floor":2,"turns":3},{"damage":7,"enemies":"Jaw Worm","floor":3,"turns":4},{"damage":6,"enemies":"Exordium Thugs","floor":5,"turns":3},{"damage":60,"enemies":"Lagavulin","floor":6,"turns":7},{"damage":0,"enemies":"2 Fungi Beasts","floor":8,"turns":2},{"damage":10,"enemies":"Looter","floor":10,"turns":2},{"damage":13,"enemies":"Gremlin Gang","floor":13,"turns":5},{"damage":14,"enemies":"3 Sentries","floor":14,"turns":4},{"damage":39,"enemies":"Hexaghost","floor":16,"turns":8},{"damage":26,"enemies":"3 Byrds","floor":18,"turns":5},{"damage":0,"enemies":"Spheric Guardian","floor":20,"turns":4},{"damage":27,"enemies":"Centurion and Healer","floor":21,"turns":4},{"damage":37,"enemies":"Sentry and Sphere","floor":22,"turns":6},{"damage":14,"enemies":"Snake Plant","floor":25,"turns":3},{"damage":46,"enemies":"Centurion and Healer","floor":28,"turns":7},{"damage":51,"enemies":"3 Cultists","floor":30,"turns":4}],"seed_played":"-3826249541930943202","potions_obtained":[{"floor":1,"key":"Explosive Potion"},{"floor":6,"key":"SkillPotion"},{"floor":8,"key":"Energy Potion"},{"floor":10,"key":"SpeedPotion"},{"floor":20,"key":"Energy Potion"},{"floor":25,"key":"Doom Potion"}],"is_trial":false,"path_per_floor":["M","M","M","?","M","E","R","M","T","M","$","?","M","E","R","B",null,"M","?","M","M","M","R","$","M","T","$","M","R","M"],"character_chosen":"IRONCLAD","items_purchased":["Replay:Dark Deal","Anger","Inflame+1","Flex","expansioncontent:YouAreMine","Feel No Pain"],"campfire_rested":3,"item_purchase_floors":[11,11,24,24,24,27],"current_hp_per_floor":[80,76,75,68,70,18,42,50,50,48,48,48,45,49,49,22,80,62,62,74,57,30,54,54,50,50,50,18,42,0,0],"gold":22,"neow_bonus":"RANDOM_COLORLESS_2","is_daily":false,"chose_seed":false,"campfire_upgraded":1,"win_rate":0,"timestamp":1607617117,"path_taken":["M","M","M","?","M","E","R","M","T","M","$","?","M","E","R","BOSS","M","?","M","M","M","R","$","M","T","?","M","R","M"],"build_version":"2020-11-30","purchased_purges":0,"victory":false,"max_hp_per_floor":[80,80,80,80,80,80,80,80,80,80,80,80,80,80,80,80,80,80,80,80,80,80,80,80,80,80,80,80,80,80,80],"card_choices":[{"not_picked":["expansioncontent:StudyTheSpire","Sadistic Nature"],"picked":"hubris:EnhanceAbility","floor":0},{"not_picked":["True Grit","Warcry"],"picked":"Heavy Blade","floor":1},{"not_picked":["Wild Strike","hubris:ReadiedAction"],"picked":"ReplayTheSpireMod:Muscle Training","floor":2},{"not_picked":["Warcry","Shrug It Off"],"picked":"Sword Boomerang","floor":3},{"not_picked":["Headbutt","Clash"],"picked":"Immolate","floor":5},{"not_picked":["Exhume","Dropkick"],"picked":"Heavy Blade","floor":6},{"not_picked":["Heavy Blade","Thunderclap"],"picked":"Flex","floor":8},{"not_picked":["hubris:ReadiedAction","Sword Boomerang"],"picked":"ReplayTheSpireMod:Strike From Hell","floor":10},{"not_picked":["Burning Pact","Wild Strike"],"picked":"ReplayTheSpireMod:Stacked","floor":13},{"not_picked":["Sword Boomerang","Rage"],"picked":"Flame Barrier","floor":14},{"not_picked":["Eclipse","Impervious"],"picked":"Berserk","floor":16},{"not_picked":["Pommel Strike","ReplayTheSpireMod:Strike From Hell"],"picked":"ReplayReversal","floor":18},{"not_picked":["Warcry","Twin Strike"],"picked":"Shrug It Off","floor":20},{"not_picked":["ReplayTheSpireMod:Strike From Hell+1","Hemokinesis"],"picked":"Uppercut+1","floor":21},{"not_picked":["Replay:Undeath\u0027s Touch","Wild Strike"],"picked":"Ghostly Armor+1","floor":22},{"not_picked":["Havoc","Sentinel+1"],"picked":"Run Through","floor":25},{"not_picked":["Uppercut","Run Through+1"],"picked":"Armaments+1","floor":28}],"player_experience":456956,"relics_obtained":[{"floor":6,"key":"hubris:TenFootPole"},{"floor":9,"key":"PreservedInsect"},{"floor":14,"key":"Onion Ring"},{"floor":26,"key":"Replay:Wax Seal"}],"event_choices":[{"damage_healed":0,"gold_gain":0,"player_choice":"Success","damage_taken":7,"relics_obtained":["Bird Faced Urn"],"max_hp_gain":0,"max_hp_loss":0,"event_name":"Scrap Ooze","floor":4,"gold_loss":0}],"is_beta":false,"boss_relics":[{"not_picked":["Ooze Armor","SlaversCollar"],"picked":"Velvet Choker"}],"items_purged_floors":[],"is_endless":false,"potions_floor_spawned":[1,6,8,10,20,25],"killed_by":"3 Cultists","ascension_level":0}}