{"host":"g3mfbfmeb5kk2le1","time":1607636621,"event":{"mods":["BaseMod","StSLib","SuperFastMode","Googly Eyes","Replay The Spire","Halation","Hubris","Infinite Spire","Mimic Mod","BetterRewards","Colored Map","AchievementEnabler","slay the spire mod where everything is the same but ironclad has a cowboy hat","Aspiration","Minty Spire (QoL Compilation)","SOS???????","Shop Mod","Trackpad","Unceasing Turn Reminder","egg","vexMod","Downfall"],"gold_per_floor":[115,164,164,1,18,18,50,63,88,13,30,30,63,63,63,166,166,185,235,235,254,44,44,49,49],"floor_reached":24,"playtime":788,"items_purged":["Looming Evil"],"score":284,"play_id":"7b641b20-a7d3-46da-8af6-f6e69f9c67c9","local_time":"20201210184341","is_ascension_mode":true,"campfire_choices":[{"data":"Unload","floor":6,"key":"SMITH"},{"data":"Blade Dance","floor":12,"key":"SMITH"},{"floor":15,"key":"REST"},{"floor":23,"key":"REST"}],"circlet_count":0,"master_deck":["Strike_G","Strike_G","Strike_G","Strike_G","Strike_G","Defend_G","Defend_G","Defend_G","Defend_G","Defend_G","Survivor","Neutralize","Quick Slash","Noxious Fumes+1","Poisoned Stab","Unload+1","Dagger Throw","Calculated Gamble","Blade Dance+1","Well Laid Plans","Corpse Explosion","sneckomod:Bewildered","Footwork+1","Burst"],"relics":["Ring of the Serpent","trackpad:WeightlessShivs","hubris:CrystalStatue","Membership Card","trackpad:SappingStone","Bag of Preparation","MerchantsRug","hubris:AncientText","ReplayTheSpireMod:Ring of Exchange","Ring of Greed","halation:IllGainedPizza","Golden Idol","sneckomod:BabySnecko","TwistedFunnel"],"acts_visited":["Exordium","TheCity"],"potions_floor_usage":[7,16,24],"damage_taken":[{"damage":4,"enemies":"Jaw Worm","floor":1,"turns":7},{"damage":4,"enemies":"Small Slimes","floor":5,"turns":3},{"damage":0,"enemies":"Gremlin Nob","floor":7,"turns":4},{"damage":0,"enemies":"Cultist","floor":8,"turns":3},{"damage":1,"enemies":"Exordium Thugs","floor":11,"turns":4},{"damage":21,"enemies":"Replay:BlueRogue","floor":13,"turns":5},{"damage":20,"enemies":"Slime Boss","floor":16,"turns":7},{"damage":22,"enemies":"2 Thieves","floor":18,"turns":3},{"damage":20,"enemies":"Chosen","floor":21,"turns":6},{"damage":42,"enemies":"Gremlin Leader","floor":24,"turns":7}],"seed_played":"4880757558048120293","potions_obtained":[{"floor":1,"key":"BlessingOfTheForge"},{"floor":2,"key":"Flashbang"},{"floor":5,"key":"Strength Potion"}],"is_trial":false,"path_per_floor":["M","?","?","$","M","R","E","M","T","$","M","R","E","?","R","B",null,"M","?","?","M","$","R","E"],"character_chosen":"THE_SILENT","items_purchased":["Membership Card","Poisoned Stab","MerchantsRug","TwistedFunnel","Footwork+1","Burst"],"campfire_rested":2,"item_purchase_floors":[4,4,10,22,22,22],"current_hp_per_floor":[66,38,38,38,34,34,34,34,34,34,33,33,12,12,33,13,56,34,34,34,14,14,35,0,0],"gold":49,"neow_bonus":"RANDOM_COMMON_RELIC","is_daily":false,"chose_seed":false,"campfire_upgraded":2,"win_rate":0,"timestamp":1607636621,"path_taken":["M","?","?","$","M","R","E","?","T","?","M","R","E","?","R","BOSS","M","?","?","M","$","R","E"],"build_version":"2020-11-30","purchased_purges":1,"victory":false,"max_hp_per_floor":[70,70,70,70,70,70,70,70,70,70,70,70,70,70,70,70,70,70,70,70,70,70,70,70,70],"card_choices":[{"not_picked":["Slice","Sucker Punch"],"picked":"Quick Slash","floor":1},{"not_picked":["Dodge and Roll","All Out Attack"],"picked":"Noxious Fumes","floor":2},{"not_picked":["PiercingWail","Slice"],"picked":"Unload","floor":5},{"not_picked":["Quick Slash","Skewer"],"picked":"Dagger Throw","floor":7},{"not_picked":["ReplayTheSpireMod:The Works","Slice"],"picked":"Calculated Gamble","floor":8},{"not_picked":["Prepared","Distraction"],"picked":"Blade Dance","floor":11},{"not_picked":["Quick Slash","Sucker Punch"],"picked":"Well Laid Plans","floor":13},{"not_picked":["Grand Finale","A Thousand Cuts"],"picked":"Corpse Explosion","floor":16},{"not_picked":["PiercingWail+1","Fluid Movement+1","Prepared"],"picked":"SKIP","floor":18},{"not_picked":["Prepared","hubris:SlightOfHand+1","Bouncing Flask"],"picked":"SKIP","floor":21}],"player_experience":159951,"relics_obtained":[{"floor":2,"key":"hubris:CrystalStatue"},{"floor":7,"key":"trackpad:SappingStone"},{"floor":9,"key":"Bag of Preparation"},{"floor":13,"key":"hubris:AncientText"},{"floor":19,"key":"ReplayTheSpireMod:Ring of Exchange"},{"floor":19,"key":"Ring of Greed"},{"floor":19,"key":"halation:IllGainedPizza"},{"floor":19,"key":"Golden Idol"}],"event_choices":[{"damage_healed":0,"gold_gain":0,"player_choice":"Forge","damage_taken":0,"max_hp_gain":0,"max_hp_loss":0,"event_name":"Accursed Blacksmith","floor":3,"gold_loss":0,"cards_upgraded":["Noxious Fumes"]}],"is_beta":false,"boss_relics":[{"not_picked":["halation:Yufonium","Snecko Scales"],"picked":"Ring of the Serpent"}],"items_purged_floors":[22],"is_endless":false,"potions_floor_spawned":[1,5],"killed_by":"Gremlin Leader","ascension_level":5}}