{"host":"8fup84v061vi31le","time":1607605395,"event":{"gold_per_floor":[109,109,121,138,138,138,138,168,168,93,106,106,6,29,29,132,132,150,300,300,318,328,360,360,225,225,250,125,21,21,348,348,444,444,461,461,473,473,473,498,498,530,530,231,231,231],"floor_reached":45,"playtime":1547,"items_purged":["Strike_R","Strike_R","Strike_R","Strike_R"],"score":655,"play_id":"1bf6542e-6bb9-4e3d-9a76-b3f115d42268","local_time":"20201210210315","is_ascension_mode":true,"campfire_choices":[{"floor":6.0,"key":"RECALL"},{"data":"Iron Wave","floor":12.0,"key":"SMITH"},{"floor":15.0,"key":"REST"},{"floor":24.0,"key":"REST"},{"data":"Feed","floor":30.0,"key":"SMITH"},{"data":"Bash","floor":32.0,"key":"SMITH"},{"floor":41.0,"key":"REST"}],"neow_cost":"NONE","seed_source_timestamp":203000645362900,"circlet_count":0,"master_deck":["Defend_R","Defend_R","Bash+1","Clash","Apotheosis+1","Iron Wave+1","Bludgeon","Dropkick","Clash","Dual Wield+1","Thunderclap","Double Tap","Flex","Dual Wield","Madness","Madness","Rampage+1"],"special_seed":0,"relics":["Black Blood","NeowsBlessing","Paper Frog","Kunai","Bottled Lightning","Question Card","theJungle:Flamango","Shuriken","Pen Nib","Bag of Preparation","Old Coin","Empty Cage","White Beast Statue","Centennial Puzzle","Oddly Smooth Stone","Bird Faced Urn","Ancient Tea Set"],"potions_floor_usage":[42,42,42],"damage_taken":[{"damage":0.0,"enemies":"2 Louse","floor":1.0,"turns":1.0},{"damage":0.0,"enemies":"Small Slimes","floor":3.0,"turns":2.0},{"damage":0.0,"enemies":"Cultist","floor":4.0,"turns":1.0},{"damage":24.0,"enemies":"Lagavulin","floor":8.0,"turns":7.0},{"damage":7.0,"enemies":"Lots of Slimes","floor":11.0,"turns":4.0},{"damage":31.0,"enemies":"The Guardian","floor":16.0,"turns":7.0},{"damage":19.0,"enemies":"theJungle:GiantWrat","floor":18.0,"turns":4.0},{"damage":6.0,"enemies":"Shell Parasite","floor":21.0,"turns":3.0},{"damage":9.0,"enemies":"Snake Plant","floor":22.0,"turns":3.0},{"damage":31.0,"enemies":"theJungle:2_Phrogs","floor":23.0,"turns":6.0},{"damage":6.0,"enemies":"theJungle:Cassacara","floor":27.0,"turns":4.0},{"damage":15.0,"enemies":"theJungle:2_Phrogs","floor":31.0,"turns":4.0},{"damage":68.0,"enemies":"theJungle:TotemBoss","floor":33.0,"turns":7.0},{"damage":62.0,"enemies":"3 Shapes","floor":35.0,"turns":4.0},{"damage":5.0,"enemies":"3 Darklings","floor":37.0,"turns":3.0},{"damage":5.0,"enemies":"Giant Head","floor":40.0,"turns":4.0},{"damage":70,"enemies":"Nemesis","floor":42,"turns":6},{"damage":28,"enemies":"Sphere and 2 Shapes","floor":45,"turns":3}],"seed_played":"4812956698971020780","potions_obtained":[{"floor":1.0,"key":"LiquidMemories"},{"floor":11.0,"key":"FearPotion"},{"floor":16.0,"key":"Energy Potion"},{"floor":31.0,"key":"Swift Potion"},{"floor":33.0,"key":"Regen Potion"},{"floor":35.0,"key":"LiquidMemories"},{"floor":40.0,"key":"Strength Potion"},{"floor":42,"key":"GamblersBrew"}],"is_trial":false,"path_per_floor":["M","?","M","M","?","R","?","E","T","$","M","R","$","T","R","B",null,"M","?","T","M","M","E","R","?","T","E","$","?","R","E","R","B",null,"M","?","M","?","T","E","R","E","T","$","M"],"character_chosen":"IRONCLAD","items_purchased":["Ancient Tea Set"],"campfire_rested":3,"item_purchase_floors":[44],"current_hp_per_floor":[80,80,80,80,80,80,80,62,62,62,61,61,61,61,80,55,80,73,73,73,79,80,61,80,80,80,80,80,80,80,77,77,21,80,34,34,41,30,30,37,62,19,19,19,0,0],"gold":231,"neow_bonus":"THREE_ENEMY_KILL","is_prod":false,"is_daily":false,"chose_seed":false,"campfire_upgraded":3,"win_rate":0,"timestamp":1607605395,"path_taken":["M","?","M","M","?","R","?","E","T","$","?","R","$","?","R","BOSS","M","?","?","?","?","E","R","?","T","E","$","?","R","E","R","BOSS","M","?","?","?","?","E","R","E","T","$","?"],"build_version":"2020-11-30","purchased_purges":4,"victory":false,"max_hp_per_floor":[80,80,80,80,80,80,80,80,80,80,80,80,80,80,80,80,80,80,80,80,80,80,80,80,80,80,80,80,80,80,80,80,80,80,84,84,84,84,84,84,84,84,84,84,84,84],"card_choices":[{"not_picked":["Armaments","Infernal Blade"],"picked":"Clash","floor":1.0},{"not_picked":["Hemokinesis","Twin Strike"],"picked":"Iron Wave","floor":3.0},{"not_picked":["Wild Strike","Metallicize","Clothesline"],"picked":"SKIP","floor":4.0},{"not_picked":["Twin Strike","Impervious","Havoc"],"picked":"SKIP","floor":8.0},{"not_picked":["Feel No Pain","Fire Breathing"],"picked":"Dropkick","floor":11.0},{"not_picked":["Bludgeon","Fiend Fire"],"picked":"Feed","floor":16.0},{"not_picked":["Metallicize","Headbutt"],"picked":"Clash","floor":18.0},{"not_picked":["Twin Strike+1","Carnage","Flex+1"],"picked":"SKIP","floor":21.0},{"not_picked":["Twin Strike+1","Clothesline","Perfected Strike"],"picked":"SKIP","floor":22.0},{"not_picked":["Shrug It Off+1","Limit Break"],"picked":"Dual Wield+1","floor":23.0},{"not_picked":["Havoc","Pommel Strike","True Grit"],"picked":"Thunderclap","floor":27.0},{"not_picked":["Perfected Strike","Dropkick","Seeing Red+1","Body Slam+1"],"picked":"SKIP","floor":31.0},{"not_picked":["Brutality","Demon Form","Barricade"],"picked":"Double Tap","floor":33.0},{"not_picked":["Clash","Pommel Strike","Carnage+1"],"picked":"Flex","floor":35.0},{"not_picked":["Flex+1","Combust","Fire Breathing+1","Power Through"],"picked":"SKIP","floor":37.0},{"not_picked":["Havoc+1","Wild Strike","Fire Breathing+1"],"picked":"Rampage+1","floor":40.0},{"not_picked":["Rampage","Burning Pact","Pommel Strike","Feed"],"picked":"SKIP","floor":42}],"player_experience":41351,"relics_obtained":[{"floor":8.0,"key":"Paper Frog"},{"floor":9.0,"key":"Kunai"},{"floor":20.0,"key":"Bottled Lightning"},{"floor":23.0,"key":"Question Card"},{"floor":26.0,"key":"Shuriken"},{"floor":27.0,"key":"Pen Nib"},{"floor":31.0,"key":"Old Coin"},{"floor":39.0,"key":"White Beast Statue"},{"floor":40.0,"key":"Centennial Puzzle"},{"floor":42,"key":"Oddly Smooth Stone"},{"floor":43,"key":"Bird Faced Urn"}],"event_choices":[{"damage_healed":80.0,"max_hp_gain":0.0,"max_hp_loss":80.0,"gold_gain":0.0,"event_name":"betterThird:BetterShining","player_choice":"Embrace","floor":2.0,"gold_loss":0.0,"damage_taken":0.0},{"damage_healed":0.0,"max_hp_gain":0.0,"max_hp_loss":0.0,"gold_gain":0.0,"event_name":"betterThird:BetterSerpent","player_choice":"Ignored","floor":5.0,"gold_loss":0.0,"damage_taken":138.0},{"damage_healed":0.0,"max_hp_gain":0.0,"max_hp_loss":0.0,"gold_gain":0.0,"cards_transformed":["Defend_R"],"event_name":"Transmorgrifier","player_choice":"Transformed","floor":7.0,"gold_loss":0.0,"damage_taken":0.0,"cards_obtained":["Bludgeon"]},{"damage_healed":0.0,"max_hp_gain":0.0,"max_hp_loss":0.0,"gold_gain":0.0,"event_name":"WeMeetAgain","player_choice":"Paid Gold","floor":29.0,"gold_loss":104.0,"damage_taken":0.0,"relics_obtained":["Bag of Preparation"]},{"damage_healed":0.0,"max_hp_gain":0.0,"max_hp_loss":0.0,"gold_gain":0.0,"cards_transformed":["Feed"],"event_name":"Transmorgrifier","player_choice":"Transformed","floor":36.0,"gold_loss":0.0,"damage_taken":0.0,"cards_obtained":["Dual Wield"]},{"damage_healed":0.0,"max_hp_gain":0.0,"max_hp_loss":0.0,"gold_gain":0.0,"event_name":"Winding Halls","player_choice":"Embrace Madness","floor":38.0,"gold_loss":0.0,"damage_taken":11.0,"cards_obtained":["Madness","Madness"]}],"is_beta":false,"boss_relics":[{"not_picked":["Calling Bell","Mark of Pain"],"picked":"Black Blood"},{"not_picked":["Velvet Choker","Runic Pyramid"],"picked":"Empty Cage"}],"items_purged_floors":[10,13,28,44],"is_endless":false,"potions_floor_spawned":[1,11,16,21,31,33,35,40,42],"killed_by":"Sphere and 2 Shapes","ascension_level":3}}