{"host":"w4b7hmige5bnqipq","time":1607591544,"event":{"gold_per_floor":[112,112,112,128,128,128,154,154,154,79,93,53,88,106,106,106,106],"floor_reached":16,"playtime":847,"items_purged":["Defend_G"],"score":216,"play_id":"1483aab7-9bd8-4a80-a03f-ab76ade244ab","local_time":"20201210181224","is_ascension_mode":true,"campfire_choices":[{"data":"Underhanded Strike","floor":6,"key":"SMITH"},{"floor":8,"key":"REST"},{"floor":15,"key":"REST"}],"neow_cost":"PERCENT_DAMAGE","seed_source_timestamp":14793101946600,"circlet_count":0,"master_deck":["AscendersBane","Strike_G","Strike_G","Strike_G","Defend_G","Defend_G","Survivor","Neutralize","Backflip","Underhanded Strike+1","Tactician","Blur","Terror","Masterful Stab"],"relics":["Ring of the Snake","Letter Opener","Question Card","Dead Branch"],"potions_floor_usage":[7],"damage_taken":[{"damage":7,"enemies":"Small Slimes","floor":1,"turns":5},{"damage":0,"enemies":"2 Louse","floor":4,"turns":3},{"damage":46,"enemies":"Lagavulin","floor":7,"turns":9},{"damage":0,"enemies":"Jaw Worm","floor":11,"turns":2},{"damage":30,"enemies":"Gremlin Nob","floor":13,"turns":4},{"damage":0,"enemies":"Blue Slaver","floor":14,"turns":4},{"damage":38,"enemies":"The Guardian","floor":16,"turns":10}],"seed_played":"8933108356770107926","potions_obtained":[{"floor":1,"key":"AttackPotion"},{"floor":4,"key":"FairyPotion"},{"floor":11,"key":"Explosive Potion"}],"is_trial":false,"path_per_floor":["M","?","?","M","?","R","E","R","T","$","M","$","E","M","R","B"],"character_chosen":"THE_SILENT","items_purchased":["Terror"],"campfire_rested":2,"item_purchase_floors":[12],"current_hp_per_floor":[37,30,30,30,52,52,6,25,25,25,25,25,19,19,38,0,0],"gold":106,"neow_bonus":"REMOVE_TWO","is_prod":false,"is_daily":false,"chose_seed":false,"campfire_upgraded":1,"win_rate":0,"timestamp":1607591544,"path_taken":["M","?","?","M","?","R","E","R","T","?","M","$","E","?","R","BOSS"],"build_version":"2020-11-30","purchased_purges":1,"victory":false,"max_hp_per_floor":[66,66,66,66,66,66,66,66,66,66,66,66,66,66,66,66,66],"card_choices":[{"not_picked":["Accuracy","Cloak And Dagger"],"picked":"Backflip","floor":1},{"not_picked":["Cloak And Dagger","Deflect"],"picked":"Underhanded Strike","floor":4},{"not_picked":["Deflect","Slice"],"picked":"Tactician","floor":7},{"not_picked":["Bane","Quick Slash","Deflect"],"picked":"Blur","floor":11},{"not_picked":["Bane","Terror","Outmaneuver","Poisoned Stab"],"picked":"SKIP","floor":13},{"not_picked":["Blade Dance","Finisher","Sucker Punch"],"picked":"Masterful Stab","floor":14}],"player_experience":370293,"relics_obtained":[{"floor":7,"key":"Letter Opener"},{"floor":9,"key":"Question Card"},{"floor":13,"key":"Dead Branch"}],"event_choices":[{"cards_removed":["Strike_G"],"damage_healed":0,"gold_gain":0,"player_choice":"Card Removal","damage_taken":7,"max_hp_gain":0,"max_hp_loss":0,"event_name":"Golden Wing","floor":2,"gold_loss":0},{"cards_removed":["Defend_G"],"damage_healed":0,"gold_gain":0,"player_choice":"Forget","damage_taken":0,"max_hp_gain":0,"max_hp_loss":0,"event_name":"Living Wall","floor":3,"gold_loss":0},{"damage_healed":22,"gold_gain":0,"player_choice":"Banana","damage_taken":0,"max_hp_gain":0,"max_hp_loss":0,"event_name":"Big Fish","floor":5,"gold_loss":0}],"is_beta":false,"boss_relics":[],"items_purged_floors":[10],"is_endless":false,"potions_floor_spawned":[1,4,11],"killed_by":"The Guardian","ascension_level":20}}