{"host":"q188imdhklivpe51","time":1607619733,"event":{"mods":["BaseMod","AchievementEnabler","Minty Spire (QoL Compilation)","Rare Cards Sparkle","Shop Mod","StSLib"],"gold_per_floor":[110,124,137,147,25,25,45,62,62,79,94,19,19,19],"floor_reached":13,"playtime":414,"items_purged":["Tempest"],"score":81,"play_id":"00aaf1fb-3ee6-42c0-90e2-8e3092e4cb8f","local_time":"20201210180213","is_ascension_mode":false,"campfire_choices":[],"circlet_count":0,"master_deck":["Strike_B","Strike_B","Strike_B","Strike_B","Defend_B","Defend_B","Defend_B","Defend_B","Zap","Dualcast","All For One+1","Steam","Gash","Scrape"],"relics":["Cracked Core","Incense Burner"],"acts_visited":["Exordium"],"potions_floor_usage":[4,11,11],"damage_taken":[{"damage":1,"enemies":"Cultist","floor":1,"turns":3},{"damage":6,"enemies":"Small Slimes","floor":2,"turns":2},{"damage":8,"enemies":"Jaw Worm","floor":3,"turns":3},{"damage":11,"enemies":"Large Slime","floor":4,"turns":5},{"damage":32,"enemies":"Gremlin Gang","floor":7,"turns":5},{"damage":10,"enemies":"Looter","floor":8,"turns":2},{"damage":0,"enemies":"Exordium Wildlife","floor":10,"turns":2},{"damage":0,"enemies":"2 Fungi Beasts","floor":11,"turns":2},{"damage":8,"enemies":"3 Sentries","floor":13,"turns":4}],"seed_played":"4221184641659812481","potions_obtained":[{"floor":1,"key":"Block Potion"},{"floor":4,"key":"CultistPotion"},{"floor":8,"key":"ColorlessPotion"}],"is_trial":false,"path_per_floor":["M","M","M","M","$","?","M","M","T","M","M","$","E"],"character_chosen":"DEFECT","items_purchased":["All For One","Steam"],"campfire_rested":0,"item_purchase_floors":[5,5],"current_hp_per_floor":[74,68,60,49,49,49,17,7,7,7,7,7,0,0],"gold":19,"neow_bonus":"THREE_CARDS","is_daily":false,"chose_seed":false,"campfire_upgraded":0,"win_rate":0,"timestamp":1607619733,"path_taken":["M","M","M","M","$","?","M","M","T","M","M","$","E"],"build_version":"2020-11-30","purchased_purges":1,"victory":false,"max_hp_per_floor":[75,75,75,75,75,75,75,75,75,75,75,75,75,75],"card_choices":[{"not_picked":["Steam","Gash"],"picked":"Tempest","floor":1},{"not_picked":["Hello World","Heatsinks","Redo"],"picked":"SKIP","floor":2},{"not_picked":["Conserve Battery","Reprogram","Steam"],"picked":"SKIP","floor":3},{"not_picked":["Hello World","Double Energy","Auto Shields"],"picked":"SKIP","floor":4},{"not_picked":["Conserve Battery","Redo","Ball Lightning"],"picked":"SKIP","floor":7},{"not_picked":["Melter","Turbo"],"picked":"Gash","floor":8},{"not_picked":["Auto Shields","Coolheaded","Redo"],"picked":"SKIP","floor":10},{"not_picked":["Darkness","Stack"],"picked":"Scrape","floor":11}],"player_experience":134667,"relics_obtained":[{"floor":9,"key":"Incense Burner"}],"event_choices":[{"damage_healed":0,"gold_gain":0,"player_choice":"Forge","damage_taken":0,"max_hp_gain":0,"max_hp_loss":0,"event_name":"Accursed Blacksmith","floor":6,"gold_loss":0,"cards_upgraded":["All For One"]}],"is_beta":false,"boss_relics":[],"items_purged_floors":[12],"is_endless":false,"potions_floor_spawned":[1,4,8],"killed_by":"3 Sentries","ascension_level":0}}