{"host":"v0kr0xkqfgnh389p","time":1607623737,"event":{"mods":["BaseMod","StSLib","2.2 Compatiblity","AchievementEnabler","BetterRewards","Colored Map","Custom Start","Highlight Path","Hubris","Infinite Spire","Minty Spire (QoL Compilation)","Quick Restart","Replay The Spire","Shop Mod"],"gold_per_floor":[117,117,192,192,211,250,271,271,320,335,335,335],"floor_reached":11,"playtime":272,"items_purged":[],"score":84,"play_id":"1a51644e-dd6a-4413-b068-f4c4cd9c9a29","local_time":"20201210130857","is_ascension_mode":true,"campfire_choices":[],"circlet_count":0,"master_deck":["Strike_P","Strike_P","Strike_P","Strike_P","Defend_P","Defend_P","Defend_P","Defend_P","Eruption","Vigilance","Defend_G","Neutralize","Judgement","Injury","MasterReality","Regret"],"relics":["PureWater","Golden Idol","Sundial","Tiny Chest","infinitespire:Satchel"],"acts_visited":["Exordium"],"potions_floor_usage":[6,11],"damage_taken":[{"damage":0,"enemies":"Small Slimes","floor":1,"turns":2},{"damage":0,"enemies":"Jaw Worm","floor":5,"turns":3},{"damage":2,"enemies":"3 Sentries","floor":6,"turns":6},{"damage":3,"enemies":"2 Louse","floor":7,"turns":2},{"damage":0,"enemies":"Blue Slaver","floor":10,"turns":1},{"damage":62,"enemies":"Gremlin Nob","floor":11,"turns":4}],"seed_played":"2474363335463510522","potions_obtained":[{"floor":1,"key":"Fire Potion"},{"floor":6,"key":"Weak Potion"}],"is_trial":false,"path_per_floor":["M","?","?","T","M","E","M","?","T","M","E"],"character_chosen":"WATCHER","items_purchased":[],"campfire_rested":0,"item_purchase_floors":[],"current_hp_per_floor":[72,72,61,61,61,59,56,56,56,56,0,0],"gold":335,"neow_bonus":"THREE_RARE_CARDS","is_daily":false,"chose_seed":false,"campfire_upgraded":0,"win_rate":0,"timestamp":1607623737,"path_taken":["M","?","?","?","M","E","M","?","T","M","E"],"build_version":"2020-11-30","purchased_purges":0,"victory":false,"max_hp_per_floor":[72,72,72,72,72,72,72,72,72,72,72,72],"card_choices":[{"not_picked":["Replay:AllIn","Brilliance"],"picked":"Judgement","floor":0},{"not_picked":["CrushJoints","PathToVictory","BowlingBash"],"picked":"SKIP","floor":1},{"not_picked":["WheelKick","ForeignInfluence","Replay:AtTheReady"],"picked":"SKIP","floor":5},{"not_picked":["CrushJoints","Protect"],"picked":"MasterReality","floor":6},{"not_picked":["CutThroughFate","ThirdEye","Consecrate"],"picked":"SKIP","floor":7},{"not_picked":["EmptyBody","Replay:ManipulateFuture","Replay:Battleflow"],"picked":"SKIP","floor":10}],"player_experience":710127,"relics_obtained":[{"floor":6,"key":"Sundial"},{"floor":9,"key":"infinitespire:Satchel"}],"event_choices":[{"damage_healed":0,"gold_gain":0,"player_choice":"Take Wound","damage_taken":0,"relics_obtained":["Golden Idol"],"max_hp_gain":0,"max_hp_loss":0,"event_name":"Golden Idol","floor":2,"gold_loss":0,"cards_obtained":["Injury"]},{"damage_healed":0,"gold_gain":75,"player_choice":"Gather Gold","damage_taken":11,"max_hp_gain":0,"max_hp_loss":0,"event_name":"World of Goop","floor":3,"gold_loss":0},{"damage_healed":0,"gold_gain":0,"player_choice":"Box","damage_taken":0,"relics_obtained":["Tiny Chest"],"max_hp_gain":0,"max_hp_loss":0,"event_name":"Big Fish","floor":8,"gold_loss":0,"cards_obtained":["Regret"]}],"is_beta":false,"boss_relics":[],"items_purged_floors":[],"is_endless":false,"potions_floor_spawned":[1,6],"killed_by":"Gremlin Nob","ascension_level":3}}