{"host":"jm9833yuloeli2yd","time":1607561514,"event":{"gold_per_floor":[112,112,112,126,126,157,81,81,81,98,127,144,155,190,190,264,264,276,287,300,330,330,330],"floor_reached":22,"playtime":538,"items_purged":["Strike_B"],"score":462,"play_id":"9a07c66b-a15b-45c9-ae04-e5a19beaa68d","local_time":"20201209195154","is_ascension_mode":true,"campfire_choices":[{"data":"Zap","floor":8.0,"key":"SMITH"},{"floor":15.0,"key":"REST"}],"neow_cost":"NONE","seed_source_timestamp":787469471704900,"circlet_count":0,"master_deck":["AscendersBane","Zap+1","Dualcast","Streamline","Rebound","Cold Snap","Beam Cell","Glacier","Beam Cell","Beam Cell","Scrape","Streamline","All For One","Multi-Cast","Undo","Scrape","Scrape","Chaos","Creative AI","Leap","Defragment"],"special_seed":0,"relics":["Cracked Core","NeowsBlessing","Strawberry","Smiling Mask","Shuriken","Orichalcum","Dream Catcher","Regal Pillow","Pandora\u0027s Box","Red Mask"],"potions_floor_usage":[],"damage_taken":[{"damage":0.0,"enemies":"Cultist","floor":1.0,"turns":1.0},{"damage":0.0,"enemies":"Jaw Worm","floor":4.0,"turns":1.0},{"damage":0.0,"enemies":"Gremlin Nob","floor":6.0,"turns":1.0},{"damage":0.0,"enemies":"2 Louse","floor":10.0,"turns":2.0},{"damage":23.0,"enemies":"Lagavulin","floor":11.0,"turns":5.0},{"damage":12.0,"enemies":"Lots of Slimes","floor":12.0,"turns":5.0},{"damage":0.0,"enemies":"Looter","floor":13.0,"turns":2.0},{"damage":16.0,"enemies":"Gremlin Nob","floor":14.0,"turns":4.0},{"damage":16.0,"enemies":"The Guardian","floor":16.0,"turns":11.0},{"damage":11.0,"enemies":"3 Byrds","floor":18.0,"turns":6.0},{"damage":19.0,"enemies":"Spheric Guardian","floor":19.0,"turns":4.0},{"damage":27.0,"enemies":"Centurion and Healer","floor":20.0,"turns":5.0},{"damage":16.0,"enemies":"Masked Bandits","floor":21.0,"turns":4.0},{"damage":4,"enemies":"Shelled Parasite and Fungi","floor":22,"turns":1}],"seed_played":"-1404652302411735176","potions_obtained":[{"floor":4.0,"key":"SteroidPotion"},{"floor":10.0,"key":"LiquidMemories"},{"floor":11.0,"key":"AttackPotion"},{"floor":21.0,"key":"Energy Potion"}],"is_trial":false,"path_per_floor":["M","T","?","M","?","E","$","R","T","M","E","M","M","E","R","B",null,"M","M","M","?","M"],"character_chosen":"DEFECT","items_purchased":["Cold Snap"],"campfire_rested":1,"item_purchase_floors":[7],"current_hp_per_floor":[64,71,76,76,76,76,76,76,76,76,53,41,41,25,64,48,74,63,44,17,1,0,0],"gold":330,"neow_bonus":"THREE_ENEMY_KILL","is_prod":false,"is_daily":false,"chose_seed":false,"campfire_upgraded":1,"win_rate":0,"timestamp":1607561514,"path_taken":["M","?","?","M","?","E","$","R","T","M","E","M","?","E","R","BOSS","M","M","M","?","M"],"build_version":"2020-11-30","purchased_purges":1,"victory":false,"max_hp_per_floor":[71,78,83,83,83,83,83,83,83,83,83,83,83,83,83,83,83,83,83,83,83,83,83],"card_choices":[{"not_picked":["Turbo","Stack"],"picked":"Streamline","floor":1.0},{"not_picked":["Rebound","Rip and Tear"],"picked":"Hologram","floor":4.0},{"not_picked":["Stack","Heatsinks"],"picked":"Rebound","floor":6.0},{"not_picked":["Barrage","Cold Snap"],"picked":"Beam Cell","floor":10.0},{"not_picked":["Turbo","Sweeping Beam"],"picked":"Glacier","floor":11.0},{"not_picked":["Compile Driver","Force Field"],"picked":"Beam Cell","floor":12.0},{"not_picked":["Lockon","Rip and Tear"],"picked":"Beam Cell","floor":13.0},{"not_picked":["Leap","Blizzard"],"picked":"Scrape","floor":14.0},{"not_picked":["Leap","Ball Lightning"],"picked":"Streamline","floor":15.0},{"not_picked":["Seek","Meteor Strike"],"picked":"All For One","floor":16.0},{"not_picked":["Compile Driver","Streamline"],"picked":"Defragment","floor":18.0},{"not_picked":["Tempest+1","Ball Lightning","Steam"],"picked":"SKIP","floor":19.0},{"not_picked":["Stack","Rebound","Ball Lightning"],"picked":"SKIP","floor":20.0}],"player_experience":982883,"relics_obtained":[{"floor":2.0,"key":"Strawberry"},{"floor":6.0,"key":"Shuriken"},{"floor":9.0,"key":"Orichalcum"},{"floor":11.0,"key":"Dream Catcher"},{"floor":14.0,"key":"Regal Pillow"},{"floor":21.0,"key":"Red Mask"}],"event_choices":[{"damage_healed":0.0,"max_hp_gain":5.0,"max_hp_loss":0.0,"gold_gain":0.0,"event_name":"Big Fish","player_choice":"Donut","floor":3.0,"gold_loss":0.0,"damage_taken":0.0},{"cards_removed":["Hologram"],"damage_healed":0.0,"max_hp_gain":0.0,"max_hp_loss":0.0,"gold_gain":0.0,"event_name":"WeMeetAgain","player_choice":"Gave Card","floor":5.0,"gold_loss":0.0,"damage_taken":0.0,"relics_obtained":["Smiling Mask"]},{"damage_healed":0.0,"max_hp_gain":0.0,"max_hp_loss":0.0,"gold_gain":0.0,"event_name":"Masked Bandits","player_choice":"Fought Bandits","floor":21.0,"gold_loss":0.0,"damage_taken":0.0}],"is_beta":false,"boss_relics":[{"not_picked":["Velvet Choker","Empty Cage"],"picked":"Pandora\u0027s Box"}],"items_purged_floors":[7],"is_endless":false,"potions_floor_spawned":[4,10,11,13,21],"killed_by":"Shelled Parasite and Fungi","ascension_level":20}}