{"host":"cjhtzh7tp54jdfyv","time":1607629410,"event":{"gold_per_floor":[112,125,141,141,153,153,183,183,183,183,258,292,312,342,354,437,449,477,507,519,519],"floor_reached":20,"playtime":913,"items_purged":[],"score":438,"play_id":"61cd884e-2a89-4c76-ab7d-604b713d93af","local_time":"20201210144330","is_ascension_mode":true,"campfire_choices":[{"data":"Anger","floor":6.0,"key":"SMITH"},{"data":"Armaments","floor":8.0,"key":"SMITH"},{"floor":10.0,"key":"REST"},{"data":"1","floor":15,"key":"LIFT"}],"neow_cost":"NONE","seed_source_timestamp":779474663861200,"circlet_count":0,"master_deck":["AscendersBane","Strike_R","Strike_R","Strike_R","Strike_R","Strike_R","Defend_R","Defend_R","Defend_R","Defend_R","Bash","Anger+1","Cleave","Armaments+1","Disarm","Inflame","Feel No Pain","Limit Break","Disarm"],"special_seed":0,"relics":["Runic Dome","Shuriken","Charon\u0027s Ashes","Girya","MawBank","Coffee Dripper"],"potions_floor_usage":[13,19,19,20],"damage_taken":[{"damage":0.0,"enemies":"Small Slimes","floor":1.0,"turns":4.0},{"damage":1.0,"enemies":"2 Louse","floor":2.0,"turns":3.0},{"damage":7.0,"enemies":"Jaw Worm","floor":3.0,"turns":2.0},{"damage":1.0,"enemies":"Lots of Slimes","floor":5.0,"turns":2.0},{"damage":8.0,"enemies":"Gremlin Nob","floor":7.0,"turns":3.0},{"damage":15.0,"enemies":"Lagavulin","floor":12.0,"turns":4.0},{"damage":9,"enemies":"Exordium Thugs","floor":13,"turns":3},{"damage":0,"enemies":"Gremlin Nob","floor":14,"turns":2},{"damage":16,"enemies":"Hexaghost","floor":16,"turns":8},{"damage":33,"enemies":"Chosen","floor":18,"turns":4},{"damage":21,"enemies":"Shell Parasite","floor":19,"turns":3},{"damage":14,"enemies":"Snecko","floor":20,"turns":2}],"seed_played":"2506864750970869790","potions_obtained":[{"floor":3.0,"key":"SteroidPotion"},{"floor":12.0,"key":"Explosive Potion"},{"floor":13,"key":"Dexterity Potion"},{"floor":16,"key":"ElixirPotion"},{"floor":18,"key":"SteroidPotion"},{"floor":19,"key":"DuplicationPotion"}],"is_trial":false,"path_per_floor":["M","M","M","?","M","R","E","R","T","R","?","E","M","E","R","B",null,"M","M","M"],"character_chosen":"IRONCLAD","items_purchased":[],"campfire_rested":1,"item_purchase_floors":[],"current_hp_per_floor":[68,67,60,60,59,59,51,51,51,73,62,47,38,38,38,22,62,29,8,0,0],"gold":519,"neow_bonus":"BOSS_RELIC","is_prod":false,"is_daily":false,"chose_seed":false,"campfire_upgraded":2,"win_rate":0,"timestamp":1607629410,"path_taken":["M","M","M","?","M","R","E","R","T","R","?","E","M","E","R","BOSS","M","M","M"],"build_version":"2020-11-30","purchased_purges":0,"victory":false,"max_hp_per_floor":[75,75,75,75,75,75,75,75,75,75,75,75,75,75,75,75,75,75,75,75,75],"card_choices":[{"not_picked":["Ghostly Armor","Heavy Blade"],"picked":"Anger","floor":1.0},{"not_picked":["Clash","Iron Wave","Reckless Charge"],"picked":"SKIP","floor":2.0},{"not_picked":["Sentinel","Iron Wave"],"picked":"Cleave","floor":3.0},{"not_picked":["Twin Strike","Havoc","Flex"],"picked":"SKIP","floor":5.0},{"not_picked":["Cleave","Power Through","Armaments"],"picked":"SKIP","floor":7.0},{"not_picked":["Cleave","Power Through"],"picked":"Armaments","floor":7.0},{"not_picked":["Flame Barrier","Headbutt"],"picked":"Disarm","floor":12.0},{"not_picked":["Sever Soul","Spot Weakness"],"picked":"Inflame","floor":13},{"not_picked":["Disarm","Headbutt"],"picked":"Feel No Pain","floor":14},{"not_picked":["Brutality","Fiend Fire"],"picked":"Limit Break","floor":16},{"not_picked":["Anger","Body Slam","Clash"],"picked":"SKIP","floor":18},{"not_picked":["Dual Wield","Shrug It Off"],"picked":"Disarm","floor":19}],"player_experience":4092278,"relics_obtained":[{"floor":7.0,"key":"Shuriken"},{"floor":9.0,"key":"Charon\u0027s Ashes"},{"floor":12.0,"key":"Girya"},{"floor":14,"key":"MawBank"}],"event_choices":[{"damage_healed":0.0,"max_hp_gain":0.0,"max_hp_loss":0.0,"gold_gain":0.0,"event_name":"Liars Game","player_choice":"Ignored","floor":4.0,"gold_loss":0.0,"damage_taken":0.0},{"damage_healed":0.0,"max_hp_gain":0.0,"max_hp_loss":0.0,"gold_gain":75.0,"event_name":"World of Goop","player_choice":"Gather Gold","floor":11.0,"gold_loss":0.0,"damage_taken":11.0}],"is_beta":false,"boss_relics":[{"not_picked":["Ectoplasm","Mark of Pain"],"picked":"Coffee Dripper"}],"items_purged_floors":[],"is_endless":false,"potions_floor_spawned":[3,12,13,16,18,19],"killed_by":"Snecko","ascension_level":20}}