{"host":"9v3x998ddbx8o276","time":1607642506,"event":{"mods":["AchievementEnabler","BaseMod","Colored Map","Highlight Path","Minty Spire (QoL Compilation)","Quick Restart","Rare Cards Sparkle"],"gold_per_floor":[115,19,69,83,83,83,83,83,110,142,158,177,203,0,0,74,74,93,93,93,93,68,68,68,68],"floor_reached":24,"playtime":755,"items_purged":["Strike_B"],"score":454,"play_id":"a54feeee-1f73-4c68-85fc-0329582efc4a","local_time":"20201211095146","is_ascension_mode":true,"campfire_choices":[{"data":"Doom and Gloom","floor":6,"key":"SMITH"},{"data":"Loop","floor":8,"key":"SMITH"},{"data":"Loop","floor":15,"key":"SMITH"},{"floor":23,"key":"REST"}],"circlet_count":0,"master_deck":["AscendersBane","Strike_B","Strike_B","Strike_B","Defend_B","Defend_B","Defend_B","Defend_B","Zap","Dualcast","Cold Snap","Cold Snap","Loop+1","Doom and Gloom+1","Loop+1","Cold Snap","Echo Form","Buffer","Undo","Ball Lightning+1"],"relics":["Cracked Core","NeowsBlessing","Strawberry","Cables","Smiling Mask","Runic Dome"],"acts_visited":["Exordium","TheCity"],"potions_floor_usage":[16,22,22],"damage_taken":[{"damage":0,"enemies":"Cultist","floor":1,"turns":1},{"damage":0,"enemies":"Jaw Worm","floor":4,"turns":1},{"damage":0,"enemies":"3 Sentries","floor":10,"turns":1},{"damage":0,"enemies":"2 Louse","floor":11,"turns":2},{"damage":1,"enemies":"2 Fungi Beasts","floor":12,"turns":2},{"damage":24,"enemies":"Lagavulin","floor":13,"turns":8},{"damage":33,"enemies":"Slime Boss","floor":16,"turns":4},{"damage":31,"enemies":"3 Byrds","floor":18,"turns":5},{"damage":18,"enemies":"2 Thieves","floor":22,"turns":4},{"damage":21,"enemies":"Slavers","floor":24,"turns":2}],"seed_played":"7737872015340589784","potions_obtained":[{"floor":10,"key":"EssenceOfDarkness"},{"floor":11,"key":"GamblersBrew"},{"floor":12,"key":"LiquidMemories"},{"floor":16,"key":"Weak Potion"},{"floor":18,"key":"Fire Potion"}],"is_trial":false,"path_per_floor":["M","$","?","M","?","R","?","R","T","E","M","M","E","$","R","B",null,"M","?","?","?","M","R","E"],"character_chosen":"DEFECT","items_purchased":["Cold Snap","Loop","Echo Form"],"campfire_rested":1,"item_purchase_floors":[2,2,14],"current_hp_per_floor":[64,64,64,64,64,64,69,69,76,76,76,75,51,51,51,18,67,36,36,36,36,18,42,21,21],"gold":68,"neow_bonus":"THREE_ENEMY_KILL","is_daily":false,"chose_seed":false,"campfire_upgraded":3,"win_rate":0.0,"timestamp":1607642506,"path_taken":["M","$","?","?","?","R","?","R","T","E","M","M","E","$","R","BOSS","M","?","?","?","M","R","E"],"items_purchased_type":["Card","Card","Card"],"build_version":"2020-11-30","purchased_purges":1,"victory":false,"max_hp_per_floor":[71,71,71,71,71,71,76,76,83,83,83,83,83,83,83,83,83,83,83,83,83,83,83,83,83],"card_choices":[{"not_picked":["Defragment","Turbo"],"picked":"Cold Snap","floor":1},{"not_picked":["Steam","Melter"],"picked":"Doom and Gloom","floor":4},{"not_picked":["Cold Snap","Hello World"],"picked":"Loop","floor":10},{"not_picked":["Sunder","Rebound","Doom and Gloom"],"picked":"SKIP","floor":11},{"not_picked":["Leap","Gash"],"picked":"Cold Snap","floor":12},{"not_picked":["Steam Power","Lockon","Streamline"],"picked":"SKIP","floor":13},{"not_picked":["Multi-Cast","Creative AI"],"picked":"Buffer","floor":16},{"not_picked":["Blizzard","Stack"],"picked":"Undo","floor":18},{"not_picked":["Streamline","Darkness"],"picked":"Ball Lightning+1","floor":22}],"player_experience":2017081,"relics_obtained":[{"floor":9,"key":"Strawberry"},{"floor":10,"key":"Cables"},{"floor":13,"key":"Smiling Mask"}],"event_choices":[{"damage_healed":0,"gold_gain":50,"player_choice":"Pray","damage_taken":0,"max_hp_gain":0,"max_hp_loss":0,"event_name":"Golden Shrine","floor":3,"gold_loss":0},{"damage_healed":0,"gold_gain":0,"player_choice":"Ignored","damage_taken":0,"max_hp_gain":0,"max_hp_loss":0,"event_name":"Liars Game","floor":5,"gold_loss":0},{"damage_healed":0,"gold_gain":0,"player_choice":"Donut","damage_taken":0,"max_hp_gain":5,"max_hp_loss":0,"event_name":"Big Fish","floor":7,"gold_loss":0},{"damage_healed":0,"gold_gain":0,"player_choice":"Ignored","damage_taken":0,"max_hp_gain":0,"max_hp_loss":0,"event_name":"Ghosts","floor":19,"gold_loss":0},{"damage_healed":0,"gold_gain":0,"player_choice":"Ignored","damage_taken":0,"max_hp_gain":0,"max_hp_loss":0,"event_name":"The Mausoleum","floor":20,"gold_loss":0},{"damage_healed":0,"gold_gain":0,"player_choice":"Ignored","damage_taken":0,"max_hp_gain":0,"max_hp_loss":0,"event_name":"Cursed Tome","floor":21,"gold_loss":0}],"is_beta":false,"boss_relics":[{"not_picked":["Coffee Dripper","Velvet Choker"],"picked":"Runic Dome"}],"items_purged_floors":[14],"is_endless":false,"potions_floor_spawned":[10,11,12,16,18],"killed_by":"Slavers","ascension_level":20}}