{"host":"yo9wwslrag05lh37","time":1607563541,"event":{"gold_per_floor":[118,134,184,202,215,247,260,23,23,33,68,68,68,3,3,82,82,97,108,108,121,36,36,36,61,136,136,155,155,165,199,199,272,272,285,335,355,374,374,374,402,402,470,497,270,270,295,119,119,119,119,119,119,2,27,27,27],"floor_reached":56,"playtime":3345,"items_purged":["Strike_B","Strike_B"],"score":2056,"play_id":"9e7c37d7-bd99-4d5f-8a81-8644277edc6b","local_time":"20201210022541","is_ascension_mode":true,"campfire_choices":[{"data":"Zap","floor":12.0,"key":"SMITH"},{"data":"Dualcast","floor":15.0,"key":"SMITH"},{"data":"Ghostly","floor":23,"key":"SMITH"},{"data":"Beam Cell","floor":27,"key":"SMITH"},{"data":"Lockon","floor":29,"key":"SMITH"},{"data":"Capacitor","floor":32,"key":"SMITH"},{"data":"Ghostly","floor":40,"key":"SMITH"},{"data":"Darkness","floor":42,"key":"SMITH"},{"floor":46,"key":"RECALL"},{"data":"Seek","floor":49,"key":"SMITH"},{"data":"Seek","floor":53,"key":"SMITH"}],"neow_cost":"NONE","seed_source_timestamp":2081033231253700,"circlet_count":0,"master_deck":["AscendersBane","Strike_B","Strike_B+1","Defend_B","Defend_B","Defend_B","Defend_B","Zap+1","Dualcast+1","Lockon+1","Seek+1","Ball Lightning","All For One","Redo+1","Capacitor+1","Seek+1","Turbo+1","Doom and Gloom","Ghostly+1","Ghostly+1","Ghostly","Beam Cell+1","Double Energy","Seek","Gash+1","Consume+1","Darkness+1","Glacier","Gash","Capacitor"],"special_seed":0,"relics":["Cracked Core","Orichalcum","Pear","ClockworkSouvenir","Mango","The Courier","Runic Pyramid","FossilizedHelix","HornCleat","Pantograph","Nunchaku","Nuclear Battery","Pocketwatch","Smiling Mask","Medical Kit","Emotion Chip","Runic Capacitor","Whetstone"],"potions_floor_usage":[18,33,33,44,44,55,56],"damage_taken":[{"damage":8.0,"enemies":"2 Louse","floor":1.0,"turns":2.0},{"damage":0.0,"enemies":"Cultist","floor":2.0,"turns":3.0},{"damage":3.0,"enemies":"Jaw Worm","floor":4.0,"turns":3.0},{"damage":18.0,"enemies":"Exordium Wildlife","floor":5.0,"turns":4.0},{"damage":19.0,"enemies":"Lagavulin","floor":6.0,"turns":6.0},{"damage":11.0,"enemies":"Lots of Slimes","floor":7.0,"turns":4.0},{"damage":7.0,"enemies":"Blue Slaver","floor":10.0,"turns":2.0},{"damage":5.0,"enemies":"Gremlin Nob","floor":11.0,"turns":3.0},{"damage":0.0,"enemies":"Slime Boss","floor":16.0,"turns":6.0},{"damage":10,"enemies":"2 Thieves","floor":18,"turns":3},{"damage":24,"enemies":"Shell Parasite","floor":19,"turns":4},{"damage":0,"enemies":"Snake Plant","floor":21,"turns":4},{"damage":12,"enemies":"Gremlin Leader","floor":25,"turns":7},{"damage":0,"enemies":"Snecko","floor":28,"turns":3},{"damage":0,"enemies":"3 Cultists","floor":30,"turns":4},{"damage":7,"enemies":"Book of Stabbing","floor":31,"turns":5},{"damage":15,"enemies":"Champ","floor":33,"turns":11},{"damage":14,"enemies":"3 Darklings","floor":35,"turns":9},{"damage":0,"enemies":"3 Shapes","floor":37,"turns":6},{"damage":0,"enemies":"Maw","floor":38,"turns":7},{"damage":0,"enemies":"Nemesis","floor":41,"turns":7},{"damage":16,"enemies":"Reptomancer","floor":44,"turns":6},{"damage":0,"enemies":"Mind Bloom Boss Battle","floor":47,"turns":6},{"damage":37,"enemies":"Donu and Deca","floor":50,"turns":7},{"damage":15,"enemies":"Time Eater","floor":51,"turns":7},{"damage":36,"enemies":"Shield and Spear","floor":55,"turns":9},{"damage":71,"enemies":"The Heart","floor":56,"turns":8}],"seed_played":"-447232210756022842","potions_obtained":[{"floor":1.0,"key":"Block Potion"},{"floor":6.0,"key":"EssenceOfDarkness"},{"floor":7.0,"key":"FocusPotion"},{"floor":18,"key":"BlessingOfTheForge"},{"floor":21,"key":"SpeedPotion"},{"floor":31,"key":"PowerPotion"},{"floor":33,"key":"DuplicationPotion"},{"floor":37,"key":"FocusPotion"},{"floor":44,"key":"Fruit Juice"},{"floor":55,"key":"LiquidBronze"}],"is_trial":false,"path_per_floor":["M","M","?","M","M","E","M","$","T","M","E","R","?","$","R","B",null,"M","M","?","M","?","R","?","E","T","R","M","R","M","E","R","B",null,"M","?","M","M","?","R","E","R","T","E","$","R","?","$","R","B","B",null,"R","$","E","B"],"character_chosen":"DEFECT","items_purchased":["Capacitor","ClockworkSouvenir","FTL","Medical Kit","Fire Potion","Runic Capacitor","Gash","Capacitor"],"campfire_rested":0,"item_purchase_floors":[8,8,14,45,45,48,54,54],"current_hp_per_floor":[56,56,56,53,35,26,15,15,29,22,17,17,17,17,17,17,76,66,42,42,42,42,42,42,30,30,30,30,30,30,23,23,32,43,29,29,29,29,29,29,29,29,29,13,13,13,38,38,38,10,20,40,40,40,9,0,0],"gold":27,"neow_bonus":"RANDOM_COMMON_RELIC","is_prod":false,"is_daily":false,"chose_seed":false,"campfire_upgraded":10,"win_rate":0,"timestamp":1607563541,"path_taken":["M","M","?","M","M","E","?","$","T","M","E","R","?","?","R","BOSS","M","?","?","M","?","R","?","E","T","R","M","R","M","E","R","BOSS","M","?","M","?","?","R","E","R","T","E","$","R","?","?","R","BOSS","BOSS","R","$","E","BOSS"],"build_version":"2020-11-30","purchased_purges":2,"victory":false,"max_hp_per_floor":[71,71,71,71,71,81,81,81,95,95,95,95,95,95,95,95,95,95,95,47,47,47,47,47,47,47,47,47,47,47,47,47,47,47,47,47,47,47,47,47,47,47,47,47,47,47,47,47,47,47,47,47,47,47,52,52,52],"relic_stats":{"Nunchaku":[18],"Emotion Chip":[85,35,19,19,12],"counters":[27,146],"Pantograph":108,"Whetstone":["Gash","Strike_B"],"Orichalcum":[462],"Smiling Mask":40,"Medical Kit":[9],"obtain_stats":[{"Pear":6,"Mango":9,"The Courier":11,"Runic Capacitor":48,"Whetstone":55,"Orichalcum":0,"Smiling Mask":44,"Medical Kit":45,"ClockworkSouvenir":8,"Nuclear Battery":34,"Nunchaku":31,"Emotion Chip":47,"HornCleat":25,"Pantograph":26,"Cracked Core":0,"FossilizedHelix":22,"Runic Pyramid":17,"Pocketwatch":41},{"Pear":5,"Mango":6,"The Courier":8,"Runic Capacitor":23,"Whetstone":26,"Orichalcum":0,"Smiling Mask":22,"Medical Kit":22,"ClockworkSouvenir":6,"Nuclear Battery":17,"Nunchaku":16,"Emotion Chip":23,"HornCleat":13,"Pantograph":13,"Cracked Core":0,"FossilizedHelix":12,"Runic Pyramid":9,"Pocketwatch":21},{"Pear":18,"Mango":22,"The Courier":27,"Runic Capacitor":115,"Whetstone":138,"Orichalcum":0,"Smiling Mask":109,"Medical Kit":109,"ClockworkSouvenir":22,"Nuclear Battery":74,"Nunchaku":63,"Emotion Chip":115,"HornCleat":51,"Pantograph":51,"Cracked Core":0,"FossilizedHelix":44,"Runic Pyramid":33,"Pocketwatch":103}],"Pocketwatch":[15]},"card_choices":[{"not_picked":["Hologram","Recycle"],"picked":"Lockon","floor":1.0},{"not_picked":["Compile Driver","Stack","Leap"],"picked":"SKIP","floor":2.0},{"not_picked":["Streamline","Auto Shields"],"picked":"Seek","floor":4.0},{"not_picked":["Go for the Eyes","Heatsinks"],"picked":"Ball Lightning","floor":5.0},{"not_picked":["Self Repair","Cold Snap"],"picked":"All For One","floor":6.0},{"not_picked":["Static Discharge","Ball Lightning"],"picked":"Redo","floor":7.0},{"not_picked":["Storm","White Noise","Stack"],"picked":"SKIP","floor":10.0},{"not_picked":["Chaos","Hologram","Undo"],"picked":"SKIP","floor":11.0},{"not_picked":["Creative AI","Reboot"],"picked":"Seek","floor":16.0},{"not_picked":["Cold Snap","Coolheaded"],"picked":"Turbo+1","floor":18},{"not_picked":["Coolheaded","Conserve Battery"],"picked":"Doom and Gloom","floor":19},{"not_picked":["Double Energy","Stack"],"picked":"Beam Cell","floor":21},{"not_picked":["Ball Lightning","Lockon","Stack"],"picked":"SKIP","floor":25},{"not_picked":["Hologram","Leap+1","Coolheaded"],"picked":"SKIP","floor":28},{"not_picked":["Stack","Sweeping Beam","Go for the Eyes"],"picked":"SKIP","floor":30},{"not_picked":["Turbo","Redo+1"],"picked":"Double Energy","floor":31},{"not_picked":["Core Surge","Hyperbeam"],"picked":"Seek","floor":33},{"not_picked":["Conserve Battery","Coolheaded+1"],"picked":"Gash","floor":35},{"not_picked":["Rebound+1","Coolheaded"],"picked":"Consume+1","floor":37},{"not_picked":["Aggregate","Doom and Gloom+1","Fusion"],"picked":"SKIP","floor":38},{"not_picked":["Compile Driver+1","Streamline+1"],"picked":"Darkness","floor":41},{"not_picked":["Stack","Steam Power","Thunder Strike"],"picked":"SKIP","floor":44},{"not_picked":["Leap","Storm+1"],"picked":"Glacier","floor":47},{"not_picked":["Stack","Ball Lightning+1","Turbo"],"picked":"SKIP","floor":55}],"player_experience":1319079,"relics_obtained":[{"floor":6.0,"key":"Pear"},{"floor":9.0,"key":"Mango"},{"floor":11.0,"key":"The Courier"},{"floor":25,"key":"HornCleat"},{"floor":26,"key":"Pantograph"},{"floor":31,"key":"Nunchaku"},{"floor":41,"key":"Pocketwatch"},{"floor":44,"key":"Smiling Mask"},{"floor":47,"key":"Emotion Chip"},{"floor":55,"key":"Whetstone"}],"event_choices":[{"damage_healed":0.0,"max_hp_gain":0.0,"max_hp_loss":0.0,"gold_gain":50.0,"event_name":"Golden Shrine","player_choice":"Pray","floor":3.0,"gold_loss":0.0,"damage_taken":0.0},{"damage_healed":0.0,"max_hp_gain":0.0,"max_hp_loss":0.0,"gold_gain":0.0,"event_name":"Living Wall","player_choice":"Grow","floor":13.0,"gold_loss":0.0,"damage_taken":0.0,"cards_upgraded":["Redo"]},{"damage_healed":0,"gold_gain":0,"player_choice":"Became a Ghost","damage_taken":0,"max_hp_gain":0,"max_hp_loss":48,"event_name":"Ghosts","floor":20,"gold_loss":0,"cards_obtained":["Ghostly","Ghostly","Ghostly"]},{"damage_healed":0,"gold_gain":0,"player_choice":"Obtained Relic","damage_taken":0,"relics_obtained":["FossilizedHelix"],"max_hp_gain":0,"max_hp_loss":0,"event_name":"Addict","floor":22,"gold_loss":85},{"damage_healed":0,"gold_gain":0,"player_choice":"Ignored","damage_taken":0,"max_hp_gain":0,"max_hp_loss":0,"event_name":"Cursed Tome","floor":24,"gold_loss":0},{"damage_healed":0,"gold_gain":50,"player_choice":"Pray","damage_taken":0,"max_hp_gain":0,"max_hp_loss":0,"event_name":"Golden Shrine","floor":36,"gold_loss":0},{"cards_removed":["FTL"],"damage_healed":0,"gold_gain":0,"player_choice":"Removed Attack","damage_taken":0,"max_hp_gain":0,"max_hp_loss":0,"event_name":"Falling","floor":39,"gold_loss":0},{"damage_healed":0,"gold_gain":0,"player_choice":"Fight","damage_taken":0,"max_hp_gain":0,"max_hp_loss":0,"event_name":"MindBloom","floor":47,"gold_loss":0}],"is_beta":false,"boss_relics":[{"not_picked":["Inserter","Empty Cage"],"picked":"Runic Pyramid"},{"not_picked":["Calling Bell","Cursed Key"],"picked":"Nuclear Battery"}],"items_purged_floors":[45,48],"is_endless":false,"potions_floor_spawned":[1,6,7,18,21,28,31,33,37,38,41,44,55],"killed_by":"The Heart","ascension_level":20}}