{"host":"5s7sm4h73jkd9266","time":1607598644,"event":{"gold_per_floor":[109,84,84,5,17,17,46,46,46,46,66,85,170,97,97,193,193,110,3,3,3,15,15,46,46,46,91,16,32,50,60,60,155,155,71,83,83,152,52,79,79,79,79,79,90,125,125,135,135,35,35],"floor_reached":50,"playtime":3431,"items_purged":["ReplayTheSpireMod:Splinters","Shame"],"score":951,"play_id":"96153555-3786-4701-9386-bff457620911","local_time":"20201210061044","is_ascension_mode":false,"campfire_choices":[{"data":"Summon_Lich","floor":6,"key":"SMITH"},{"data":"expansioncontent:CaCaw","floor":8,"key":"SMITH"},{"data":"Vampiric_Strike","floor":10,"key":"SMITH"},{"floor":15,"key":"REST"},{"floor":23,"key":"REST"},{"data":"Summon_Death_Knight","floor":25,"key":"SMITH"},{"floor":32,"key":"REST"},{"data":"Summon_Death_Knight","floor":41,"key":"SMITH"},{"floor":44,"key":"REST"},{"data":"Summon_Death_Knight","floor":47,"key":"SMITH"},{"floor":49,"key":"REST"}],"neow_cost":"","seed_source_timestamp":2908157403200,"circlet_count":0,"master_deck":["Strike_W","Strike_W","Strike_W","Defend_W","Defend_W","Defend_W","Defend_W","Negative_Energy_Arrows","Bone_Wall","Summon_Lich+1","Consume_Illness","Death_Knell","expansioncontent:CaCaw+1","Summon_Undead","Spectral_Armor","Vampiric_Strike+1","Summon_Death_Knight+1","Scare","Necrotic_Claws","Finger_Of_Death","Slay_Living","Detonate_Bones","Bones_to_Steel","Summon_Lich","Deaths_Shadow","Stop_Heart+1","Negative_Energy_Bomb+1","Bone_Armor","Bones_to_Steel","Bone_Bullets+1","Summon_Death_Knight+1","Acid_Javelin+1","Negative_Energy_Javelin+1","Summon_Death_Knight+1","Bone_Prison+1","Negative_Energy_Shield+1","Parasite","Summon_Undead"],"relics":["Vampire_Amulet","Shuriken","Replay:Wax Seal","Ribbon","hubris:CrystalStatue","Art of War","Bronze Scales","Golden_Hairpin","Nloth\u0027s Gift","Molten Egg 2","conspire:DecoderRing","StuffTheSpire:Gunfinga","ChewingGum","hubris:BottledRain","Bottled Flame","Replay:Accelerometer","vexMod:MemoryStick"],"potions_floor_usage":[1,22,24,29,30,35,40,45,50],"damage_taken":[{"damage":0,"enemies":"Cultist","floor":1,"turns":4},{"damage":8,"enemies":"Small Slimes","floor":5,"turns":4},{"damage":18,"enemies":"Lagavulin","floor":7,"turns":7},{"damage":5,"enemies":"conspire:RoseBush","floor":11,"turns":3},{"damage":18,"enemies":"Lots of Slimes","floor":12,"turns":2},{"damage":26,"enemies":"3 Sentries","floor":14,"turns":8},{"damage":18,"enemies":"Slime Boss","floor":16,"turns":10},{"damage":22,"enemies":"Spheric Guardian","floor":18,"turns":5},{"damage":4,"enemies":"conspire:FuzzyDice","floor":22,"turns":5},{"damage":36,"enemies":"Slavers","floor":24,"turns":7},{"damage":9,"enemies":"Snake Plant","floor":29,"turns":2},{"damage":8,"enemies":"Snecko","floor":30,"turns":3},{"damage":20,"enemies":"Shelled Parasite and Fungi","floor":31,"turns":5},{"damage":35,"enemies":"Pondfish","floor":33,"turns":9},{"damage":15,"enemies":"3 Darklings","floor":35,"turns":6},{"damage":3,"enemies":"Orb Walker","floor":36,"turns":3},{"damage":32,"enemies":"Reptomancer","floor":40,"turns":7},{"damage":5,"enemies":"Spire Growth","floor":45,"turns":5},{"damage":18,"enemies":"Giant Head","floor":46,"turns":8},{"damage":16,"enemies":"Writhing Mass","floor":48,"turns":5},{"damage":109,"enemies":"conspire:OrnateMirror","floor":50,"turns":7}],"seed_played":"-1522775191277438851","potions_obtained":[{"floor":5,"key":"blueLaboratory:BottledHope"},{"floor":7,"key":"blueLaboratory:LouseDecoction"},{"floor":12,"key":"blueLaboratory:AbyssPotion"},{"floor":18,"key":"EssenceOfSteel"},{"floor":22,"key":"Dexterity Potion"},{"floor":24,"key":"Languid Potion"},{"floor":29,"key":"blueLaboratory:FruitPunch"},{"floor":33,"key":"DuplicationPotion"},{"floor":35,"key":"Explosive Potion"},{"floor":46,"key":"blueLaboratory:SavagePotion"}],"is_trial":false,"path_per_floor":["M","?","?","$","M","R","E","R","T","R","M","M","?","E","R","B",null,"M","$","?","$","M","R","E","R","T","T","$","M","M","M","R","B",null,"M","M","$","T","$","E","R","?","T","R","M","E","R","M","R","B"],"character_chosen":"NECROMANCER","items_purchased":["Shuriken","conspire:Banana","Summon_Lich","blueLaboratory:FruitPunch","expansioncontent:CaCaw","Ribbon","Summon_Undead","Summon_Lich","Deaths_Shadow"],"campfire_rested":5,"item_purchase_floors":[0,0,0,0,4,4,4,19,19],"current_hp_per_floor":[58,58,58,58,60,60,62,62,62,62,59,54,54,37,60,77,77,57,57,57,57,57,77,50,50,50,50,50,46,45,29,52,26,79,70,69,69,69,69,52,52,52,52,75,75,64,64,51,74,0,0],"gold":35,"neow_bonus":"","is_prod":false,"is_daily":false,"chose_seed":false,"campfire_upgraded":6,"win_rate":0.0,"timestamp":1607598644,"path_taken":["M","?","?","$","?","R","E","R","T","R","M","?","?","E","R","BOSS","M","?","?","$","?","R","E","R","T","?","$","M","?","M","R","BOSS","M","M","$","?","$","E","R","?","T","R","M","E","R","M","R","BOSS"],"build_version":"2020-11-30","purchased_purges":2,"victory":false,"max_hp_per_floor":[77,77,77,77,77,77,77,77,77,77,77,77,77,77,77,77,77,77,77,77,77,77,77,77,77,77,77,77,77,79,79,79,79,79,79,79,79,79,79,79,79,79,79,79,79,79,79,79,79,79,79],"relic_stats":{"counters":[24,141],"Shuriken":[9],"Bronze Scales":[249],"Art of War":[20],"Nloth\u0027s Gift":4,"obtain_stats":[{"Replay:Accelerometer":43,"vexMod:MemoryStick":46,"hubris:CrystalStatue":9,"Basket Of Snakes":2,"Golden_Hairpin":17,"StuffTheSpire:Gunfinga":27,"Bottled Flame":40,"Shuriken":0,"Ribbon":4,"Bronze Scales":14,"conspire:DecoderRing":26,"Molten Egg 2":24,"ChewingGum":34,"Vampire_Amulet":20,"Art of War":13,"Nloth\u0027s Gift":20,"Replay:Wax Seal":2,"Ring of the Snake":0,"Replay:Bottled Steam":7,"hubris:BottledRain":38},{"Replay:Accelerometer":20,"vexMod:MemoryStick":22,"hubris:CrystalStatue":6,"Basket Of Snakes":1,"Golden_Hairpin":10,"StuffTheSpire:Gunfinga":13,"Bottled Flame":20,"Shuriken":3,"Ribbon":4,"Bronze Scales":9,"conspire:DecoderRing":13,"Molten Egg 2":13,"ChewingGum":17,"Vampire_Amulet":11,"Art of War":8,"Nloth\u0027s Gift":11,"Replay:Wax Seal":4,"Ring of the Snake":0,"Replay:Bottled Steam":6,"hubris:BottledRain":19},{"Replay:Accelerometer":116,"vexMod:MemoryStick":129,"hubris:CrystalStatue":41,"Basket Of Snakes":5,"Golden_Hairpin":64,"StuffTheSpire:Gunfinga":81,"Bottled Flame":116,"Shuriken":26,"Ribbon":30,"Bronze Scales":54,"conspire:DecoderRing":81,"Molten Egg 2":81,"ChewingGum":100,"Vampire_Amulet":69,"Art of War":46,"Nloth\u0027s Gift":69,"Replay:Wax Seal":30,"Ring of the Snake":0,"Replay:Bottled Steam":41,"hubris:BottledRain":109}]},"card_choices":[{"not_picked":["Bones_to_Steel","Slay_Living"],"picked":"Consume_Illness","floor":1},{"not_picked":["Bone_Armor","Bone_Prison"],"picked":"Spectral_Armor","floor":5},{"not_picked":["Death_Coil","Violent_Necrosis"],"picked":"Vampiric_Strike","floor":7},{"not_picked":["Plague_Bolt","Summon_Undead_Army"],"picked":"Summon_Death_Knight","floor":11},{"not_picked":["Negative_Energy_Javelin","Vampiric_Strike"],"picked":"Scare","floor":12},{"not_picked":["Blood_Whip","Blood_Is_Power"],"picked":"Necrotic_Claws","floor":13},{"not_picked":["Bone_Bullets","Necromantic_Selection"],"picked":"Finger_Of_Death","floor":13},{"not_picked":["Negative_Energy_Burst","Acid_Javelin"],"picked":"Slay_Living","floor":14},{"not_picked":["Blood_Magic","Blood_Wake"],"picked":"Detonate_Bones","floor":16},{"not_picked":["Negative_Energy_Javelin","Shade_Step+1"],"picked":"Bones_to_Steel","floor":18},{"not_picked":["Blood_Curse+1","Death_Coil+1"],"picked":"Stop_Heart+1","floor":22},{"not_picked":["Reap_The_Weak+1","Detonate_Bones+1"],"picked":"Negative_Energy_Bomb+1","floor":24},{"not_picked":["Blood_for_Blood+1","Finger_Of_Death+1"],"picked":"Bone_Armor","floor":29},{"not_picked":["Violent_Necrosis","Whirlwind_of_Bones+1"],"picked":"Bones_to_Steel","floor":30},{"not_picked":["Blood_Curse+1","Spectral_Armor"],"picked":"Bone_Bullets+1","floor":31},{"not_picked":["Skeleton_Dragon","Requiem+1"],"picked":"Summon_Death_Knight","floor":33},{"not_picked":["Finger_Of_Death+1","Bone_Spikes+1"],"picked":"Acid_Javelin+1","floor":35},{"not_picked":["Stop_Heart","Death_March_Dance+1"],"picked":"Negative_Energy_Javelin+1","floor":36},{"not_picked":["Negative_Energy_Bomb+1","Bones_to_Steel+1"],"picked":"Summon_Death_Knight","floor":40},{"not_picked":["Negative_Energy_Bomb+1","Bone_Spikes+1"],"picked":"Bone_Prison+1","floor":45},{"not_picked":["Consume_Illness+1","Finger_Of_Death+1"],"picked":"Negative_Energy_Shield+1","floor":46},{"not_picked":["Thousand_Bone_Knives+1","Scare+1"],"picked":"Summon_Undead","floor":48}],"player_experience":5271274,"relics_obtained":[{"floor":7,"key":"Replay:Bottled Steam"},{"floor":9,"key":"hubris:CrystalStatue"},{"floor":13,"key":"Art of War"},{"floor":14,"key":"Bronze Scales"},{"floor":24,"key":"Molten Egg 2"},{"floor":26,"key":"conspire:DecoderRing"},{"floor":27,"key":"StuffTheSpire:Gunfinga"},{"floor":38,"key":"hubris:BottledRain"},{"floor":40,"key":"Bottled Flame"},{"floor":43,"key":"Replay:Accelerometer"},{"floor":46,"key":"vexMod:MemoryStick"}],"event_choices":[{"damage_healed":0,"gold_gain":0,"cards_transformed":["Strike_W"],"player_choice":"Transformed","damage_taken":0,"max_hp_gain":0,"max_hp_loss":0,"event_name":"Transmorgrifier","floor":3,"gold_loss":0,"cards_obtained":["Death_Knell"]},{"damage_healed":0,"gold_gain":0,"player_choice":"Traded Relic","damage_taken":0,"relics_obtained":["Nloth\u0027s Gift"],"max_hp_gain":0,"max_hp_loss":0,"event_name":"N\u0027loth","floor":20,"relics_lost":["Replay:Bottled Steam"],"gold_loss":0}],"is_beta":false,"boss_relics":[{"not_picked":["Replay:Bronze Core","Painkiller Herb"],"picked":"Golden_Hairpin"},{"not_picked":["hubris:GrandSneckoEye","hubris:Backtick"],"picked":"ChewingGum"}],"items_purged_floors":[28,39],"is_endless":false,"potions_floor_spawned":[5,7,12,18,22,24,29,33,35,46],"killed_by":"conspire:OrnateMirror","ascension_level":0}}