{"host":"cvdbfwtypahr1w62","time":1607633196,"event":{"mods":["BaseMod","StSLib","Colored Map","AchievementEnabler","Minty Spire (QoL Compilation)","Jorbs\u0027s Wanderer Trilogy","Rare Cards Sparkle","Shop Mod","BetterRewards","Filter the Spire","Highlight Path","Relic Stats","Marisa????????","The Cursed","Act Like it!","Hallownest","The Bug Knight"],"gold_per_floor":[114,114,114,114,126,126,56,66,66,81,81,81,96,131,131,203,203,214,232,232,84,234,234,261,281,281,281,281,281],"floor_reached":28,"playtime":1576,"items_purged":["Strike_R","Strike_R","Strike_R","Strike_R"],"score":576,"play_id":"081de3de-3e37-4369-abfe-928f50e794b2","local_time":"20201210214636","is_ascension_mode":true,"campfire_choices":[{"data":"Limit Break","floor":6,"key":"SMITH"},{"floor":11,"key":"REST"},{"data":"Berserk","floor":15,"key":"SMITH"},{"data":"Offering","floor":23,"key":"SMITH"},{"data":"Headbutt","floor":27,"key":"SMITH"}],"circlet_count":0,"master_deck":["AscendersBane","Defend_R+1","Defend_R","Defend_R+1","Bash+1","Inflame","Limit Break+1","Headbutt+1","Berserk+1","Offering+1","Regret"],"relics":["Burning Blood","Membership Card","Blood Vial","Gremlin Horn","Hallownest:TeacherSealRelic","Hallownest:StagBellRelic1","Matryoshka","Turnip","Cursed Key","Lee\u0027s Waffle","Regal Pillow","War Paint","InkBottle"],"acts_visited":["Exordium","Hallownest:Greenpath"],"potions_floor_usage":[0,10,24,28],"damage_taken":[{"damage":0,"enemies":"Hallownest:monsterHuskWarrior","floor":1,"turns":6},{"damage":23,"enemies":"Hallownest:monsterMarmu","floor":4,"turns":5},{"damage":7,"enemies":"Hallownest:monsterHuskGuard","floor":5,"turns":3},{"damage":14,"enemies":"2_ Uuma","floor":8,"turns":4},{"damage":17,"enemies":"Hallownest:Guard_and_Warrior","floor":10,"turns":6},{"damage":0,"enemies":"Hallownest:monsterAspidMother","floor":12,"turns":4},{"damage":4,"enemies":"Hallownest:monsterFoolEater","floor":13,"turns":5},{"damage":7,"enemies":"Hallownest:eliteVengeflyKing","floor":14,"turns":4},{"damage":17,"enemies":"Hallownest:BossBrokenVessel","floor":16,"turns":4},{"damage":17,"enemies":"Hallownest:2_Mistakes","floor":18,"turns":4},{"damage":15,"enemies":"Hallownest:3_Youths","floor":19,"turns":3},{"damage":37,"enemies":"Hallownest:eliteWatcherKnight","floor":24,"turns":11},{"damage":6,"enemies":"Hallownest:Warrior_and_Youth","floor":25,"turns":4},{"damage":62,"enemies":"Hallownest:3_Mistakes","floor":28,"turns":5}],"seed_played":"8827061022859102654","potions_obtained":[{"floor":1,"key":"LiquidBronze"},{"floor":8,"key":"Weak Potion"},{"floor":16,"key":"Dexterity Potion"},{"floor":24,"key":"Ancient Potion"}],"is_trial":false,"path_per_floor":["M","?","?","?","M","R","?","M","T","M","R","M","M","E","R","B",null,"M","M","?","$","?","R","E","M","T","R","M"],"character_chosen":"IRONCLAD","items_purchased":["Membership Card","Blood Vial","Inflame","Limit Break","Gremlin Horn","BloodPotion","Lee\u0027s Waffle"],"campfire_rested":1,"item_purchase_floors":[0,0,0,0,0,0,21],"current_hp_per_floor":[59,59,59,44,45,45,45,39,39,30,54,62,66,67,67,58,75,66,59,59,87,87,87,56,58,58,58,0,0],"gold":281,"neow_bonus":"","is_daily":false,"chose_seed":false,"campfire_upgraded":4,"win_rate":0,"timestamp":1607633196,"path_taken":["M","?","?","?","M","R","?","?","T","M","R","M","M","E","R","BOSS","M","M","?","$","?","R","E","?","T","R","M"],"build_version":"2020-11-30","purchased_purges":4,"victory":false,"max_hp_per_floor":[80,80,80,80,80,80,80,80,80,80,80,80,80,80,80,80,80,80,80,80,87,87,87,87,87,87,87,87,87],"relic_stats":{"Blood Vial":26,"Lee\u0027s Waffle":28,"Regal Pillow":0,"Gremlin Horn":[12,12],"counters":[46,208],"Turnip":[4],"War Paint":["Defend_R","Defend_R"],"Cursed Key":1,"obtain_stats":[{"Lantern":26,"Hallownest:StagBellRelic1":7,"Regal Pillow":24,"Singing Bowl":9,"Gremlin Horn":0,"Black Blood":34,"Ancient Tea Set":43,"Smiling Mask":46,"Cursed Key":17,"Burning Blood":0,"ClockworkSouvenir":31,"Blood Vial":0,"Dream Catcher":24,"Matryoshka":26,"Strawberry":30,"Red Mask":19,"Chemical X":0,"HollowMod:PaleOreRelic":24,"Hallownest:TeacherSealRelic":2,"InkBottle":26,"Runic Pyramid":17,"Lee\u0027s Waffle":21,"Happy Flower":9,"Odd Mushroom":13,"Frozen Egg 2":43,"War Paint":26,"Bottled Flame":46,"Bird Faced Urn":7,"Turnip":14,"Black Star":17,"Membership Card":0,"FossilizedHelix":0},{"Lantern":10,"Hallownest:StagBellRelic1":35,"Regal Pillow":44,"Singing Bowl":3,"Gremlin Horn":32,"Black Blood":26,"Ancient Tea Set":29,"Smiling Mask":31,"Cursed Key":41,"Burning Blood":0,"ClockworkSouvenir":25,"Blood Vial":32,"Dream Catcher":23,"Matryoshka":23,"Strawberry":11,"Red Mask":8,"Chemical X":12,"HollowMod:PaleOreRelic":23,"Hallownest:TeacherSealRelic":33,"InkBottle":45,"Runic Pyramid":6,"Lee\u0027s Waffle":43,"Happy Flower":15,"Odd Mushroom":17,"Frozen Egg 2":29,"War Paint":45,"Bottled Flame":31,"Bird Faced Urn":15,"Turnip":40,"Black Star":19,"Membership Card":32,"FossilizedHelix":0},{"Lantern":44,"Hallownest:StagBellRelic1":154,"Regal Pillow":199,"Singing Bowl":9,"Gremlin Horn":140,"Black Blood":115,"Ancient Tea Set":125,"Smiling Mask":138,"Cursed Key":181,"Burning Blood":0,"ClockworkSouvenir":106,"Blood Vial":140,"Dream Catcher":100,"Matryoshka":100,"Strawberry":48,"Red Mask":36,"Chemical X":56,"HollowMod:PaleOreRelic":100,"Hallownest:TeacherSealRelic":146,"InkBottle":203,"Runic Pyramid":27,"Lee\u0027s Waffle":188,"Happy Flower":67,"Odd Mushroom":70,"Frozen Egg 2":125,"War Paint":203,"Bottled Flame":138,"Bird Faced Urn":67,"Turnip":177,"Black Star":82,"Membership Card":140,"FossilizedHelix":0}],"Burning Blood":284,"InkBottle":[2]},"card_choices":[{"not_picked":["Cleave","Twin Strike"],"picked":"Headbutt","floor":1},{"not_picked":["Havoc","Body Slam","Warcry"],"picked":"SKIP","floor":5},{"not_picked":["Pummel","Sentinel","Clash"],"picked":"SKIP","floor":8},{"not_picked":["Iron Wave","Anger","Bloodletting"],"picked":"SKIP","floor":10},{"not_picked":["Dark Embrace","Headbutt","Shockwave"],"picked":"SKIP","floor":12},{"not_picked":["True Grit","Dropkick","Cleave"],"picked":"SKIP","floor":13},{"not_picked":["Iron Wave","Battle Trance"],"picked":"Berserk","floor":14},{"not_picked":["Immolate","Brutality"],"picked":"Offering","floor":16},{"not_picked":["Wild Strike+1","Dual Wield","Twin Strike+1"],"picked":"SKIP","floor":18},{"not_picked":["Thunderclap","Intimidate","Shrug It Off"],"picked":"SKIP","floor":19},{"not_picked":["Shockwave","Havoc","Rage+1"],"picked":"SKIP","floor":24},{"not_picked":["Cleave+1","Body Slam","Dropkick"],"picked":"SKIP","floor":25}],"player_experience":753428,"relics_obtained":[{"floor":9,"key":"Matryoshka"},{"floor":14,"key":"Turnip"},{"floor":24,"key":"Regal Pillow"},{"floor":26,"key":"War Paint"},{"floor":26,"key":"InkBottle"}],"event_choices":[],"is_beta":false,"boss_relics":[{"not_picked":["Snecko Eye","Runic Pyramid"],"picked":"Cursed Key"}],"items_purged_floors":[0,0,0,21],"is_endless":false,"potions_floor_spawned":[1,8,16,24,25],"killed_by":"Hallownest:3_Mistakes","ascension_level":13}}