{"host":"121m0oxswv9tg9hk","time":1607640936,"event":{"mods":["BaseMod","StSLib","AchievementEnabler","Downfall","Replay The Spire","Hubris","Infinite Spire","Minty Spire (QoL Compilation)","Better Third Choice","MarisaÅiñ∂âJÅ@ñÇóùçπÅj","The Construct","The Mystic","Hermit","The Cursed","Shade Mod","The Hierophant","The Gatherer","Aspiration","The Dragon Tamer"],"gold_per_floor":[110,13,288,307,318,351,351,376,376,73,88,88,120,140,140,236,236,248,248,258,268,268,302,315,330,357,357,357,357,357,370,370,474,474,492,492,492,578,590,620,620,620,620,620,638,638,666,681,681,681,681],"floor_reached":50,"playtime":3586,"items_purged":["hermit:Defend_Hermit","hermit:Defend_Hermit","hermit:Defend_Hermit"],"score":758,"play_id":"c5e1889a-098e-4dee-83e4-d59589454194","local_time":"20201210235536","is_ascension_mode":true,"campfire_choices":[{"data":"hermit:ItchyTrigger","floor":7,"key":"SMITH"},{"data":"hermit:Maintenance","floor":12,"key":"SMITH"},{"floor":15,"key":"DIG"},{"floor":27,"key":"REST"},{"floor":29,"key":"REST"},{"data":"hermit:Covet","floor":32,"key":"SMITH"},{"floor":41,"key":"RECALL"},{"floor":44,"key":"REST"},{"data":"hermit:FromBeyond","floor":46,"key":"SMITH"},{"floor":49,"key":"REST"}],"circlet_count":0,"master_deck":["hermit:Strike_Hermit","hermit:Strike_Hermit","hermit:Strike_Hermit","hermit:Strike_Hermit","hermit:Defend_Hermit","hermit:Snapshot","hermit:Covet+1","hermit:ItchyTrigger+1","expansioncontent:DefensiveStance","hermit:Deadeye","hermit:ShadowCloak","hermit:Horror","hermit:Manifest","hermit:Determination","hermit:Maintenance+1","TheCursedMod:CursedStaff","hermit:FromBeyond+1","hermit:TakeCover+1","hermit:Manifest+1","hermit:Roulette+1","hermit:GhostlyPresence+1","hermit:Reprieve","ReplayTheSpireMod:Splinters","hermit:Maintenance+1","expansioncontent:DefensiveStance","TheCursedMod:CursedBoomerang","TheCursedMod:Torture"],"relics":["hermit:Momento","aspiration:Nostalgia","DTMod:PactStone","aspiration:ChemicalBlood","Iron Hammer","hubris:DisguiseKit","Lee\u0027s Waffle","hubris:Reverence","Lantern","Velvet Choker","FaceOfCleric","sneckomod:BlankCard","hubris:SlimyHat","SacredBark","infinitespire:Cupcake","Medical Kit","hubris:Icosahedron","Blue Doll","hubris:GlazedTorus","Chameleon Ring"],"acts_visited":["Exordium","TheCity","TheBeyond"],"potions_floor_usage":[4,6,16,21,21,23,24,33,33,39,45,47,47,48,50,50],"damage_taken":[{"damage":0,"enemies":"Cultist","floor":1,"turns":3},{"damage":0,"enemies":"2 Louse","floor":4,"turns":1},{"damage":2,"enemies":"Jaw Worm","floor":5,"turns":4},{"damage":26,"enemies":"Gremlin Nob","floor":6,"turns":5},{"damage":4,"enemies":"Replay:BlueRogue","floor":8,"turns":6},{"damage":0,"enemies":"Red Slaver","floor":11,"turns":5},{"damage":29,"enemies":"3 Sentries","floor":13,"turns":9},{"damage":0,"enemies":"3 Louse","floor":14,"turns":4},{"damage":44,"enemies":"Fading Forest","floor":16,"turns":11},{"damage":23,"enemies":"2 Thieves","floor":18,"turns":5},{"damage":22,"enemies":"Chosen","floor":20,"turns":5},{"damage":20,"enemies":"Snake Plant","floor":21,"turns":4},{"damage":13,"enemies":"Book of Stabbing","floor":23,"turns":7},{"damage":1,"enemies":"Cultist and Chosen","floor":24,"turns":5},{"damage":0,"enemies":"Centurion and Healer","floor":25,"turns":7},{"damage":19,"enemies":"Snake Plant","floor":31,"turns":4},{"damage":28,"enemies":"hubris:MusketHawk","floor":33,"turns":11},{"damage":0,"enemies":"3 Shapes","floor":35,"turns":6},{"damage":0,"enemies":"3 Darklings","floor":39,"turns":9},{"damage":38,"enemies":"Nemesis","floor":40,"turns":9},{"damage":21,"enemies":"Sphere and 2 Shapes","floor":45,"turns":6},{"damage":63,"enemies":"Giant Head","floor":47,"turns":11},{"damage":24,"enemies":"Spire Growth","floor":48,"turns":5},{"damage":59,"enemies":"hubris:GrandSnecko","floor":50,"turns":18}],"seed_played":"6945259885319419650","potions_obtained":[{"floor":1,"key":"Explosive Potion"},{"floor":4,"key":"ColorlessPotion"},{"floor":8,"key":"FearPotion"},{"floor":21,"key":"Weak Potion"},{"floor":33,"key":"Adrenaline Potion"},{"floor":40,"key":"hermit:BlackBile"},{"floor":45,"key":"hermit:Tonic"},{"floor":47,"key":"ColorlessPotion"}],"is_trial":false,"path_per_floor":["M","$","?","M","M","E","R","E","T","$","M","R","E","M","R","B",null,"M","?","M","M","?","E","M","M","T","R","AVR","R","?","M","R","B",null,"M","AVR","?","?","M","E","R","?","T","R","M","R","E","M","R","B"],"character_chosen":"HERMIT","items_purchased":["expansioncontent:DefensiveStance","Lee\u0027s Waffle","hermit:Determination"],"campfire_rested":4,"item_purchase_floors":[2,10,10],"current_hp_per_floor":[75,75,75,75,73,47,47,43,43,82,82,82,53,53,53,17,82,59,59,38,19,19,7,7,8,8,34,34,60,69,51,51,24,89,90,90,90,90,91,54,54,54,54,81,72,72,22,7,35,0,0],"gold":681,"neow_bonus":"NOSTALGIA","is_daily":false,"chose_seed":false,"campfire_upgraded":4,"win_rate":0,"timestamp":1607640936,"path_taken":["M","$","?","M","M","E","R","E","T","?","?","R","E","M","R","BOSS","M","?","M","?","?","E","?","M","T","R","AVR","R","?","M","R","BOSS","M","AVR","?","?","M","E","R","?","T","R","?","R","E","M","R","BOSS"],"build_version":"2020-11-30","purchased_purges":3,"victory":false,"max_hp_per_floor":[75,75,75,75,75,75,75,75,75,82,82,82,82,82,82,82,82,82,82,83,84,84,85,86,87,87,87,87,87,87,88,88,89,89,90,90,90,90,91,92,92,92,92,92,93,93,94,95,95,95,95],"card_choices":[{"not_picked":["hermit:Glare","hermit:Vantage"],"picked":"hermit:ItchyTrigger","floor":1},{"not_picked":["hermit:TrackingShot","hermit:PistolWhip"],"picked":"hermit:Deadeye","floor":4},{"not_picked":["hermit:LuckOfTheDraw","hermit:BigShot"],"picked":"hermit:ShadowCloak","floor":5},{"not_picked":["hermit:Gambit","hermit:Dissolve"],"picked":"hermit:Horror","floor":6},{"not_picked":["hermit:Shortfuse","hermit:SprayPray"],"picked":"hermit:Manifest","floor":8},{"not_picked":["hermit:Vantage","hermit:ItchyTrigger","TheCursedMod:SpitefulStrike"],"picked":"hermit:Maintenance","floor":11},{"not_picked":["hermit:CursedWeapon","hermit:Desperado","hermit:EyeOfTheStorm"],"picked":"TheCursedMod:CursedStaff","floor":13},{"not_picked":["hermit:PistolWhip","hermit:HighCaliber","hermit:CalledShot","TheCursedMod:OutForBlood"],"picked":"SKIP","floor":14},{"not_picked":["hermit:Roughhouse","hermit:Gambit","TheCursedMod:CircleOfAbyss"],"picked":"hermit:FromBeyond","floor":16},{"not_picked":["hermit:Determination+1","hermit:Desperado","TheCursedMod:CircleOfWindfury"],"picked":"hermit:TakeCover+1","floor":18},{"not_picked":["hermit:Misfire","hermit:Showdown+1","TheCursedMod:RavingStaff"],"picked":"hermit:Manifest+1","floor":20},{"not_picked":["hermit:Feint","hermit:Manifest+1","hermit:Snipe","TheCursedMod:DoubleShield"],"picked":"SKIP","floor":21},{"not_picked":["hermit:Misfire","hermit:Roulette","hermit:CursedWeapon","TheCursedMod:PrepareRite"],"picked":"SKIP","floor":23},{"not_picked":["hermit:Maintenance","hermit:BigShot","hermit:Showdown","TheCursedMod:AshesToAshes"],"picked":"SKIP","floor":24},{"not_picked":["hermit:Cheat","hermit:RoundhouseKick","TheCursedMod:RavingStaff"],"picked":"hermit:Roulette+1","floor":25},{"not_picked":["hermit:CalledShot","hermit:Desperado","TheCursedMod:CircleOfCorruption"],"picked":"hermit:GhostlyPresence+1","floor":31},{"not_picked":["hermit:FinalCanter","hermit:EternalForm","TheCursedMod:UltimatePain"],"picked":"hermit:Reprieve","floor":33},{"not_picked":["hermit:Desperado+1","hermit:Feint","hermit:Roulette","TheCursedMod:Evocation"],"picked":"SKIP","floor":35},{"not_picked":["hermit:Quickdraw","hermit:EyeOfTheStorm+1","hermit:Dive","TheCursedMod:SpitefulStrike"],"picked":"SKIP","floor":39},{"not_picked":["hermit:TrackingShot+1","hermit:Misfire+1","TheCursedMod:FleshFromBone"],"picked":"hermit:Maintenance+1","floor":40},{"not_picked":["hermit:Desperado+1","hermit:WideOpen+1","hermit:HoleUp","TheCursedMod:ManaCirculation"],"picked":"SKIP","floor":45},{"not_picked":["hermit:RoundhouseKick","hermit:Dive+1","hermit:Quickdraw"],"picked":"TheCursedMod:CursedBoomerang","floor":47},{"not_picked":["hermit:CalledShot","hermit:ItchyTrigger+1","hermit:TakeCover+1"],"picked":"TheCursedMod:Torture","floor":48}],"player_experience":2796803,"relics_obtained":[{"floor":6,"key":"aspiration:ChemicalBlood"},{"floor":8,"key":"Iron Hammer"},{"floor":9,"key":"hubris:DisguiseKit"},{"floor":13,"key":"hubris:Reverence"},{"floor":15,"key":"Lantern"},{"floor":23,"key":"sneckomod:BlankCard"},{"floor":40,"key":"Blue Doll"},{"floor":43,"key":"hubris:GlazedTorus"},{"floor":47,"key":"Chameleon Ring"}],"event_choices":[{"damage_healed":0,"gold_gain":275,"player_choice":"Desecrate","damage_taken":0,"max_hp_gain":0,"max_hp_loss":0,"event_name":"Golden Shrine","floor":3,"gold_loss":0,"cards_obtained":["Regret"]},{"damage_healed":0,"gold_gain":0,"player_choice":"Trade","damage_taken":0,"relics_obtained":["FaceOfCleric"],"max_hp_gain":0,"max_hp_loss":0,"event_name":"FaceTrader","floor":19,"gold_loss":0},{"cards_removed":["Regret"],"damage_healed":0,"gold_gain":0,"player_choice":"Removed Curses","damage_taken":0,"max_hp_gain":0,"max_hp_loss":0,"event_name":"Fountain of Cleansing","floor":22,"gold_loss":0},{"damage_healed":0,"gold_gain":0,"player_choice":"Copied","damage_taken":0,"max_hp_gain":0,"max_hp_loss":0,"event_name":"Duplicator","floor":42,"gold_loss":0,"cards_obtained":["expansioncontent:DefensiveStance"]}],"is_beta":false,"boss_relics":[{"not_picked":["Empty Cage","sneckomod:SneckoTalon"],"picked":"Velvet Choker"},{"not_picked":["ReplayTheSpireMod:DimensionalGlitch","Replay:Drink Me"],"picked":"infinitespire:Cupcake"}],"items_purged_floors":[10,28,36],"is_endless":false,"potions_floor_spawned":[1,4,8,21,23,33,35,40,45],"killed_by":"hubris:GrandSnecko","ascension_level":4}}