{"host":"v1zz5dqrlq7zjvm7","time":1607611833,"event":{"mods":["BaseMod","StSLib","Colored Map","Colored Powertips","Friendly Minions","UnlockEverythingMod","Act Like it!","HololiveMod","Minty Spire (QoL Compilation)","Prisma Mod","The Servant 0.9.4","Waifu the Spire","Gensokyo"],"gold_per_floor":[84,84,14,0,26,63,63,90,90,90,90,140,140,169,169,263,263,282,295,295,395,421,453,453,494,494,504,269,269,292,307,307,416,416,444,444,463,463,463,492,520,520,591,611,648,699,699,377,377,385],"floor_reached":51,"playtime":2277,"items_purged":["Gensokyo:ImpossibleRequest"],"score":1883,"play_id":"b9c0a43d-f4e5-4801-a2b6-7ae429d08529","local_time":"20201211012033","is_ascension_mode":true,"campfire_choices":[{"data":"Hololive_CallHimemoriLuna","floor":7.0,"key":"SMITH"},{"data":"Hololive_CallOzoraSubaru","floor":10.0,"key":"SMITH"},{"data":"Hololive_CallHoushouMarine","floor":13.0,"key":"SMITH"},{"data":"Hololive_CallShirakamiFubuki","floor":15.0,"key":"SMITH"},{"data":"Hololive_DevilCharm","floor":24.0,"key":"SMITH"},{"data":"Hololive_CallYozoraMel","floor":29.0,"key":"SMITH"},{"data":"Hololive_CallShiroganeNoel","floor":32.0,"key":"SMITH"},{"data":"Madness","floor":42,"key":"SMITH"},{"data":"Hololive_CandyCastle","floor":49,"key":"SMITH"}],"circlet_count":0,"master_deck":["AscendersBane","Hololive_Strike","Hololive_Defend","Hololive_Defend","Hololive_CandyCastle","Hololive_CallHoushouMarine+1","Hololive_CallRosalyn","Hololive_CallAkaiHaato","Hololive_CallSakuraMiko","Hololive_CallKiryuuCoco","Hololive_CallOzoraSubaru+1","Hololive_CallNatsuiroMatsuri","Hololive_CallHimemoriLuna+1","Hololive_CallYukihanaLamy","Hololive_CallShirakamiFubuki+1","Hololive_CallAmaneKanata+1","Hololive_CocoNews","Hololive_CallAkaiHaato","Hololive_Rebirth","CurseOfTheBell","Hololive_CallYozoraMel+1","Hololive_CallShiroganeNoel+1","Hololive_CocoNews","Hololive_DevilCharm+1","Hololive_CallOkamiMio+1","Hololive_CallManoAloe+1","Hololive_CallOmaruPolka+1","Hololive_CallShiranuiFlare+1","Hololive_CandyCastle+1","Hololive_CallFriendA+1","Hololive_DurableLive","Hololive_CallMinatoAqua+1","Dramatic Entrance","Hololive_CallOmaruPolka+1","Madness+1","Madness+1","Hololive_CallAkiRosenthal+1","Hololive_CallShiroganeNoel+1","Hololive_Recruit","Hololive_CallUsadaPekora+1","Hololive_CandyCastle+1","Hololive_CallSpadeEcho+1","Hololive_CallSpadeEcho+1","Hololive_Yoholoon+1","Hololive_Spy","Magnetism+1"],"special_seed":0,"relics":["Hololive_TheStar","Gensokyo:CelestialsFlawlessClothing","Centennial Puzzle","White Beast Statue","Shuriken","Bottled Lightning","Calling Bell","Toy Ornithopter","Matryoshka","Mango","Lizard Tail","Thread and Needle","Frozen Egg 2","Lantern","PreservedInsect","Happy Flower","Art of War","Cursed Key","Strawberry","Ornamental Fan","Mercury Hourglass","Orichalcum"],"acts_visited":["Gensokyo:Gensokyo","Gensokyo:Gensokyoer","TheBeyond"],"potions_floor_usage":[],"damage_taken":[{"damage":0.0,"enemies":"Gensokyo:2_Kodama","floor":1.0,"turns":4.0},{"damage":0.0,"enemies":"Gensokyo:3_Fairies","floor":5.0,"turns":4.0},{"damage":0.0,"enemies":"Gensokyo:Aya","floor":6.0,"turns":3.0},{"damage":0.0,"enemies":"Gensokyo:Python","floor":8.0,"turns":2.0},{"damage":0.0,"enemies":"Gensokyo:Mamizou","floor":12.0,"turns":4.0},{"damage":0.0,"enemies":"Gensokyo:2_Rabbits","floor":14.0,"turns":3.0},{"damage":0.0,"enemies":"Gensokyo:Kokoro","floor":16.0,"turns":6.0},{"damage":2.0,"enemies":"Gensokyo:AngelMirror","floor":18.0,"turns":3.0},{"damage":7.0,"enemies":"Gensokyo:3_Dogs","floor":19.0,"turns":5.0},{"damage":3.0,"enemies":"Gensokyo:3_Dogs","floor":21.0,"turns":5.0},{"damage":0.0,"enemies":"Gensokyo:Wraith","floor":22.0,"turns":4.0},{"damage":0.0,"enemies":"Gensokyo:Tenshi","floor":23.0,"turns":4.0},{"damage":0.0,"enemies":"Gensokyo:Reisen","floor":25.0,"turns":5.0},{"damage":0.0,"enemies":"Gensokyo:Chomper_and_Gloop","floor":27.0,"turns":3.0},{"damage":2.0,"enemies":"Gensokyo:Mirror_and_Dog","floor":30.0,"turns":4.0},{"damage":0.0,"enemies":"Gensokyo:Wraith","floor":31.0,"turns":4.0},{"damage":0.0,"enemies":"Gensokyo:Eiki","floor":33.0,"turns":6.0},{"damage":0.0,"enemies":"3 Darklings","floor":35.0,"turns":4.0},{"damage":0,"enemies":"3 Shapes","floor":37,"turns":2},{"damage":5,"enemies":"Nemesis","floor":40,"turns":5},{"damage":0,"enemies":"Spire Growth","floor":41,"turns":4},{"damage":0,"enemies":"4 Shapes","floor":44,"turns":4},{"damage":0,"enemies":"Maw","floor":45,"turns":5},{"damage":0,"enemies":"Reptomancer","floor":46,"turns":4},{"damage":0,"enemies":"Time Eater","floor":50,"turns":6}],"seed_played":"-8530917790938850793","potions_obtained":[{"floor":5.0,"key":"SteroidPotion"},{"floor":8.0,"key":"DuplicationPotion"},{"floor":12.0,"key":"Block Potion"},{"floor":16.0,"key":"LiquidBronze"},{"floor":18.0,"key":"Swift Potion"},{"floor":19.0,"key":"FairyPotion"},{"floor":23.0,"key":"Dexterity Potion"},{"floor":30.0,"key":"DistilledChaos"}],"is_trial":false,"path_per_floor":["M","?","?","?","M","E","R","M","T","R","?","E","R","M","R","B",null,"M","M","?","?","M","E","R","E","T","M","$","R","M","M","R","B",null,"M","?","M","?","?","E","M","R","T","M","M","E","?","$","R","B",null],"character_chosen":"Hololive_HololiveCharacter","items_purchased":["Hololive_CallShiranuiFlare+1","Art of War","DistilledChaos","Magnetism+1"],"campfire_rested":0,"item_purchase_floors":[28,28,48,48],"current_hp_per_floor":[27,18,18,25,25,25,25,25,25,25,25,25,25,25,25,25,43,41,34,34,31,31,36,36,36,36,36,36,36,44,44,44,44,44,44,44,44,36,36,38,51,51,51,51,51,51,51,51,51,51],"gold":385,"neow_bonus":"TRANSFORM_CARD","is_daily":false,"chose_seed":false,"campfire_upgraded":9,"win_rate":0,"timestamp":1607611833,"path_taken":["M","?","?","?","?","E","R","M","T","R","?","E","R","M","R","BOSS","M","M","?","?","?","E","R","E","T","?","?","R","M","M","R","BOSS","M","?","M","?","?","E","?","R","T","M","M","E","?","?","R","BOSS"],"build_version":"2020-11-30","purchased_purges":1,"victory":true,"max_hp_per_floor":[30,30,30,30,30,30,30,30,30,30,30,30,30,30,30,30,44,44,44,44,44,44,44,44,44,44,44,44,44,44,44,44,44,44,44,44,44,44,44,51,51,51,51,51,51,51,51,51,51,51],"card_choices":[{"not_picked":["Hololive_Breathe","Hololive_HuntDinosaur","Hololive_Trident"],"picked":"Hololive_CallNatsuiroMatsuri","floor":1.0},{"not_picked":["Hololive_CallYuzukiChoco","Hololive_Drill","Hololive_OvertimeWork"],"picked":"Hololive_CallHimemoriLuna","floor":5.0},{"not_picked":["Hololive_StrengthChampion","Hololive_Rebound","Hololive_Sequa"],"picked":"Hololive_CallYukihanaLamy","floor":6.0},{"not_picked":["Hololive_Drill","Hololive_CallRoboco","Hololive_CallTokoyamiTowa"],"picked":"Hololive_CallShirakamiFubuki","floor":8.0},{"not_picked":["Hololive_OvertimeWork","Hololive_Rebound","Hololive_FlareMind"],"picked":"Hololive_CocoNews","floor":12.0},{"not_picked":["Hololive_Rebound","Hololive_HuntDinosaur","Hololive_OvertimeWork"],"picked":"Hololive_CallAkaiHaato","floor":14.0},{"not_picked":["Hololive_DurableLive","Hololive_OpenUp","Hololive_WolfAndLamb"],"picked":"Hololive_Rebirth","floor":16.0},{"not_picked":["Hololive_CallOkamiMio+1","Hololive_LuckPotion","Hololive_Psychosis+1"],"picked":"Hololive_CallYozoraMel","floor":18.0},{"not_picked":["Hololive_Trident","Hololive_StrengthChampion","Hololive_StarCraft"],"picked":"Hololive_CallShiroganeNoel","floor":19.0},{"not_picked":["Hololive_Psychosis+1","Hololive_OvertimeWork","Hololive_LuckPotion"],"picked":"Hololive_CocoNews","floor":21.0},{"not_picked":["Hololive_Breathe","Hololive_Rebound","Hololive_CallRosalyn"],"picked":"Hololive_DevilCharm","floor":22.0},{"not_picked":["Hololive_Watashimo","Hololive_Psychosis","Hololive_CallAiraniIofifteen+1"],"picked":"Hololive_CallOkamiMio+1","floor":23.0},{"not_picked":["Hololive_Trident","Hololive_Breathe","Hololive_BeCareful"],"picked":"Hololive_CallManoAloe+1","floor":25.0},{"not_picked":["Hololive_Drill","Hololive_CallFriendA+1","Hololive_CallTokinoSora+1"],"picked":"Hololive_CallOmaruPolka+1","floor":27.0},{"not_picked":["Hololive_HuntDinosaur+1","Hololive_OvertimeWork+1","Hololive_FlyingPonyTail"],"picked":"Hololive_CandyCastle","floor":30.0},{"not_picked":["Hololive_Sequa","Hololive_Breathe+1","Hololive_Psychosis"],"picked":"Hololive_CallFriendA+1","floor":31.0},{"not_picked":["Hololive_OpenUp","Hololive_AWSL","Hololive_Rebirth"],"picked":"Hololive_DurableLive","floor":33.0},{"not_picked":["Hololive_Rebound","Hololive_OvertimeWork","Hololive_CallShiroganeNoel+1"],"picked":"Hololive_CallMinatoAqua+1","floor":35},{"not_picked":["Mind Blast","Forethought","Deep Breath"],"picked":"Dramatic Entrance","floor":36},{"not_picked":["Hololive_OvertimeWork","Hololive_LuckPotion","Hololive_CallShirakamiFubuki+1"],"picked":"Hololive_CallOmaruPolka+1","floor":37},{"not_picked":["Hololive_FlyingPonyTail","Hololive_CocoNews","Hololive_CallAZKi+1"],"picked":"Hololive_CallAkiRosenthal+1","floor":40},{"not_picked":["Hololive_Rebound","Hololive_Drill+1","Hololive_Psychosis","Hololive_FlyingPonyTail+1"],"picked":"Hololive_CallShiroganeNoel+1","floor":41},{"not_picked":["Hololive_Teleport","Hololive_Rebound+1","Hololive_FlyingPonyTail","Hololive_Psychosis+1"],"picked":"Hololive_Recruit","floor":41},{"not_picked":["Hololive_CallYukihanaLamy+1","Hololive_CallNatsuiroMatsuri+1","Hololive_CallKiryuuCoco+1","Hololive_Rebound"],"picked":"Hololive_CallUsadaPekora+1","floor":44},{"not_picked":["Hololive_DevilCharm","Hololive_RevenueBasedLive","Hololive_FlyingPonyTail","Hololive_Breathe+1"],"picked":"Hololive_CandyCastle+1","floor":44},{"not_picked":["Hololive_CallRosalyn+1","Hololive_CallAmaneKanata+1","Hololive_Trident","Hololive_CallHimemoriLuna+1"],"picked":"Hololive_CallSpadeEcho+1","floor":45},{"not_picked":["Hololive_BringToTrial","Hololive_Psychosis+1","Hololive_LuckPotion","Hololive_StrengthChampion+1"],"picked":"Hololive_CallSpadeEcho+1","floor":45},{"not_picked":["Hololive_Breathe","Hololive_Trident+1","Hololive_Recruit","Hololive_CallSpadeEcho+1"],"picked":"Hololive_Yoholoon+1","floor":46},{"not_picked":["Hololive_CallOmaruPolka+1","Hololive_CallRosalyn+1","Hololive_CallNatsuiroMatsuri+1","Hololive_Breathe"],"picked":"Hololive_Spy","floor":46}],"player_experience":144734,"relics_obtained":[{"floor":6.0,"key":"White Beast Statue"},{"floor":9.0,"key":"Shuriken"},{"floor":12.0,"key":"Bottled Lightning"},{"floor":17.0,"key":"Toy Ornithopter"},{"floor":17.0,"key":"Matryoshka"},{"floor":17.0,"key":"Mango"},{"floor":21.0,"key":"Lizard Tail"},{"floor":21.0,"key":"Thread and Needle"},{"floor":23.0,"key":"Frozen Egg 2"},{"floor":25.0,"key":"Lantern"},{"floor":26.0,"key":"PreservedInsect"},{"floor":26.0,"key":"Happy Flower"},{"floor":40,"key":"Strawberry"},{"floor":43,"key":"Ornamental Fan"},{"floor":43,"key":"Mercury Hourglass"},{"floor":46,"key":"Orichalcum"}],"event_choices":[{"damage_healed":0,"gold_gain":0,"player_choice":"Memory 1","damage_taken":0,"max_hp_gain":0,"max_hp_loss":0,"event_name":"SensoryStone","floor":36,"gold_loss":0},{"damage_healed":0,"gold_gain":0,"player_choice":"Embrace Madness","damage_taken":8,"max_hp_gain":0,"max_hp_loss":0,"event_name":"Winding Halls","floor":38,"gold_loss":0,"cards_obtained":["Madness","Madness"]},{"damage_healed":0,"gold_gain":0,"player_choice":"Upgraded","damage_taken":0,"max_hp_gain":0,"max_hp_loss":0,"event_name":"Upgrade Shrine","floor":39,"gold_loss":0,"cards_upgraded":["Madness"]},{"damage_healed":0,"gold_gain":0,"player_choice":"Ignored","damage_taken":0,"max_hp_gain":0,"max_hp_loss":0,"event_name":"Tomb of Lord Red Mask","floor":47,"gold_loss":0}],"is_beta":false,"boss_relics":[{"not_picked":["Tiny House","Coffee Dripper"],"picked":"Calling Bell"},{"not_picked":["Hololive_Finger","Pandora\u0027s Box"],"picked":"Cursed Key"}],"items_purged_floors":[48],"is_endless":false,"potions_floor_spawned":[5,8,12,14,16,18,19,21,22,23,25,27,30,31,33,35,37,40,41,44,45,46],"ascension_level":15}}