{"host":"27hat5v0dffgaxzm","time":1607624815,"event":{"mods":["BaseMod","Highlight Path","Minty Spire (QoL Compilation)","Quick Restart","Permanent Neow","Colored Map","Colored Powertips"],"gold_per_floor":[114,125,50,50,67,67,97,112,112,112,125,156,156,174,174,174,174],"floor_reached":16,"playtime":678,"items_purged":[],"score":224,"play_id":"7f0221da-4c00-4dc9-96da-499ce10125b9","local_time":"20201211032655","is_ascension_mode":true,"campfire_choices":[{"floor":6.0,"key":"DIG"},{"floor":10.0,"key":"DIG"},{"floor":13,"key":"REST"},{"floor":15,"key":"DIG"}],"circlet_count":0,"master_deck":["AscendersBane","Strike_G","Strike_G","Strike_G","Strike_G","Strike_G","Defend_G","Defend_G","Defend_G","Defend_G","Survivor","Neutralize","Blur","Infinite Blades","Slice","Flying Knee","Endless Agony"],"special_seed":0,"relics":["Ring of the Snake","Shovel","Nunchaku","Singing Bowl","Meat on the Bone","Bottled Flame","Oddly Smooth Stone","White Beast Statue"],"acts_visited":["Exordium"],"potions_floor_usage":[12,16],"damage_taken":[{"damage":2.0,"enemies":"2 Louse","floor":1.0,"turns":4.0},{"damage":9.0,"enemies":"Jaw Worm","floor":2.0,"turns":9.0},{"damage":0.0,"enemies":"Cultist","floor":5.0,"turns":5.0},{"damage":38.0,"enemies":"Lagavulin","floor":7.0,"turns":9.0},{"damage":2.0,"enemies":"Blue Slaver","floor":8.0,"turns":4.0},{"damage":3.0,"enemies":"2 Fungi Beasts","floor":11.0,"turns":5.0},{"damage":35,"enemies":"3 Sentries","floor":12,"turns":13},{"damage":13,"enemies":"Gremlin Gang","floor":14,"turns":6},{"damage":44,"enemies":"Slime Boss","floor":16,"turns":8}],"seed_played":"2345308522014798640","potions_obtained":[{"floor":1.0,"key":"Fire Potion"},{"floor":2.0,"key":"Regen Potion"},{"floor":8.0,"key":"FearPotion"},{"floor":12,"key":"SteroidPotion"}],"is_trial":false,"path_per_floor":["M","M","?","?","M","R","E","M","T","R","M","E","R","M","R","B"],"character_chosen":"THE_SILENT","items_purchased":[],"campfire_rested":1,"item_purchase_floors":[],"current_hp_per_floor":[57,48,48,48,48,48,27,27,27,27,36,15,36,35,35,0,0],"gold":174,"neow_bonus":"ONE_RARE_RELIC","is_daily":false,"chose_seed":false,"campfire_upgraded":0,"win_rate":0,"timestamp":1607624815,"path_taken":["M","M","?","?","M","R","E","?","T","R","M","E","R","M","R","BOSS"],"build_version":"2020-11-30","purchased_purges":0,"victory":false,"max_hp_per_floor":[66,66,66,66,66,66,68,70,70,70,70,72,72,72,72,72,72],"card_choices":[{"not_picked":["Choke","Underhanded Strike"],"picked":"Blur","floor":1.0},{"not_picked":["Catalyst","Outmaneuver"],"picked":"Infinite Blades","floor":2.0},{"not_picked":["Deadly Poison","Catalyst"],"picked":"Slice","floor":5.0},{"not_picked":["Quick Slash","Dagger Spray","Eviscerate"],"picked":"Singing Bowl","floor":7.0},{"not_picked":["Blur","Dodge and Roll","Catalyst"],"picked":"Singing Bowl","floor":8.0},{"not_picked":["Outmaneuver","Masterful Stab"],"picked":"Flying Knee","floor":11.0},{"not_picked":["Caltrops","Dodge and Roll","Terror"],"picked":"Singing Bowl","floor":12},{"not_picked":["Tactician","Flechettes"],"picked":"Endless Agony","floor":14}],"player_experience":296154,"relics_obtained":[{"floor":6.0,"key":"Nunchaku"},{"floor":7.0,"key":"Singing Bowl"},{"floor":9.0,"key":"Meat on the Bone"},{"floor":10.0,"key":"Bottled Flame"},{"floor":12,"key":"Oddly Smooth Stone"},{"floor":15,"key":"White Beast Statue"}],"event_choices":[{"cards_removed":["Decay"],"damage_healed":0.0,"max_hp_gain":0.0,"max_hp_loss":0.0,"gold_gain":0.0,"event_name":"The Cleric","player_choice":"Card Removal","floor":3.0,"gold_loss":75.0,"damage_taken":0.0},{"cards_removed":["Defend_G"],"damage_healed":0.0,"max_hp_gain":0.0,"max_hp_loss":0.0,"gold_gain":0.0,"event_name":"Bonfire Elementals","player_choice":"Offered Basic","floor":4.0,"gold_loss":0.0,"damage_taken":0.0}],"is_beta":false,"boss_relics":[],"items_purged_floors":[],"is_endless":false,"potions_floor_spawned":[1,2,8,12],"killed_by":"Slime Boss","ascension_level":20}}