{"host":"56xwnffi6e9z5l58","time":1607577262,"event":{"gold_per_floor":[19,19,30,30,45,45,73,73,73,173,189,221,234,245,245,348,348,359,269,279,297,316,350,59,59,59],"floor_reached":25,"playtime":784,"items_purged":["Strike_B"],"score":376,"play_id":"2ae893e2-94a8-484a-9ea4-d2012be083c4","local_time":"20201210131422","is_ascension_mode":true,"campfire_choices":[{"data":"Apotheosis","floor":6,"key":"SMITH"},{"floor":8,"key":"REST"},{"data":"Injury","floor":15,"key":"PURGE"}],"neow_cost":"NO_GOLD","seed_source_timestamp":11505326767000,"circlet_count":0,"master_deck":["AscendersBane","Strike_B","Strike_B","Defend_B","Defend_B","Defend_B","Defend_B","Zap","Dualcast","Apotheosis+1","Rebound","Static Discharge","Amplify","hubris:Ukulele","Time Bomb","Conserve Battery","Multi-Cast","Echo Form+1","White Noise+1","StuffTheSpire:Plugnplay","Compile Driver+1","Streamline","Genetic Algorithm+1","Capacitor+1"],"special_seed":0,"relics":["Cracked Core","Frozen Egg 2","aspiration:FrozenJewel","aspiration:HummingbirdHeart","Du-Vu Doll","hubris:ScarierMask","infinitespire:Freezer","Lantern"],"potions_floor_usage":[],"damage_taken":[{"damage":5,"enemies":"2 Louse","floor":1,"turns":3},{"damage":0,"enemies":"Small Slimes","floor":3,"turns":3},{"damage":4,"enemies":"Jaw Worm","floor":5,"turns":2},{"damage":16,"enemies":"Lagavulin","floor":7,"turns":4},{"damage":0,"enemies":"Gremlin Gang","floor":11,"turns":4},{"damage":8,"enemies":"3 Sentries","floor":12,"turns":5},{"damage":0,"enemies":"Blue Slaver","floor":13,"turns":3},{"damage":2,"enemies":"Exordium Thugs","floor":14,"turns":4},{"damage":28,"enemies":"The Guardian","floor":16,"turns":9},{"damage":3,"enemies":"3 Byrds","floor":18,"turns":5},{"damage":14,"enemies":"Chosen","floor":20,"turns":4},{"damage":16,"enemies":"Centurion and Healer","floor":21,"turns":4},{"damage":15,"enemies":"Snecko","floor":22,"turns":5},{"damage":2,"enemies":"Slavers","floor":23,"turns":5},{"damage":13,"enemies":"Snake Plant","floor":25,"turns":3}],"seed_played":"-4111059119992302085","potions_obtained":[{"floor":5,"key":"SteroidPotion"},{"floor":11,"key":"EssenceOfDarkness"},{"floor":18,"key":"Elixir"}],"is_trial":false,"path_per_floor":["M","?","M","?","M","R","E","R","T","?","M","E","M","M","R_BF","B",null,"M","?","M","M","M","E","$","M"],"character_chosen":"DEFECT","items_purchased":["Capacitor+1","Lantern"],"campfire_rested":1,"item_purchase_floors":[24,24],"current_hp_per_floor":[63,63,63,63,59,59,43,65,65,65,65,57,57,55,55,27,63,60,60,46,30,15,13,13,0,0],"gold":59,"neow_bonus":"RANDOM_COLORLESS_2","is_prod":false,"is_daily":false,"chose_seed":false,"campfire_upgraded":1,"win_rate":0,"timestamp":1607577262,"path_taken":["M","?","M","?","M","R","E","R","T","?","M","E","?","M","R_BF","BOSS","M","?","M","?","M","E","$","M"],"build_version":"2020-11-30","purchased_purges":1,"victory":false,"max_hp_per_floor":[75,75,75,75,75,75,75,75,75,75,75,75,75,75,75,75,75,75,75,75,75,75,75,75,75,75],"card_choices":[{"not_picked":["Sadistic Nature","Transmutation"],"picked":"Apotheosis","floor":0},{"not_picked":["Beam Cell","Turbo"],"picked":"Rebound","floor":1},{"not_picked":["StuffTheSpire:Plugnplay","Compile Driver"],"picked":"Static Discharge","floor":3},{"not_picked":["Stack","StuffTheSpire:Plugnplay"],"picked":"Amplify","floor":5},{"not_picked":["BasicCrystalCard","Static Discharge+1"],"picked":"hubris:Ukulele","floor":7},{"not_picked":["Stack","StuffTheSpire:Rend"],"picked":"Time Bomb","floor":11},{"not_picked":["Redo","Undo"],"picked":"Conserve Battery","floor":12},{"not_picked":["Panic Button","Barrage"],"picked":"Multi-Cast","floor":13},{"not_picked":["ReplayTheSpireMod:Reroute Power","Beam Cell","BasicCrystalCard"],"picked":"SKIP","floor":14},{"not_picked":["StuffTheSpire:ForEach","Reboot"],"picked":"Echo Form+1","floor":16},{"not_picked":["StuffTheSpire:Plugnplay","Coolheaded+1"],"picked":"White Noise","floor":18},{"not_picked":["Ball Lightning","Lockon"],"picked":"StuffTheSpire:Plugnplay","floor":20},{"not_picked":["Barrage","StuffTheSpire:Plugnplay"],"picked":"Compile Driver+1","floor":21},{"not_picked":["StuffTheSpire:LoadUp","StuffTheSpire:LaunchingStrike"],"picked":"Streamline","floor":22},{"not_picked":["Conserve Battery","Leap+1"],"picked":"Genetic Algorithm+1","floor":23}],"player_experience":937600,"relics_obtained":[{"floor":7,"key":"aspiration:FrozenJewel"},{"floor":9,"key":"aspiration:HummingbirdHeart"},{"floor":12,"key":"Du-Vu Doll"},{"floor":23,"key":"infinitespire:Freezer"}],"event_choices":[{"damage_healed":0,"gold_gain":100,"player_choice":"Pray","damage_taken":0,"max_hp_gain":0,"max_hp_loss":0,"event_name":"Golden Shrine","floor":10,"gold_loss":0},{"cards_removed":["Strike_B"],"damage_healed":0,"gold_gain":0,"player_choice":"Upgrade and Remove","damage_taken":0,"max_hp_gain":0,"max_hp_loss":0,"event_name":"Designer","floor":19,"gold_loss":90,"cards_upgraded":["White Noise"]}],"is_beta":false,"boss_relics":[{"not_picked":["Coffee Dripper","Abe\u0027s Treasure"],"picked":"hubris:ScarierMask"}],"items_purged_floors":[24],"is_endless":false,"potions_floor_spawned":[5,11,18,21,23],"killed_by":"Snake Plant","ascension_level":12}}