{"host":"gc6vr5n3q8f0hswe","time":1607609341,"event":{"gold_per_floor":[117,92,116,1,1,1,30,44,44,44,44,89,89,129,129,129,129],"floor_reached":16,"playtime":465,"items_purged":["Strike_MRS"],"score":182,"play_id":"2c7f1fe7-9378-49f2-a3f8-7a7b48ae8360","local_time":"20201210140901","is_ascension_mode":true,"campfire_choices":[{"data":"UpSweep","floor":6.0,"key":"SMITH"},{"data":"MasterSpark","floor":11.0,"key":"SMITH"},{"floor":15,"key":"REST"}],"neow_cost":"NONE","seed_source_timestamp":128213132703400,"circlet_count":0,"master_deck":["Strike_MRS","Strike_MRS","Strike_MRS","Defend_MRS","Defend_MRS","Defend_MRS","Defend_MRS+1","MasterSpark+1","UpSweep+1","WitchOfGreed+1","GalacticHalo+1"],"special_seed":0,"relics":["MiniHakkero","NeowsBlessing","Regal Pillow","Gensokyo:MarisaIngredientList","hubris:Metronome","LetterFromLob","AmplifyWand","Moonlight_r"],"potions_floor_usage":[14,16,16,16],"damage_taken":[{"damage":0.0,"enemies":"Gensokyo:2_Kodama","floor":1.0,"turns":1.0},{"damage":0.0,"enemies":"Gensokyo:Aya","floor":7.0,"turns":1.0},{"damage":0.0,"enemies":"Gensokyo:Gryphon","floor":8.0,"turns":1.0},{"damage":0.0,"enemies":"Gensokyo:3_Fairies","floor":12.0,"turns":4.0},{"damage":0,"enemies":"Gensokyo:Gryphon_and_Rabbit","floor":14,"turns":4},{"damage":72,"enemies":"Gensokyo:Reimu","floor":16,"turns":11}],"seed_played":"-1528452872623452099","potions_obtained":[{"floor":1.0,"key":"BottledSpark"},{"floor":7.0,"key":"Elixir"},{"floor":12.0,"key":"Milkshake"},{"floor":14,"key":"Energy Potion"}],"is_trial":false,"path_per_floor":["M","?","T","$","?","R","E","M","T","$","R","M","?","M","R","B"],"character_chosen":"MARISA","items_purchased":["WitchOfGreed+1"],"campfire_rested":1,"item_purchase_floors":[4],"current_hp_per_floor":[68,68,68,68,68,68,68,68,68,68,68,68,15,15,57,0,0],"gold":129,"neow_bonus":"THREE_ENEMY_KILL","is_prod":false,"is_daily":false,"chose_seed":false,"campfire_upgraded":2,"win_rate":0,"timestamp":1607609341,"path_taken":["M","?","?","$","?","R","E","?","T","?","R","M","?","?","R","BOSS"],"build_version":"2020-11-30","purchased_purges":1,"victory":false,"max_hp_per_floor":[75,75,75,75,75,75,75,75,75,75,75,75,92,92,92,92,92],"relic_stats":{"Regal Pillow":15,"counters":[6,22],"obtain_stats":[{"AmplifyWand":9,"Moonlight_r":13,"Regal Pillow":3,"hubris:Metronome":7,"NeowsBlessing":0,"Gensokyo:MarisaIngredientList":5,"LetterFromLob":7,"MiniHakkero":0},{"AmplifyWand":3,"Moonlight_r":4,"Regal Pillow":1,"hubris:Metronome":2,"NeowsBlessing":0,"Gensokyo:MarisaIngredientList":1,"LetterFromLob":2,"MiniHakkero":0},{"AmplifyWand":3,"Moonlight_r":7,"Regal Pillow":1,"hubris:Metronome":2,"NeowsBlessing":0,"Gensokyo:MarisaIngredientList":1,"LetterFromLob":2,"MiniHakkero":0}]},"card_choices":[{"not_picked":["GasGiant","DarkMatter"],"picked":"GalacticHalo","floor":1.0},{"not_picked":["MysteriousBeam","PowerUp","ManaConvection"],"picked":"SKIP","floor":7.0},{"not_picked":["SporeBomb","Acceleration"],"picked":"GalacticHalo","floor":8.0},{"not_picked":["Orbital","Acceleration","6A"],"picked":"SKIP","floor":12.0},{"not_picked":["MysteriousBeam","UnstableBomb","OneTimeOff"],"picked":"SKIP","floor":14}],"player_experience":452604,"relics_obtained":[{"floor":3.0,"key":"Regal Pillow"},{"floor":7.0,"key":"hubris:Metronome"},{"floor":7.0,"key":"LetterFromLob"},{"floor":9.0,"key":"AmplifyWand"}],"event_choices":[],"is_beta":false,"boss_relics":[],"items_purged_floors":[4],"is_endless":false,"potions_floor_spawned":[1,7],"killed_by":"Gensokyo:Reimu","ascension_level":6}}