{"host":"k7ydf81uzdnp7fmx","time":1607629954,"event":{"mods":["BaseMod","StSLib","AchievementEnabler","Minty Spire (QoL Compilation)"],"gold_per_floor":[99,114,114,114,114,129,159,174,174,174,24,24,54,54,84,84,84],"floor_reached":19,"playtime":641,"items_purged":[],"score":516,"play_id":"f943dba3-976c-4d9c-aad2-fd704ab88d1e","local_time":"20201210165234","daily_mods":["Allstar","Vintage","Night Terrors"],"is_ascension_mode":false,"campfire_choices":[{"data":"Apotheosis","floor":10,"key":"SMITH"},{"data":"Secret Technique","floor":15,"key":"SMITH"},{"data":"Eruption","floor":17,"key":"SMITH"}],"circlet_count":0,"master_deck":["Strike_P","Strike_P","Strike_P","Defend_P","Defend_P","Defend_P","Defend_P","Eruption+1","Vigilance","Master of Strategy","The Bomb","Bandage Up","Apotheosis+1","Secret Technique+1"],"special_seed":18606,"relics":["PureWater","Boot","Bronze Scales","GoldenEye","Smiling Mask","Darkstone Periapt","Omamori","Eternal Feather","Torii"],"acts_visited":["Exordium","TheBeyond"],"potions_floor_usage":[],"damage_taken":[{"damage":0,"enemies":"3 Darklings","floor":3,"turns":2},{"damage":18,"enemies":"Orb Walker","floor":7,"turns":3},{"damage":2,"enemies":"Nemesis","floor":8,"turns":5},{"damage":0,"enemies":"Maw","floor":9,"turns":4},{"damage":23,"enemies":"Reptomancer","floor":14,"turns":4},{"damage":0,"enemies":"Giant Head","floor":16,"turns":3},{"damage":0,"enemies":"Awakened One","floor":18,"turns":7}],"seed_played":"8996604888150855735","potions_obtained":[{"floor":3,"key":"EssenceOfSteel"},{"floor":8,"key":"PowerPotion"}],"is_trial":false,"path_per_floor":["M","$","?","?","M","E","M","R","T","$","?","E","R","E","R","B",null],"character_chosen":"WATCHER","items_purchased":["Omamori"],"campfire_rested":0,"item_purchase_floors":[12],"current_hp_per_floor":[72,72,72,72,72,54,56,64,64,64,64,72,49,55,67,72,72],"gold":84,"neow_bonus":"","is_daily":true,"chose_seed":false,"campfire_upgraded":3,"win_rate":0,"timestamp":1607629954,"path_taken":["M","$","?","?","M","E","M","R","T","$","?","E","R","E","R","BOSS"],"build_version":"2020-11-30","purchased_purges":0,"victory":true,"max_hp_per_floor":[72,72,72,72,72,72,72,72,72,72,72,72,72,72,72,72,72],"card_choices":[{"not_picked":["Halt","Protect+1","ThirdEye+1"],"picked":"SKIP","floor":8},{"not_picked":["BowlingBash+1","JustLucky","CutThroughFate"],"picked":"SKIP","floor":14},{"not_picked":["BowlingBash","SashWhip+1","InnerPeace+1"],"picked":"SKIP","floor":16}],"player_experience":127016,"relics_obtained":[{"floor":3,"key":"Boot"},{"floor":7,"key":"Bronze Scales"},{"floor":8,"key":"GoldenEye"},{"floor":9,"key":"Smiling Mask"},{"floor":11,"key":"Darkstone Periapt"},{"floor":14,"key":"Eternal Feather"},{"floor":16,"key":"Torii"}],"event_choices":[{"damage_healed":0,"gold_gain":0,"player_choice":"Memory 1","damage_taken":0,"max_hp_gain":0,"max_hp_loss":0,"event_name":"SensoryStone","floor":5,"gold_loss":0},{"cards_removed":["Strike_P"],"damage_healed":0,"gold_gain":0,"player_choice":"Removed Attack","damage_taken":0,"max_hp_gain":0,"max_hp_loss":0,"event_name":"Falling","floor":6,"gold_loss":0},{"damage_healed":18,"gold_gain":0,"player_choice":"Writhe","damage_taken":0,"max_hp_gain":0,"max_hp_loss":0,"event_name":"Winding Halls","floor":13,"gold_loss":0,"cards_obtained":["Writhe"]}],"is_beta":false,"boss_relics":[],"items_purged_floors":[],"is_endless":false,"potions_floor_spawned":[3,8],"ascension_level":0}}