{"host":"bq442wlpwbozasgc","time":1607623942,"event":{"mods":["BaseMod","StSLib","Minty Spire (QoL Compilation)","Quick Restart","SuperFastMode","Replay The Spire"],"gold_per_floor":[116,116,36,49,49,80,95,95,118,118,130,30,30,49,49,149,149,167,167,87,87,87,120,120,120,191,191,5,20,34,34,34,129,129,145,145,159,175,16,16,33,61,61,81,81,112,37,37,37,37],"floor_reached":51,"playtime":4046,"items_purged":["Strike_G","CommonCold"],"score":626,"play_id":"f5ff0770-bbca-4559-9478-64a6db8fbd6c","local_time":"20201211031222","is_ascension_mode":false,"campfire_choices":[{"data":"Neutralize","floor":8,"key":"SMITH"},{"data":"Footwork","floor":10,"key":"SMITH"},{"data":"Deadly Poison","floor":15,"key":"SMITH"},{"floor":24,"key":"REST"},{"data":"Malaise","floor":27,"key":"SMITH"},{"data":"Deadly Poison","floor":32,"key":"SMITH"},{"data":"Poisoned Stab","floor":40,"key":"SMITH"},{"data":"ReplayTheSpireMod:Speed Training","floor":45,"key":"SMITH"},{"data":"Doubt","floor":49,"key":"PURGE"}],"circlet_count":0,"master_deck":["Defend_G","Defend_G","Defend_G","Defend_G","Defend_G","Survivor","Neutralize+1","Footwork+1","PiercingWail","Deadly Poison+1","PiercingWail","Pot Of Greed","Pot Of Greed","Backflip","Deadly Poison+1","Backflip","Malaise+1","Languid","Languid","Pot Of Greed","ReplayTheSpireMod:Speed Training+1","Escape Plan+1","Reflex","Unload+1","Replay:Sssssssssshield+1","Deflect","Venomology+1","Poisoned Stab+1","Crippling Poison+1","Calculated Gamble+1","Sneak Up+1","Fluid Movement+1","Pot Of Greed+1"],"special_seed":0,"relics":["Ring of the Snake","NeowsBlessing","PreservedInsect","Grinning Jar","Replay:Ancient Bell","Bag of Preparation","Golden Egg","FossilizedHelix","Bottled Lightning","Red Mask","Gremlin Horn","Quantum Egg","Empty Cage","Bag of Marbles","Dream Catcher","Potion Belt"],"acts_visited":["TheCity","TheBeyond"],"potions_floor_usage":[23,25,29,33,35,37,41,42,44,46,46,46,46,50,50],"damage_taken":[{"damage":0,"enemies":"Small Slimes","floor":1,"turns":1},{"damage":0,"enemies":"Cultist","floor":4,"turns":1},{"damage":0,"enemies":"Lagavulin","floor":6,"turns":1},{"damage":0,"enemies":"Jaw Worm","floor":7,"turns":5},{"damage":1,"enemies":"3 Louse","floor":11,"turns":6},{"damage":2,"enemies":"Large Slime","floor":14,"turns":7},{"damage":0,"enemies":"Hexaghost","floor":16,"turns":10},{"damage":0,"enemies":"Chosen","floor":18,"turns":6},{"damage":36,"enemies":"Masked Bandits","floor":23,"turns":9},{"damage":0,"enemies":"2 Thieves","floor":29,"turns":5},{"damage":0,"enemies":"Centurion and Healer","floor":30,"turns":13},{"damage":19,"enemies":"Automaton","floor":33,"turns":20},{"damage":0,"enemies":"3 Darklings","floor":35,"turns":8},{"damage":0,"enemies":"Orb Walker","floor":37,"turns":5},{"damage":18,"enemies":"4 Shapes","floor":38,"turns":10},{"damage":6,"enemies":"3 Darklings","floor":41,"turns":4},{"damage":5,"enemies":"R_Hoarder","floor":42,"turns":7},{"damage":0,"enemies":"Sphere and 2 Shapes","floor":44,"turns":5},{"damage":40,"enemies":"Reptomancer","floor":46,"turns":7},{"damage":28,"enemies":"Replay:Hell Engine","floor":50,"turns":15}],"seed_played":"-8795099975854709998","potions_obtained":[{"floor":6,"key":"Fire Potion"},{"floor":7,"key":"Cursed Concoction"},{"floor":11,"key":"Poison Potion"},{"floor":16,"key":"LifebloodPotion"},{"floor":18,"key":"Toxic Potion"},{"floor":23,"key":"LiquidBronze"},{"floor":25,"key":"Fruit Juice"},{"floor":25,"key":"Block Potion"},{"floor":33,"key":"SneckoOil"},{"floor":37,"key":"Toxic Potion"},{"floor":41,"key":"Explosive Potion"},{"floor":44,"key":"LiquidBronze"},{"floor":46,"key":"Adrenaline Potion"}],"is_trial":false,"path_per_floor":["M","?","$","M","$","E","M","R","T","R","M","$","?","M","R","B",null,"M","T","$","?","?","?","R","?","T","R","$","M","M","?","R","B",null,"M","?","M","M","$","R","M","E","T","M","R","E","$","?","R","B",null],"character_chosen":"THE_SILENT","items_purchased":["Footwork","Deadly Poison","Escape Plan","Replay:Sssssssssshield","Crippling Poison","Calculated Gamble","Swift Potion","Fluid Movement"],"campfire_rested":1,"item_purchase_floors":[3,12,20,28,39,39,39,47],"current_hp_per_floor":[70,70,70,70,70,70,70,70,70,70,69,69,69,67,67,67,70,70,70,70,57,57,21,43,48,48,48,48,48,48,48,48,29,80,80,76,76,58,58,58,52,47,47,47,47,7,7,76,76,48],"gold":37,"neow_bonus":"THREE_ENEMY_KILL","is_daily":false,"chose_seed":false,"campfire_upgraded":7,"win_rate":0.0,"timestamp":1607623942,"path_taken":["M","?","$","M","?","E","?","R","T","R","M","?","?","?","R","BOSS","M","?","$","?","?","?","R","?","T","R","$","M","?","?","R","BOSS","M","?","M","M","$","R","M","E","T","M","R","E","$","?","R","BOSS"],"build_version":"2020-11-30","purchased_purges":2,"victory":true,"max_hp_per_floor":[70,70,70,70,70,70,70,70,70,70,70,70,70,70,70,70,70,70,70,70,75,75,75,75,80,80,80,80,80,80,80,80,80,80,80,76,76,76,76,76,76,76,76,76,76,76,76,76,76,76],"card_choices":[{"not_picked":["Flying Knee","Sucker Punch"],"picked":"Hidden Blade","floor":1},{"not_picked":["Riddle With Holes","Prepared"],"picked":"PiercingWail","floor":4},{"not_picked":["Skewer","Escape Plan"],"picked":"Deadly Poison","floor":6},{"not_picked":["Dodge and Roll","ReplayTheSpireMod:Necrosis"],"picked":"PiercingWail","floor":7},{"not_picked":["Leg Sweep","Acrobatics"],"picked":"Backflip","floor":11},{"not_picked":["Sucker Punch","Hidden Blade","ReplayTheSpireMod:Shiv Toss"],"picked":"SKIP","floor":14},{"not_picked":["Envenom","ReplayTheSpireMod:Necrosis"],"picked":"Malaise","floor":16},{"not_picked":["Clumsy","Replay:Hysterical Blindness"],"picked":"Languid","floor":17},{"not_picked":["Doubt","ReplayTheSpireMod:Restless Dread"],"picked":"CommonCold","floor":17},{"not_picked":["Doubt","ReplayTheSpireMod:IOU"],"picked":"Languid","floor":17},{"not_picked":["Underhanded Strike","Deadly Poison"],"picked":"ReplayTheSpireMod:Speed Training","floor":18},{"not_picked":["Quick Slash","Doppelganger"],"picked":"Deflect","floor":29},{"not_picked":["PiercingWail","Distraction+1","Dagger Throw+1"],"picked":"SKIP","floor":30},{"not_picked":["After Image","Envenom"],"picked":"Venomology","floor":33},{"not_picked":["Flying Knee","Sneak Up","PiercingWail+1"],"picked":"SKIP","floor":35},{"not_picked":["Prepared","Quick Slash+1"],"picked":"Poisoned Stab","floor":37},{"not_picked":["Dodge and Roll","Choke+1","Masterful Stab"],"picked":"SKIP","floor":38},{"not_picked":["Dagger Throw","Blade Dance","ReplayTheSpireMod:Shiv Toss"],"picked":"SKIP","floor":41},{"not_picked":["Backflip+1","Blade Dance+1","Flying Knee"],"picked":"SKIP","floor":42},{"not_picked":["Backstab","Flechettes","Blade Dance"],"picked":"SKIP","floor":44},{"not_picked":["Underhanded Strike","Dodge and Roll"],"picked":"Sneak Up+1","floor":46}],"player_experience":6754,"relics_obtained":[{"floor":6,"key":"PreservedInsect"},{"floor":9,"key":"Grinning Jar"},{"floor":19,"key":"Bottled Lightning"},{"floor":23,"key":"Red Mask"},{"floor":26,"key":"Gremlin Horn"},{"floor":42,"key":"Bag of Marbles"},{"floor":43,"key":"Dream Catcher"},{"floor":46,"key":"Potion Belt"}],"event_choices":[{"damage_healed":0,"gold_gain":0,"player_choice":"Full Heal","damage_taken":0,"max_hp_gain":0,"max_hp_loss":0,"event_name":"Wheel of Change","floor":2,"gold_loss":0},{"damage_healed":0,"gold_gain":0,"cards_transformed":["Strike_G"],"player_choice":"Transformed","damage_taken":0,"max_hp_gain":0,"max_hp_loss":0,"event_name":"Transmorgrifier","floor":13,"gold_loss":0,"cards_obtained":["Backflip"]},{"damage_healed":0,"gold_gain":0,"player_choice":"Shed Blood","damage_taken":18,"max_hp_gain":5,"max_hp_loss":0,"event_name":"Forgotten Altar","floor":21,"gold_loss":0},{"damage_healed":0,"gold_gain":0,"cards_transformed":["Strike_G","Strike_G"],"player_choice":"Became Test Subject","damage_taken":0,"max_hp_gain":0,"max_hp_loss":0,"event_name":"Drug Dealer","floor":22,"gold_loss":0,"cards_obtained":["Reflex","Unload"]},{"damage_healed":0,"gold_gain":0,"player_choice":"Fought Bandits","damage_taken":0,"max_hp_gain":0,"max_hp_loss":0,"event_name":"Masked Bandits","floor":23,"gold_loss":0},{"damage_healed":0,"gold_gain":0,"player_choice":"Got Potions","damage_taken":0,"max_hp_gain":0,"max_hp_loss":0,"event_name":"Lab","floor":25,"gold_loss":0},{"damage_healed":0,"gold_gain":0,"player_choice":"Opened","damage_taken":0,"relics_obtained":["Quantum Egg"],"max_hp_gain":0,"max_hp_loss":0,"event_name":"The Mausoleum","floor":31,"gold_loss":0},{"damage_healed":0,"gold_gain":0,"player_choice":"Max HP","damage_taken":0,"max_hp_gain":0,"max_hp_loss":4,"event_name":"Winding Halls","floor":36,"gold_loss":0},{"damage_healed":69,"gold_gain":0,"player_choice":"Heal","damage_taken":0,"max_hp_gain":0,"max_hp_loss":0,"event_name":"MindBloom","floor":48,"gold_loss":0,"cards_obtained":["Doubt"]}],"is_beta":false,"boss_relics":[{"not_picked":["Tiny House","Replay:Bronze Core"],"picked":"Replay:Ancient Bell"},{"not_picked":["Orichalcum","Replay:Mystery Machine"],"picked":"Bag of Preparation"},{"not_picked":["Chameleon Ring","Replay:Ringing Soul"],"picked":"Golden Egg"},{"not_picked":["Pocketwatch","Girya"],"picked":"FossilizedHelix"},{"not_picked":["Honey Jar","Calling Bell"],"picked":"Empty Cage"}],"items_purged_floors":[12,28],"is_endless":false,"potions_floor_spawned":[6,7,11,16,18,23,33,37,41,44,46],"ascension_level":0}}