{"host":"ecaj4hn004xnnrw9","time":1607644452,"event":{"mods":["BaseMod","AchievementEnabler","StSLib","Hermit","Quick Restart","Minty Spire (QoL Compilation)","Replay The Spire","The Cursed"],"gold_per_floor":[113,15,31,47,61,61,75,75,75,101,111,111,138,150,150,250,250,263,533,113,129,129,129,129],"floor_reached":23,"playtime":1074,"items_purged":["hermit:Strike_Hermit"],"score":213,"play_id":"95bc7ade-4e41-4054-bcbf-797f24bcc32d","local_time":"20201210235412","is_ascension_mode":true,"campfire_choices":[{"data":"hermit:Brawl","floor":6,"key":"SMITH"},{"data":"hermit:Gestalt","floor":8,"key":"SMITH"},{"data":"hermit:Snapshot","floor":12,"key":"SMITH"},{"data":"hermit:OverwhelmingPower","floor":15,"key":"SMITH"}],"circlet_count":0,"master_deck":["hermit:Strike_Hermit","hermit:Strike_Hermit","hermit:Defend_Hermit","hermit:Defend_Hermit","hermit:Defend_Hermit","hermit:Defend_Hermit","hermit:Snapshot+1","hermit:Covet","hermit:Quickdraw","hermit:Enervate","hermit:Enervate","hermit:SprayPray","hermit:Brawl+1","hermit:Gestalt+1","hermit:Headshot","hermit:OverwhelmingPower+1","hermit:TrackingShot","hermit:FromBeyond","hermit:Deadeye","hermit:GoldenBullet+1","hermit:Enervate"],"relics":["hermit:ClaspedLocket","NeowsBlessing","Replay:Kaleidoscope","Du-Vu Doll","Kunai","Garlic"],"acts_visited":["Exordium","TheCity"],"potions_floor_usage":[10,11,16,23,23],"damage_taken":[{"damage":0,"enemies":"Cultist","floor":1,"turns":1},{"damage":0,"enemies":"2 Louse","floor":3,"turns":1},{"damage":0,"enemies":"Small Slimes","floor":4,"turns":1},{"damage":12,"enemies":"Gremlin Gang","floor":5,"turns":5},{"damage":9,"enemies":"2 Fungi Beasts","floor":7,"turns":2},{"damage":4,"enemies":"Gremlin Nob","floor":10,"turns":5},{"damage":0,"enemies":"Large Slime","floor":11,"turns":4},{"damage":15,"enemies":"3 Sentries","floor":13,"turns":6},{"damage":3,"enemies":"Looter","floor":14,"turns":3},{"damage":6,"enemies":"Slime Boss","floor":16,"turns":7},{"damage":18,"enemies":"Shell Parasite","floor":18,"turns":4},{"damage":8,"enemies":"3 Byrds","floor":21,"turns":6},{"damage":24,"enemies":"Gremlin Leader","floor":23,"turns":5}],"seed_played":"-4119165713384442168","potions_obtained":[{"floor":5,"key":"DuplicationPotion"},{"floor":7,"key":"Block Potion"},{"floor":10,"key":"Block Potion"},{"floor":16,"key":"LifebloodPotion"}],"is_trial":false,"path_per_floor":["M","$","M","M","M","R","M","R","T","E","M","R","E","M","R","B",null,"M","?","$","M","?","E"],"character_chosen":"HERMIT","items_purchased":["hermit:Enervate","hermit:SprayPray","Garlic","PowerPotion","Swift Potion"],"campfire_rested":0,"item_purchase_floors":[2,2,20,20,20],"current_hp_per_floor":[75,75,75,75,63,63,54,54,54,50,50,50,35,32,32,26,75,57,30,30,22,22,0,0],"gold":129,"neow_bonus":"THREE_ENEMY_KILL","is_daily":false,"chose_seed":false,"campfire_upgraded":4,"win_rate":0,"timestamp":1607644452,"path_taken":["M","$","M","M","?","R","M","R","T","E","M","R","E","M","R","BOSS","M","?","?","M","?","E"],"build_version":"2020-11-30","purchased_purges":1,"victory":false,"max_hp_per_floor":[75,75,75,75,75,75,75,75,75,75,75,75,75,75,75,75,75,75,75,75,75,75,75,75],"card_choices":[{"not_picked":["hermit:HoleUp","hermit:DeadMansHand"],"picked":"hermit:Quickdraw","floor":1},{"not_picked":["hermit:BodyArmor","hermit:SprayPray","hermit:Vantage"],"picked":"SKIP","floor":3},{"not_picked":["hermit:Magnum","hermit:Dive"],"picked":"hermit:Brawl","floor":4},{"not_picked":["hermit:HighCaliber","hermit:DeadMansHand","hermit:Ricochet"],"picked":"SKIP","floor":5},{"not_picked":["hermit:DeadMansHand","hermit:Virtue"],"picked":"hermit:Gestalt","floor":7},{"not_picked":["hermit:Determination","hermit:Glare"],"picked":"hermit:Headshot","floor":10},{"not_picked":["hermit:DeadMansHand","hermit:SprayPray","hermit:Dive"],"picked":"SKIP","floor":11},{"not_picked":["hermit:Dive","hermit:ItchyTrigger"],"picked":"hermit:OverwhelmingPower","floor":13},{"not_picked":["hermit:DeadMansHand","hermit:BodyArmor"],"picked":"hermit:TrackingShot","floor":14},{"not_picked":["hermit:HighNoon","hermit:Magnum"],"picked":"hermit:FromBeyond","floor":16},{"not_picked":["hermit:Roulette+1","hermit:ItchyTrigger"],"picked":"hermit:Deadeye","floor":18},{"not_picked":["hermit:LoneWolf","hermit:BodyArmor"],"picked":"hermit:GoldenBullet+1","floor":21}],"player_experience":168210,"relics_obtained":[{"floor":9,"key":"Replay:Kaleidoscope"},{"floor":10,"key":"Du-Vu Doll"},{"floor":13,"key":"Kunai"}],"event_choices":[{"damage_healed":0,"gold_gain":270,"player_choice":"GOLD GOLD GOLD ","damage_taken":27,"max_hp_gain":0,"max_hp_loss":0,"event_name":"Knowing Skull","floor":19,"potions_obtained":[],"gold_loss":0,"cards_obtained":[]},{"damage_healed":0,"gold_gain":0,"cards_transformed":["hermit:Strike_Hermit"],"player_choice":"Transformed","damage_taken":0,"max_hp_gain":0,"max_hp_loss":0,"event_name":"Transmorgrifier","floor":22,"gold_loss":0,"cards_obtained":["hermit:Enervate"]}],"is_beta":false,"boss_relics":[{"not_picked":["Philosopher\u0027s Stone","Fusion Hammer"],"picked":"hermit:ClaspedLocket"}],"items_purged_floors":[20],"is_endless":false,"potions_floor_spawned":[5,7,10,16,21],"killed_by":"Gremlin Leader","ascension_level":1}}