{"host":"y56d1fjpgcjsodvy","time":1607594577,"event":{"gold_per_floor":[113,113,113,127,145,145,168,168,168,49,90,90,165,190,190,286,286,304,348,348,348,373,408,408,448,448,468,509,522,566,581,581,680,680,693,693,716,299,299,339,21,55,55,68,68,104,104,127,127,127,127,127,127,15,46,46,46],"floor_reached":56,"playtime":2491,"items_purged":["Defend_B"],"score":2526,"play_id":"3e17a9bc-62e0-4e15-93ee-c336981a1260","local_time":"20201210190257","is_ascension_mode":true,"campfire_choices":[{"data":"Fusion","floor":6.0,"key":"SMITH"},{"data":"Zap","floor":8.0,"key":"SMITH"},{"data":"Coolheaded","floor":12.0,"key":"SMITH"},{"data":"Dualcast","floor":15.0,"key":"SMITH"},{"floor":24.0,"key":"REST"},{"floor":32.0,"key":"REST"},{"data":"Loop","floor":45.0,"key":"SMITH"},{"data":"Stack","floor":47.0,"key":"SMITH"},{"floor":49.0,"key":"RECALL"},{"data":"Gash","floor":53.0,"key":"SMITH"}],"neow_cost":"TEN_PERCENT_HP_LOSS","seed_source_timestamp":0,"circlet_count":0,"master_deck":["AscendersBane","Zap+1","Dualcast+1","Panache+1","Fusion+1","Steam+1","Coolheaded+1","Electrodynamics+1","FTL+1","Coolheaded+1","Go for the Eyes+1","Seek+1","Leap+1","Conserve Battery+1","Machine Learning+1","Hyperbeam+1","Go for the Eyes+1","Buffer+1","BootSequence+1","Loop+1","Heatsinks+1","Meteor Strike+1","Loop+1","Conserve Battery+1","Force Field+1","Loop+1","Fission+1","Defragment+1","Leap+1","Heatsinks+1","Panacea+1","Loop+1","Stack+1","All For One","BootSequence+1","Gash+1","Compile Driver","Chaos"],"special_seed":0,"relics":["Cracked Core","Golden Idol","Mango","Lizard Tail","Pandora\u0027s Box","Red Mask","Kunai","Vajra","Letter Opener","Ancient Tea Set","Turnip","Coffee Dripper","Bottled Tornado","Mark of the Bloom","Orichalcum","Oddly Smooth Stone","Nunchaku","Dead Branch","Mercury Hourglass"],"potions_floor_usage":[56,56],"damage_taken":[{"damage":4.0,"enemies":"Jaw Worm","floor":1.0,"turns":4.0},{"damage":8.0,"enemies":"Small Slimes","floor":4.0,"turns":3.0},{"damage":8.0,"enemies":"2 Louse","floor":5.0,"turns":3.0},{"damage":6.0,"enemies":"2 Fungi Beasts","floor":7.0,"turns":4.0},{"damage":0.0,"enemies":"3 Sentries","floor":11.0,"turns":3.0},{"damage":1.0,"enemies":"Blue Slaver","floor":14.0,"turns":3.0},{"damage":19.0,"enemies":"Slime Boss","floor":16.0,"turns":7.0},{"damage":0.0,"enemies":"Spheric Guardian","floor":18.0,"turns":4.0},{"damage":0.0,"enemies":"Masked Bandits","floor":19.0,"turns":1.0},{"damage":9.0,"enemies":"Shell Parasite","floor":22.0,"turns":5.0},{"damage":22.0,"enemies":"Slavers","floor":23.0,"turns":4.0},{"damage":11.0,"enemies":"Gremlin Leader","floor":25.0,"turns":7.0},{"damage":2.0,"enemies":"Snecko","floor":27.0,"turns":5.0},{"damage":15.0,"enemies":"Book of Stabbing","floor":28.0,"turns":5.0},{"damage":0.0,"enemies":"3 Cultists","floor":29.0,"turns":3.0},{"damage":0.0,"enemies":"Gremlin Leader","floor":30.0,"turns":5.0},{"damage":6.0,"enemies":"Sentry and Sphere","floor":31.0,"turns":4.0},{"damage":16.0,"enemies":"Collector","floor":33.0,"turns":13.0},{"damage":41.0,"enemies":"3 Darklings","floor":35.0,"turns":5.0},{"damage":13.0,"enemies":"Orb Walker","floor":37.0,"turns":4.0},{"damage":0.0,"enemies":"Nemesis","floor":40.0,"turns":3.0},{"damage":0.0,"enemies":"Reptomancer","floor":42.0,"turns":5.0},{"damage":0.0,"enemies":"3 Darklings","floor":44.0,"turns":1.0},{"damage":0.0,"enemies":"Nemesis","floor":46.0,"turns":3.0},{"damage":0.0,"enemies":"Jaw Worm Horde","floor":48.0,"turns":2.0},{"damage":0.0,"enemies":"Awakened One","floor":50.0,"turns":11.0},{"damage":0.0,"enemies":"Time Eater","floor":51.0,"turns":9.0},{"damage":6.0,"enemies":"Shield and Spear","floor":55.0,"turns":4.0},{"damage":8,"enemies":"The Heart","floor":56,"turns":5}],"seed_played":"2483628826169289127","potions_obtained":[{"floor":4.0,"key":"Strength Potion"},{"floor":5.0,"key":"Block Potion"},{"floor":7.0,"key":"DuplicationPotion"},{"floor":14.0,"key":"PotionOfCapacity"},{"floor":18.0,"key":"LiquidMemories"},{"floor":19.0,"key":"Strength Potion"},{"floor":28.0,"key":"AttackPotion"},{"floor":31.0,"key":"Weak Potion"},{"floor":37.0,"key":"Fruit Juice"},{"floor":42.0,"key":"FocusPotion"}],"is_trial":false,"path_per_floor":["M","?","?","M","M","R","M","R","T","$","E","R","?","M","R","B",null,"M","?","?","?","M","E","R","E","T","M","E","M","E","M","R","B",null,"M","?","M","$","?","E","$","E","T","M","R","E","R","M","R","B","B",null,"R","$","E","B"],"character_chosen":"DEFECT","items_purchased":["FTL","Heatsinks","Bottled Tornado","Panacea","Oddly Smooth Stone","Loop","Ancient Potion","FocusPotion","Compile Driver"],"campfire_rested":2,"item_purchase_floors":[10,38,38,38,41,41,41,54,54],"current_hp_per_floor":[60,38,38,30,22,22,16,16,30,30,30,30,19,18,18,39,68,68,68,68,68,59,37,60,49,49,47,32,32,32,26,49,33,67,26,26,13,13,13,13,13,13,13,13,13,13,13,13,13,13,13,13,13,13,7,0,0],"gold":46,"neow_bonus":"RANDOM_COLORLESS_2","is_prod":false,"is_daily":false,"chose_seed":false,"campfire_upgraded":7,"win_rate":0,"timestamp":1607594577,"path_taken":["M","?","?","M","M","R","M","R","T","$","E","R","?","M","R","BOSS","M","?","?","?","M","E","R","E","T","M","E","?","E","M","R","BOSS","M","?","M","$","?","E","?","E","T","?","R","E","R","M","R","BOSS","BOSS","R","$","E","BOSS"],"build_version":"2020-11-30","purchased_purges":1,"victory":false,"max_hp_per_floor":[64,64,64,64,64,64,64,64,78,78,78,78,78,78,78,78,78,78,78,78,78,78,78,78,78,78,78,78,78,78,78,78,78,78,78,78,78,78,78,78,78,83,83,83,83,83,83,83,83,83,83,83,83,83,83,83,83],"card_choices":[{"not_picked":["Transmutation","Violence"],"picked":"Panache","floor":0.0},{"not_picked":["Hologram","Steam"],"picked":"Fusion","floor":1.0},{"not_picked":["Stack","Turbo"],"picked":"Steam","floor":4.0},{"not_picked":["Capacitor","Leap"],"picked":"Coolheaded","floor":5.0},{"not_picked":["Fusion","Coolheaded"],"picked":"Electrodynamics","floor":7.0},{"not_picked":["Scrape","Beam Cell"],"picked":"Coolheaded","floor":11.0},{"not_picked":["Beam Cell","Cold Snap"],"picked":"Go for the Eyes","floor":14.0},{"not_picked":["Machine Learning","Echo Form"],"picked":"Seek","floor":16.0},{"not_picked":["Storm","Sweeping Beam"],"picked":"BootSequence","floor":18.0},{"not_picked":["Sweeping Beam","Turbo"],"picked":"Loop","floor":19.0},{"not_picked":["Auto Shields","Rip and Tear","Reprogram"],"picked":"SKIP","floor":22.0},{"not_picked":["Cold Snap","Ball Lightning","Beam Cell"],"picked":"SKIP","floor":23.0},{"not_picked":["Beam Cell","Steam"],"picked":"Meteor Strike","floor":25.0},{"not_picked":["Reprogram","Storm"],"picked":"Loop","floor":27.0},{"not_picked":["Streamline","Steam"],"picked":"Conserve Battery","floor":28.0},{"not_picked":["Cold Snap","Undo"],"picked":"Force Field","floor":29.0},{"not_picked":["Reboot","Sweeping Beam"],"picked":"Loop+1","floor":30.0},{"not_picked":["Go for the Eyes","Compile Driver"],"picked":"Glacier","floor":31.0},{"not_picked":["Biased Cognition","Electrodynamics"],"picked":"Fission","floor":33.0},{"not_picked":["Loop+1","Blizzard+1"],"picked":"Defragment","floor":35.0},{"not_picked":["Hologram","Chaos"],"picked":"Leap+1","floor":37.0},{"not_picked":["Cold Snap","Sunder","Rebound+1"],"picked":"SKIP","floor":40.0},{"not_picked":["Ball Lightning","Sweeping Beam"],"picked":"Stack","floor":42.0},{"not_picked":["Force Field","Double Energy+1"],"picked":"All For One","floor":44.0},{"not_picked":["Blizzard+1","Rip and Tear"],"picked":"BootSequence+1","floor":46.0},{"not_picked":["Beam Cell","Ball Lightning"],"picked":"Gash","floor":48.0},{"not_picked":["Melter+1","Sunder"],"picked":"Chaos","floor":55.0}],"player_experience":1153910,"relics_obtained":[{"floor":9.0,"key":"Mango"},{"floor":11.0,"key":"Lizard Tail"},{"floor":19.0,"key":"Red Mask"},{"floor":23.0,"key":"Kunai"},{"floor":25.0,"key":"Vajra"},{"floor":26.0,"key":"Letter Opener"},{"floor":28.0,"key":"Ancient Tea Set"},{"floor":30.0,"key":"Turnip"},{"floor":40.0,"key":"Orichalcum"},{"floor":42.0,"key":"Nunchaku"},{"floor":46.0,"key":"Dead Branch"},{"floor":55.0,"key":"Mercury Hourglass"}],"event_choices":[{"damage_healed":0.0,"max_hp_gain":0.0,"max_hp_loss":0.0,"gold_gain":0.0,"event_name":"Golden Idol","player_choice":"Take Damage","floor":2.0,"gold_loss":0.0,"damage_taken":22.0,"relics_obtained":["Golden Idol"]},{"damage_healed":0.0,"max_hp_gain":0.0,"max_hp_loss":0.0,"gold_gain":0.0,"event_name":"Liars Game","player_choice":"Ignored","floor":3.0,"gold_loss":0.0,"damage_taken":0.0},{"damage_healed":0.0,"max_hp_gain":0.0,"max_hp_loss":0.0,"gold_gain":75.0,"event_name":"World of Goop","player_choice":"Gather Gold","floor":13.0,"gold_loss":0.0,"damage_taken":11.0},{"damage_healed":0.0,"max_hp_gain":0.0,"max_hp_loss":0.0,"gold_gain":0.0,"event_name":"Masked Bandits","player_choice":"Fought Bandits","floor":19.0,"gold_loss":0.0,"damage_taken":0.0},{"damage_healed":0.0,"max_hp_gain":0.0,"max_hp_loss":0.0,"gold_gain":0.0,"event_name":"The Library","player_choice":"Read","floor":20.0,"gold_loss":0.0,"damage_taken":0.0,"cards_obtained":["Heatsinks"]},{"cards_removed":["Reprogram"],"damage_healed":0.0,"max_hp_gain":0.0,"max_hp_loss":0.0,"gold_gain":0.0,"event_name":"Back to Basics","player_choice":"Elegance","floor":21.0,"gold_loss":0.0,"damage_taken":0.0},{"cards_removed":["Glacier"],"damage_healed":0.0,"max_hp_gain":0.0,"max_hp_loss":0.0,"gold_gain":0.0,"event_name":"Falling","player_choice":"Removed Skill","floor":36.0,"gold_loss":0.0,"damage_taken":0.0},{"damage_healed":0.0,"max_hp_gain":0.0,"max_hp_loss":0.0,"gold_gain":0.0,"event_name":"MindBloom","player_choice":"Upgrade","floor":39.0,"gold_loss":0.0,"damage_taken":0.0,"cards_upgraded":["Panache","Steam","Electrodynamics","FTL","Coolheaded","Go for the Eyes","Seek","Leap","Conserve Battery","Machine Learning","Hyperbeam","Go for the Eyes","Buffer","BootSequence","Loop","Heatsinks","Meteor Strike","Loop","Conserve Battery","Force Field","Fission","Defragment","Heatsinks","Panacea"],"relics_obtained":["Mark of the Bloom"]}],"is_beta":false,"boss_relics":[{"not_picked":["FrozenCore","Ectoplasm"],"picked":"Pandora\u0027s Box"},{"not_picked":["Velvet Choker","SacredBark"],"picked":"Coffee Dripper"}],"items_purged_floors":[10],"is_endless":false,"potions_floor_spawned":[4,5,7,14,18,19,28,31,37,42],"killed_by":"The Heart","ascension_level":20}}