{"host":"dntw6kil9p09eemm","time":1607643082,"event":{"mods":["2.2 Compatiblity","BaseMod","Colored Powertips","Downfall","Hermit","Minty Spire (QoL Compilation)","Shop Mod","StSLib","The Alterego","The Runesmith"],"gold_per_floor":[99,119,44,194,369,388,467,486,498,523,533,548,548,329,344,344,344],"floor_reached":16,"playtime":590,"items_purged":["hexamod:Strike"],"score":104,"play_id":"52037963-4221-4535-bdc8-4a8702e5925b","local_time":"20201211083122","is_ascension_mode":false,"campfire_choices":[{"floor":1,"key":"RECALL"},{"data":"hexamod:Float","floor":3,"key":"SMITH"}],"circlet_count":0,"master_deck":["hexamod:Strike","hexamod:Strike","hexamod:Strike","hexamod:Defend","hexamod:Defend","hexamod:Defend","hexamod:Sear","hexamod:Float+1","Slimebound:Icky","Doubt","hexamod:ThermalTransfer","hexamod:ThermalTransfer","hexamod:Incineration","hexamod:SearingWound+1","hexamod:PhantomFireball"],"relics":["hexamod:SpiritBrand","Lantern","downfall:HeartBlessingRed","Toxic Egg 2","MerchantsRug"],"acts_visited":["Exordium"],"potions_floor_usage":[],"damage_taken":[{"damage":1,"enemies":"2 Louse","floor":2,"turns":3},{"damage":0,"enemies":"Small Slimes","floor":6,"turns":3},{"damage":0,"enemies":"Jaw Worm","floor":8,"turns":3},{"damage":7,"enemies":"3 Louse","floor":9,"turns":4},{"damage":4,"enemies":"Lagavulin","floor":10,"turns":6},{"damage":9,"enemies":"2 Fungi Beasts","floor":11,"turns":2},{"damage":1,"enemies":"Blue Slaver","floor":12,"turns":3},{"damage":0,"enemies":"downfall:FleeingMerchant","floor":14,"turns":4},{"damage":0,"enemies":"3 Louse","floor":15,"turns":2},{"damage":50,"enemies":"downfall:CharBossDefect","floor":16,"turns":5}],"seed_played":"7602975069853023508","potions_obtained":[{"floor":9,"key":"GamblersBrew"},{"floor":10,"key":"hexamod:InfernoChargePotion"},{"floor":11,"key":"Energy Potion"}],"is_trial":false,"path_per_floor":["R","M","R","?","?","M","T","M","M","E","M","M","?","$","M","B"],"character_chosen":"THE_SPIRIT","items_purchased":["MerchantsRug"],"campfire_rested":0,"item_purchase_floors":[14],"current_hp_per_floor":[70,69,69,69,69,69,69,69,62,58,49,48,48,48,48,0,0],"gold":344,"neow_bonus":"RANDOM_COMMON_RELIC","is_daily":false,"chose_seed":false,"campfire_upgraded":1,"win_rate":0.0,"timestamp":1607643082,"path_taken":["R","M","R","?","?","M","T","M","M","E","M","M","?","$","M","BOSS"],"items_purchased_type":["Relic"],"build_version":"2020-11-30","purchased_purges":1,"victory":false,"max_hp_per_floor":[70,70,70,70,70,70,70,70,70,70,70,70,70,70,70,70,70],"card_choices":[{"not_picked":["hexamod:InspiringFlames","hexamod:GhostShield","hexamod:NightmareStrike"],"picked":"SKIP","floor":2},{"not_picked":["hexamod:SecondSeal","hexamod:GhostShield"],"picked":"hexamod:ThermalTransfer","floor":6},{"not_picked":["hexamod:NecessarySacrifice","hexamod:FastForward"],"picked":"hexamod:ThermalTransfer","floor":8},{"not_picked":["hexamod:Again","hexamod:GhostflameBarrier"],"picked":"hexamod:Incineration","floor":9},{"not_picked":["hexamod:BurningTouch+1","hexamod:GhostOfSpirePresent"],"picked":"hexamod:SearingWound+1","floor":10},{"not_picked":["hexamod:BurningTouch+1","hexamod:NightmareGuise+1"],"picked":"hexamod:PhantomFireball","floor":11},{"not_picked":["hexamod:ShieldOfDarkness+1","hexamod:HauntingEcho","hexamod:NecessarySacrifice+1"],"picked":"SKIP","floor":12},{"not_picked":["hexamod:FlamesFromBeyond+1","hexamod:HauntingEcho","hexamod:NightmareStrike"],"picked":"SKIP","floor":15}],"player_experience":314355,"relics_obtained":[{"floor":10,"key":"Toxic Egg 2"}],"event_choices":[{"cards_removed":["hexamod:Defend"],"damage_healed":0,"gold_gain":0,"player_choice":"Card Removal","damage_taken":0,"max_hp_gain":0,"max_hp_loss":0,"event_name":"The Cleric","floor":13,"gold_loss":0}],"is_beta":false,"boss_relics":[],"items_purged_floors":[14],"is_endless":false,"potions_floor_spawned":[9,10,11],"killed_by":"downfall:CharBossDefect","ascension_level":0}}