{"host":"l85rtarfuh0ld3b1","time":1607628435,"event":{"mods":["BaseMod","Shop Mod","StSLib","Act Like it!","Gensokyo","KinomotoSakuraMod(木之本樱)","Koishi","Minty Spire (QoL Compilation)","TestMod","Chen","Decade(王小明)","Reimu（博丽灵梦）","Nova Terra(诺娃・泰拉)","The Servant 0.9.4","Marisa（F雨　魔理沙）","Remilia（蕾米莉亚）","BetterRewards","Permanent Neow","CapriCore","The Immortal","The Administrix","【东方二次创作】八云紫mod"],"gold_per_floor":[115,514,514,2700,2700,2724,2734,2223,2223,2240,2240,2240,2277,2232,2232,2361,2361,2376,2376,2376,2442,2442,2442,2442,2480,2480,2480,2504,2504,2530,2507,2507,2615,2615,2624,2640,2640,2640,2656,2656,2685,2685,2685,2685,2712,2737,2761,2710,2710,2710,2710,2710,2715,2741,2741],"floor_reached":56,"playtime":2562,"items_purged":["Strike_MRS","Strike_MRS","Defend_MRS","Strike_MRS","Defend_MRS","Defend_MRS","Defend_MRS","Strike_MRS","MasterSpark","UpSweep","GrandCross","EnergyRecoil+1","Clumsy","CasketOfStar+1"],"score":2746,"play_id":"0194efab-f0d2-492c-b1cc-f585d3b27bf3","local_time":"20201211032715","is_ascension_mode":true,"campfire_choices":[{"floor":15,"key":"RECALL"},{"data":"MeteoricShower","floor":23,"key":"SMITH"},{"data":"1","floor":29,"key":"LIFT"},{"data":"2","floor":32,"key":"LIFT"},{"data":"Madness","floor":40,"key":"PURGE"},{"data":"Madness","floor":42,"key":"PURGE"},{"data":"MysteriousBeam","floor":49,"key":"SMITH"},{"data":"3","floor":52,"key":"LIFT"}],"circlet_count":0,"master_deck":["WitchLeyline+1","ShootTheMoon+1","TreasureHunter+1","EscapeVelocity+1","Orbital+1","MeteoricShower+1","Panache+1","AdministrixMod:BishamonBlessing+1","ManaConvection+1","Orbital+1","SuperNova+1","MysteriousBeam+1"],"special_seed":0,"relics":["MiniHakkero","testmod-CrystalShield","MerchantsRug","SimpleLauncher","testmod-DragonStarHat","Juzu Bracelet","CeramicFish","Nunchaku","testmod-Alchemist","Medical Kit","Blue Candle","Ancient Tea Set","HandDrill","Mastiff:ReiMu","Question Card","Eternal Feather","BreadOfAWashokuLover","Sling","testmod-AssaultLearning","Bottled Flame","Blood Vial","Lantern","Mummified Hand","Gremlin Horn","ClockworkSouvenir","RuthlessExorcism:ReiMu","AmplifyWand","Sundial","testmod-Charity","Orichalcum","Letter Opener","testmod-TurbochargingSystem","PureWhite:ReiMu","StoneCalendar","Darkstone Periapt","PreservedInsect","testmod-IndustrialRevolution","Singing Bowl","testmod-Acrobat","Bronze Scales","Toy Ornithopter","testmod-BlackFramedGlasses","testmod-RealStoneCalender","Unceasing Top","White Beast Statue","Happy Flower","Chemical X","Akabeko","testmod-Fortitude","HandmadeGrimoire","Dream Catcher","Tiny Chest","Bag of Preparation","Membership Card","MagicBroom","AntiCross","Gambling Chip","testmod-LifeArmor","testmod-Laevatain","Bottled Tornado","Ginger","ShroomBag","Bottled Lightning","testmod-BouquetWithThorns","Girya","Bird Faced Urn","Omamori","Ornamental Fan","OrangePellets","Bloody Idol","Prayer Wheel","Tea:ReiMu","testmod-Nyarlathotep","Black Star","Necronomicon","testmod-ConstraintPeriapt","Kunai","Pantograph","Anchor","Boot","HornCleat","testmod-Nine","InkBottle","WarpedTongs","Pen Nib","Vajra","Mercury Hourglass","Lizard Tail","Centennial Puzzle","Smiling Mask","Turnip","testmod-ThousandKnives","Bag of Marbles","Shuriken","testmod-Hope","Pear"],"acts_visited":["Exordium","TheCity","TheBeyond","TheEnding"],"potions_floor_usage":[],"damage_taken":[{"damage":1.0,"enemies":"Small Slimes","floor":1.0,"turns":1.0},{"damage":0,"enemies":"Lagavulin","floor":6,"turns":1},{"damage":0,"enemies":"2 Louse","floor":7,"turns":1},{"damage":0,"enemies":"Cultist","floor":10,"turns":1},{"damage":2,"enemies":"3 Sentries","floor":13,"turns":1},{"damage":2,"enemies":"Slime Boss","floor":16,"turns":1},{"damage":1,"enemies":"2 Thieves","floor":18,"turns":1},{"damage":6,"enemies":"Book of Stabbing","floor":25,"turns":1},{"damage":0,"enemies":"Gremlin Leader","floor":28,"turns":1},{"damage":1,"enemies":"Slavers","floor":30,"turns":1},{"damage":2,"enemies":"Collector","floor":33,"turns":1},{"damage":1,"enemies":"3 Shapes","floor":35,"turns":1},{"damage":2,"enemies":"Orb Walker","floor":36,"turns":1},{"damage":4,"enemies":"Reptomancer","floor":41,"turns":1},{"damage":10,"enemies":"Reptomancer","floor":44,"turns":1},{"damage":0,"enemies":"Giant Head","floor":45,"turns":1},{"damage":0,"enemies":"Maw","floor":46,"turns":1},{"damage":0,"enemies":"Nemesis","floor":47,"turns":1},{"damage":0,"enemies":"Time Eater","floor":50,"turns":1},{"damage":0,"enemies":"Shield and Spear","floor":54,"turns":1},{"damage":0,"enemies":"The Heart","floor":55,"turns":3}],"seed_played":"-6014455424222450406","potions_obtained":[{"floor":0.0,"key":"Explosive Potion"},{"floor":0.0,"key":"Block Potion"},{"floor":0.0,"key":"GamblersBrew"},{"floor":0.0,"key":"BottledSpark"},{"floor":0.0,"key":"FearPotion"},{"floor":0.0,"key":"Explosive Potion"},{"floor":0.0,"key":"Block Potion"},{"floor":0.0,"key":"GamblersBrew"},{"floor":0.0,"key":"BottledSpark"},{"floor":0.0,"key":"FearPotion"},{"floor":1.0,"key":"Block Potion"},{"floor":6,"key":"Strength Potion"},{"floor":7,"key":"ShroomBrew"},{"floor":10,"key":"SkillPotion"},{"floor":13,"key":"PowerPotion"},{"floor":16,"key":"FearPotion"},{"floor":18,"key":"Strength Potion"},{"floor":25,"key":"Weak Potion"},{"floor":33,"key":"BottledSpark"},{"floor":35,"key":"ColorlessPotion"},{"floor":36,"key":"Energy Potion"},{"floor":46,"key":"SneckoOil"}],"is_trial":false,"path_per_floor":["M","?","?","$","?","E","M","$","T","M","T","?","E","$","R","B",null,"M","?","T","$","?","R","?","E","T","?","E","R","E","$","R","B",null,"M","M","T","?","?","R","E","R","T","?","E","M","E","$","R","B",null,"R","$","E","B",null],"character_chosen":"MARISA","items_purchased":["MerchantsRug","testmod-Motorcycle","Mango","SimpleLauncher","ScarletDevilRocket","testmod-DragonStarHat","Frozen Eye","Ornamental Fan","Juzu Bracelet","testmod-Faith","CeramicFish","Art of War","MilkyWay","Nunchaku","testmod-Alchemist","Strange Spoon","Medical Kit","Blue Candle","Ancient Tea Set","WitchLeyline","Omamori","HandDrill","CrazyTorch:ReiMu","Pocketwatch","Mastiff:ReiMu","Meat on the Bone","Question Card","Shuriken","Eternal Feather","OrangePellets","testmod-CasingShield","BreadOfAWashokuLover","Sling","Strawberry","testmod-AssaultLearning","Regal Pillow","Bottled Flame","TheAbacus","Blood Vial","Lantern","Potion Belt","Mummified Hand","testmod-Antiphasic","Gremlin Horn","ClockworkSouvenir","testmod-OneHitWonder","RuthlessExorcism:ReiMu","testmod-Déjàvu","testmod-IWantAll","AmplifyWand","Sundial","testmod-Charity","Lee\u0027s Waffle","Orichalcum","Letter Opener","testmod-TurbochargingSystem","MealTicket","PureWhite:ReiMu","StoneCalendar","Darkstone Periapt","Calipers","Tea:ReiMu","PreservedInsect","Boot","ShootTheMoon","Oddly Smooth Stone","Bag of Marbles","Cauldron","Whetstone","testmod-IndustrialRevolution","TreasureHunter","Singing Bowl","HornCleat","testmod-Acrobat","testmod-Maize","Bronze Scales","Kunai","Frozen Egg 2","Orrery","GrandCross","Pen Nib","Toy Ornithopter","testmod-BlackFramedGlasses","testmod-Hope","EscapeVelocity+1","testmod-RealStoneCalender","Fruit Juice","Unceasing Top","White Beast Statue","StrikeDummy","Toxic Egg 2","Happy Flower","TentaclePot:ReiMu","EnergyRecoil+1","Chemical X","Akabeko","testmod-SpacePotion","testmod-Fortitude","Vajra","Orbital+1","HandmadeGrimoire","Anchor","Centennial Puzzle","Pear","Dream Catcher","MeteoricShower","Panache+1","Tiny Chest","Bag of Preparation","Membership Card","MagicBroom","Pantograph","testmod-SpacePotion","Mercury Hourglass","AntiCross","Molten Egg 2","Gambling Chip","testmod-ArcanaOfDestiny","testmod-Register","War Paint","testmod-LifeArmor","testmod-Laevatain","Bottled Tornado","Ginger","ShroomBag","testmod-MagicalMallet","Matryoshka","testmod-HeartOfDaVinci","AdministrixMod:GoldenChickadee","Bottled Lightning","Fruit Juice","Fruit Juice","testmod-BouquetWithThorns","Girya","CasketOfStar+1","Omamori","Ornamental Fan","OrangePellets","ManaConvection","Prayer Wheel","Tea:ReiMu","Orbital","testmod-Antiphasic","Boot","HornCleat","DollysMirror","MealTicket","Potion Belt","testmod-ThousandKnives","Bag of Marbles","BottledSpark","BlessingOfTheForge","Swift Potion"],"campfire_rested":0,"item_purchase_floors":[0,0,0,0,0,0,0,0,0,0,0,0,0,0,0,0,0,0,0,0,0,0,0,0,0,0,0,0,0,0,0,0,0,0,0,0,0,0,0,0,0,0,0,0,0,0,0,0,0,0,0,0,0,0,0,0,0,0,0,0,0,0,0,0,0,0,0,0,0,0,0,0,0,0,0,0,0,0,0,0,0,0,0,0,0,0,0,0,0,0,0,0,0,0,0,0,0,0,0,0,0,0,0,0,0,0,0,0,0,0,0,0,0,0,0,0,0,0,0,0,0,0,0,0,0,0,0,0,0,0,0,0,0,0,0,8,8,8,8,14,14,14,21,31,31,31,48,48,53,53,53,53,53],"current_hp_per_floor":[185,186,186,243,250,255,260,261,261,264,264,198,218,225,231,247,277,293,277,277,284,284,290,290,298,298,298,320,320,325,331,331,338,338,344,351,351,351,319,328,359,359,359,382,393,404,411,417,417,426,426,426,432,448,486],"gold":2741,"neow_bonus":"","is_daily":false,"chose_seed":false,"campfire_upgraded":2,"win_rate":0,"timestamp":1607628435,"path_taken":["M","?","?","$","?","E","M","$","T","M","?","?","E","?","R","BOSS","M","?","?","$","?","R","?","E","T","?","E","R","E","$","R","BOSS","M","M","?","?","?","R","E","R","T","?","E","M","E","$","R","BOSS","R","$","E","BOSS"],"build_version":"2020-11-30","purchased_purges":14,"victory":true,"max_hp_per_floor":[185,186,186,243,250,255,260,261,261,264,264,264,275,282,282,287,287,293,293,293,300,300,300,300,303,303,303,320,320,325,331,331,338,338,344,351,351,351,353,353,359,359,359,382,393,404,411,417,417,426,426,426,432,448,486],"card_choices":[{"not_picked":["EscapeVelocity+1","AsteroidBelt","EnergyFlow+1","UnstableBomb"],"picked":"Singing Bowl","floor":0.0},{"not_picked":["SprinkleStarSeal","MysteriousBeam","BinaryStars","NonDirectionalLaser"],"picked":"Singing Bowl","floor":0.0},{"not_picked":["MagicChant","GalacticHalo","EventHorizon+1","IllusionStar"],"picked":"Singing Bowl","floor":0.0},{"not_picked":["DeepEcoloBomb","PulseMagic","Singularity+1","GasGiant"],"picked":"Singing Bowl","floor":0.0},{"not_picked":["DragonMeteor","JA","IllusionStar","PowerUp"],"picked":"Singing Bowl","floor":0.0},{"not_picked":["MachineGunSpark+1","MagicChant+1","Singularity+1","EnergyRecoil+1"],"picked":"Singing Bowl","floor":1.0},{"not_picked":["MachineGunSpark","MeteoricShower","MysteriousBeam","NonDirectionalLaser"],"picked":"Singing Bowl","floor":6},{"not_picked":["LuminesStrike","IllusionStar","AsteroidBelt","SporeBomb"],"picked":"Singing Bowl","floor":7},{"not_picked":["NonDirectionalLaser","ShootingEcho","EnergyRecoil","LuminesStrike"],"picked":"Singing Bowl","floor":10},{"not_picked":["6A","AsteroidBelt","RefractionSpark","UnstableBomb"],"picked":"Singing Bowl","floor":13},{"not_picked":["MillisecondPulsars","AbsoluteMagnitude","FinalSpark","BlazingStar"],"picked":"Singing Bowl","floor":16},{"not_picked":["MilkyWay+1","PulseMagic+1","Singularity+1","Acceleration"],"picked":"Singing Bowl","floor":18},{"not_picked":["Robbery+1","6A","MagicChant","UnstableBomb+1"],"picked":"Singing Bowl","floor":18},{"not_picked":["DC","WitchLeyline","GasGiant","MachineGunSpark"],"picked":"Singing Bowl","floor":25},{"not_picked":["IllusionStar","ChargeUpSpray","NonDirectionalLaser+1","ManaConvection"],"picked":"Singing Bowl","floor":28},{"not_picked":["LuminesStrike","CasketOfStar","Robbery","Orbital+1"],"picked":"Singing Bowl","floor":30},{"not_picked":["MillisecondPulsars","MaximisePower","CasketOfStar"],"picked":"SuperNova","floor":33},{"not_picked":["MilkyWay+1","WitchLeyline+1","OneTimeOff+1","Occultation+1"],"picked":"Singing Bowl","floor":35},{"not_picked":["MeteoricShower+1","GrandCross+1","MagicAbsorber+1","FairyDestructionRay"],"picked":"Singing Bowl","floor":35},{"not_picked":["GrandCross+1","IllusionStar+1","ChargeUpSpray","6A+1"],"picked":"Singing Bowl","floor":36},{"not_picked":["MilkyWay","GrandCross","MysteriousBeam+1","DC"],"picked":"Singing Bowl","floor":36},{"not_picked":["WitchOfGreed","DC+1","OrrerysSun+1","UltimateShortwave"],"picked":"Singing Bowl","floor":41},{"not_picked":["6A+1","GasGiant+1","EnergyFlow+1","DarkSpark+1"],"picked":"Singing Bowl","floor":44},{"not_picked":["DoubleSpark+1","ChargeUpSpray+1","MysteriousBeam","PropBag+1"],"picked":"Singing Bowl","floor":45},{"not_picked":["DC","DoubleSpark","MillisecondPulsars"],"picked":"MysteriousBeam","floor":46},{"not_picked":["NonDirectionalLaser+1","EnergyFlow+1","Acceleration+1","PropBag+1"],"picked":"Singing Bowl","floor":46},{"not_picked":["WitchOfGreed+1","MilkyWay+1","MagicAbsorber+1","GasGiant+1"],"picked":"Singing Bowl","floor":47},{"not_picked":["6A+1","OpenUniverse","OneTimeOff","GrandCross+1"],"picked":"Singing Bowl","floor":54}],"player_experience":570002,"relics_obtained":[{"floor":6,"key":"Bird Faced Urn"},{"floor":9,"key":"Oddly Smooth Stone"},{"floor":11,"key":"Regal Pillow"},{"floor":11,"key":"Calipers"},{"floor":13,"key":"Strawberry"},{"floor":13,"key":"War Paint"},{"floor":16,"key":"testmod-Nyarlathotep"},{"floor":19,"key":"Necronomicon"},{"floor":20,"key":"testmod-ConstraintPeriapt"},{"floor":25,"key":"testmod-ArcanaOfDestiny"},{"floor":25,"key":"Kunai"},{"floor":26,"key":"Pantograph"},{"floor":28,"key":"Peace Pipe"},{"floor":28,"key":"Anchor"},{"floor":30,"key":"testmod-OneHitWonder"},{"floor":30,"key":"testmod-InjuryResistance"},{"floor":30,"key":"ScarletDevilRocket"},{"floor":37,"key":"InkBottle"},{"floor":41,"key":"StrikeDummy"},{"floor":41,"key":"Pen Nib"},{"floor":41,"key":"Vajra"},{"floor":43,"key":"Mercury Hourglass"},{"floor":45,"key":"Toxic Egg 2"},{"floor":45,"key":"Lizard Tail"},{"floor":45,"key":"Centennial Puzzle"},{"floor":47,"key":"Smiling Mask"},{"floor":47,"key":"Frozen Egg 2"},{"floor":47,"key":"Turnip"},{"floor":54,"key":"Shuriken"},{"floor":54,"key":"testmod-Hope"},{"floor":54,"key":"Pear"}],"event_choices":[{"damage_healed":0.0,"max_hp_gain":0.0,"max_hp_loss":0.0,"gold_gain":400.0,"event_name":"恩洛斯的盘子","player_choice":"Sell","floor":2.0,"relics_lost":["testmod-TestBox"],"gold_loss":0.0,"damage_taken":0.0},{"cards_removed":["MilkyWay"],"damage_healed":0.0,"max_hp_gain":0.0,"max_hp_loss":0.0,"gold_gain":0.0,"event_name":"Purifier","player_choice":"Purged","floor":3.0,"gold_loss":0.0,"damage_taken":0.0},{"damage_healed":0,"gold_gain":0,"player_choice":"Swap Relic","damage_taken":0,"relics_obtained":["Lee\u0027s Waffle"],"max_hp_gain":0,"max_hp_loss":0,"event_name":"给自己的盒子","floor":5,"relics_lost":["Lee\u0027s Waffle"],"gold_loss":0},{"damage_healed":0,"gold_gain":0,"player_choice":"Take Damage","damage_taken":66,"relics_obtained":["Golden Idol"],"max_hp_gain":0,"max_hp_loss":0,"event_name":"Golden Idol","floor":12,"gold_loss":0},{"damage_healed":0,"gold_gain":0,"player_choice":"Obtained Book","damage_taken":16,"max_hp_gain":0,"max_hp_loss":0,"event_name":"Cursed Tome","floor":19,"gold_loss":0},{"damage_healed":0,"gold_gain":0,"player_choice":"Ignored","damage_taken":0,"max_hp_gain":0,"max_hp_loss":0,"event_name":"Fountain of Cleansing","floor":22,"gold_loss":0},{"cards_removed":["Orbital"],"damage_healed":0,"gold_gain":0,"player_choice":"Elegance","damage_taken":0,"max_hp_gain":0,"max_hp_loss":0,"event_name":"Back to Basics","floor":24,"gold_loss":0},{"damage_healed":0,"gold_gain":0,"player_choice":"Gave Idol","damage_taken":0,"relics_obtained":["Bloody Idol"],"max_hp_gain":0,"max_hp_loss":0,"event_name":"Forgotten Altar","floor":27,"relics_lost":["Golden Idol"],"gold_loss":0},{"damage_healed":0,"gold_gain":0,"player_choice":"Rummage","damage_taken":0,"relics_obtained":["WarpedTongs"],"max_hp_gain":0,"max_hp_loss":0,"event_name":"Accursed Blacksmith","floor":38,"gold_loss":0,"cards_obtained":["Pain"]},{"damage_healed":0,"gold_gain":0,"player_choice":"Embrace Madness","damage_taken":44,"max_hp_gain":0,"max_hp_loss":0,"event_name":"Winding Halls","floor":39,"gold_loss":0,"cards_obtained":["Madness","Madness"]}],"is_beta":false,"boss_relics":[{"not_picked":["Empty Cage","Runic Dome"],"picked":"Black Star"},{"not_picked":["Snecko Eye","Runic Pyramid"],"picked":"testmod-Nine"}],"items_purged_floors":[0,0,0,0,0,0,0,0,0,0,0,0,0,8],"is_endless":false,"potions_floor_spawned":[1,6,7,10,13,16,18,25,33,35,36,44,46],"ascension_level":7}}