{"host":"9nd616dgym2ayubq","time":1607613275,"event":{"mods":["BaseMod","Googly Eyes","Shop Mod","Random Character Button","StSLib","The Cursed","The Servant 0.9.4","Quick Restart","Minty Spire (QoL Compilation)","AchievementEnabler","The IronCluck"],"gold_per_floor":[12,12,26,46,46,46,74,84,84,84,96,107,107,124,124,227,227,237,336,355,390,390,390,424,424,424,453,223,242,270,282,282,282,282],"floor_reached":33,"playtime":75347,"items_purged":["Strike_G"],"score":663,"play_id":"0b039f36-c5dd-4983-be5e-c2ce5151f59e","local_time":"20201210071435","is_ascension_mode":true,"campfire_choices":[{"data":"Neutralize","floor":6.0,"key":"SMITH"},{"data":"Leg Sweep","floor":10.0,"key":"SMITH"},{"data":"Glass Knife","floor":13.0,"key":"SMITH"},{"data":"Cloak And Dagger","floor":15.0,"key":"SMITH"},{"data":"J.A.X.","floor":23.0,"key":"SMITH"},{"floor":25.0,"key":"REST"},{"floor":32.0,"key":"DIG"}],"circlet_count":0,"master_deck":["Strike_G","Strike_G","Defend_G","Defend_G+1","Defend_G","Survivor+1","Neutralize+1","Flying Knee","Blade Dance","Infinite Blades","Flying Knee","Cloak And Dagger+1","Leg Sweep+1","Blur","Glass Knife+1","Phantasmal Killer","Caltrops+1","Blade Dance+1","Slice+1","Endless Agony+1","J.A.X.+1","Dash+1","Venomology","Dash+1","Infinite Blades","Dodge and Roll+1"],"special_seed":0,"relics":["Ring of the Snake","Blue Candle","Prayer Wheel","Turnip","Empty Cage","Red Mask","Pen Nib","Ornamental Fan","Bird Faced Urn","PreservedInsect","Shovel","Smiling Mask"],"acts_visited":[],"potions_floor_usage":[33,33],"damage_taken":[{"damage":0.0,"enemies":"Jaw Worm","floor":1.0,"turns":4.0},{"damage":1.0,"enemies":"Cultist","floor":3.0,"turns":4.0},{"damage":0.0,"enemies":"2 Louse","floor":4.0,"turns":3.0},{"damage":16.0,"enemies":"3 Sentries","floor":7.0,"turns":9.0},{"damage":0.0,"enemies":"Large Slime","floor":8.0,"turns":5.0},{"damage":0.0,"enemies":"3 Louse","floor":11.0,"turns":3.0},{"damage":0.0,"enemies":"2 Fungi Beasts","floor":12.0,"turns":4.0},{"damage":0.0,"enemies":"Looter","floor":14.0,"turns":2.0},{"damage":13.0,"enemies":"Hexaghost","floor":16.0,"turns":10.0},{"damage":6.0,"enemies":"Spheric Guardian","floor":18.0,"turns":3.0},{"damage":17.0,"enemies":"2 Thieves","floor":20.0,"turns":5.0},{"damage":9.0,"enemies":"Masked Bandits","floor":21.0,"turns":4.0},{"damage":13.0,"enemies":"Book of Stabbing","floor":24.0,"turns":4.0},{"damage":3.0,"enemies":"Gremlin Leader","floor":27.0,"turns":4.0},{"damage":7.0,"enemies":"Snecko","floor":29.0,"turns":5.0},{"damage":0.0,"enemies":"Slavers","floor":30.0,"turns":3.0},{"damage":8.0,"enemies":"Sentry and Sphere","floor":31.0,"turns":4.0},{"damage":27,"enemies":"Collector","floor":33,"turns":2}],"seed_played":"-8987774909843170418","potions_obtained":[{"floor":4.0,"key":"FearPotion"},{"floor":11.0,"key":"SneckoOil"},{"floor":12.0,"key":"Explosive Potion"},{"floor":14.0,"key":"PowerPotion"},{"floor":16.0,"key":"Explosive Potion"},{"floor":27.0,"key":"SkillPotion"},{"floor":29.0,"key":"Strength Potion"},{"floor":30.0,"key":"Explosive Potion"}],"is_trial":false,"path_per_floor":["M","?","M","M","?","R","E","M","T","R","M","M","R","M","R","B",null,"M","?","M","?","?","R","E","R","T","E","$","M","E","M","R","B"],"character_chosen":"THE_SILENT","items_purchased":["PreservedInsect"],"campfire_rested":1,"item_purchase_floors":[28],"current_hp_per_floor":[63,63,62,62,48,48,32,32,32,32,32,32,32,32,32,19,57,51,51,34,25,25,25,12,33,33,30,30,25,25,19,19,0,0],"gold":282,"neow_bonus":"TRANSFORM_TWO_CARDS","is_daily":false,"chose_seed":false,"campfire_upgraded":5,"win_rate":0,"timestamp":1607613275,"path_taken":["M","?","?","M","?","R","E","M","T","R","M","M","R","M","R","BOSS","M","?","M","?","?","R","E","R","T","E","$","M","E","M","R","BOSS"],"build_version":"2020-11-30","purchased_purges":1,"victory":false,"max_hp_per_floor":[70,70,70,70,70,70,70,70,70,70,70,70,70,70,70,70,70,70,70,70,70,70,70,70,70,70,70,70,70,70,70,70,70,70],"card_choices":[{"not_picked":["Underhanded Strike","Sucker Punch"],"picked":"Blade Dance","floor":1.0},{"not_picked":["Acrobatics","Flechettes"],"picked":"Infinite Blades","floor":3.0},{"not_picked":["Endless Agony","Poisoned Stab"],"picked":"Flying Knee","floor":4.0},{"not_picked":["Wraith Form v2","PiercingWail"],"picked":"Cloak And Dagger","floor":7.0},{"not_picked":["Backflip","Masterful Stab"],"picked":"Leg Sweep","floor":8.0},{"not_picked":["Poisoned Stab","Bane","Deflect"],"picked":"SKIP","floor":8.0},{"not_picked":["Eviscerate","Prepared"],"picked":"Blur","floor":11.0},{"not_picked":["Slice","Poisoned Stab","Underhanded Strike"],"picked":"SKIP","floor":11.0},{"not_picked":["Well Laid Plans","PiercingWail"],"picked":"Glass Knife","floor":12.0},{"not_picked":["Slice","Bane","Dagger Throw"],"picked":"SKIP","floor":12.0},{"not_picked":["Deflect","Dodge and Roll","Bane"],"picked":"SKIP","floor":14.0},{"not_picked":["Sucker Punch","Distraction","Deflect"],"picked":"SKIP","floor":14.0},{"not_picked":["Glass Knife","Wraith Form v2"],"picked":"Phantasmal Killer","floor":16.0},{"not_picked":["Deflect","Tactician+1"],"picked":"Caltrops+1","floor":18.0},{"not_picked":["Backflip+1","Poisoned Stab+1"],"picked":"Blade Dance+1","floor":18.0},{"not_picked":["Quick Slash","Unload"],"picked":"Slice+1","floor":20.0},{"not_picked":["Backflip","Dagger Spray"],"picked":"Endless Agony+1","floor":20.0},{"not_picked":["Deflect","Dodge and Roll+1"],"picked":"Dash+1","floor":24.0},{"not_picked":["Blade Dance+1","Bane"],"picked":"Venomology","floor":27.0},{"not_picked":["Sucker Punch","Outmaneuver+1"],"picked":"Dash+1","floor":29.0},{"not_picked":["Dagger Spray","Crippling Poison","PiercingWail"],"picked":"SKIP","floor":29.0},{"not_picked":["Poisoned Stab","Dash"],"picked":"Infinite Blades","floor":30.0},{"not_picked":["Deadly Poison","Tools of the Trade"],"picked":"Dodge and Roll+1","floor":31.0},{"not_picked":["Outmaneuver","Backstab","Prepared"],"picked":"SKIP","floor":31.0}],"player_experience":1274569,"relics_obtained":[{"floor":7.0,"key":"Prayer Wheel"},{"floor":9.0,"key":"Turnip"},{"floor":21.0,"key":"Red Mask"},{"floor":24.0,"key":"Pen Nib"},{"floor":26.0,"key":"Ornamental Fan"},{"floor":27.0,"key":"Bird Faced Urn"},{"floor":30.0,"key":"Shovel"},{"floor":32.0,"key":"Smiling Mask"}],"event_choices":[{"cards_removed":["Flechettes"],"damage_healed":0.0,"max_hp_gain":0.0,"max_hp_loss":0.0,"gold_gain":0.0,"event_name":"WeMeetAgain","player_choice":"Gave Card","floor":2.0,"gold_loss":0.0,"damage_taken":0.0,"relics_obtained":["Blue Candle"]},{"damage_healed":0.0,"max_hp_gain":0.0,"max_hp_loss":0.0,"gold_gain":0.0,"event_name":"Shining Light","player_choice":"Entered Light","floor":5.0,"gold_loss":0.0,"damage_taken":14.0,"cards_upgraded":["Defend_G","Survivor"]},{"damage_healed":0.0,"max_hp_gain":0.0,"max_hp_loss":0.0,"gold_gain":99.0,"event_name":"Nest","player_choice":"Stole From Cult","floor":19.0,"gold_loss":0.0,"damage_taken":0.0},{"damage_healed":0.0,"max_hp_gain":0.0,"max_hp_loss":0.0,"gold_gain":0.0,"event_name":"Masked Bandits","player_choice":"Fought Bandits","floor":21.0,"gold_loss":0.0,"damage_taken":0.0},{"damage_healed":0.0,"max_hp_gain":0.0,"max_hp_loss":0.0,"gold_gain":0.0,"event_name":"Drug Dealer","player_choice":"Obtain J.A.X.","floor":22.0,"gold_loss":0.0,"damage_taken":0.0,"cards_obtained":["J.A.X."]}],"is_beta":false,"boss_relics":[{"not_picked":["Fusion Hammer","SacredBark"],"picked":"Empty Cage"}],"items_purged_floors":[28],"is_endless":false,"potions_floor_spawned":[4,11,12,14,16,27,29,30],"killed_by":"Collector","ascension_level":9}}