{"host":"w811868i7dqaax32","time":1607590291,"event":{"gold_per_floor":[112,126,146,321,321,321,321,341,341,368,1,1,1,11,11,113,113,124,223,223,298,298,323,337,337,389,389,79,92,119,135,135,230,280,292,392,404,38,55,87,87,387,387,417,428,428,443,459,459,459,459,459],"floor_reached":50,"playtime":3793,"items_purged":["Doubt","Regret"],"score":750,"play_id":"dae1fe65-01ab-41ac-94f0-86b7496f832c","local_time":"20201210095131","is_ascension_mode":true,"metric_token":402,"campfire_choices":[{"data":"PokerPlayerMod:Overdeal","floor":6.0,"key":"SMITH"},{"data":"PokerPlayerMod:TrumpStrike","floor":13.0,"key":"SMITH"},{"floor":25.0,"key":"REST"},{"data":"infinitespire:Execution","floor":27.0,"key":"SMITH"},{"floor":41,"key":"REST"},{"data":"ReplayTheSpireMod:Chaos Vortex","floor":49,"key":"SMITH"}],"neow_cost":"NONE","seed_source_timestamp":597404869702100,"circlet_count":0,"master_deck":["PokerPlayerMod:Diamond1","PokerPlayerMod:Diamond2","PokerPlayerMod:Diamond3","PokerPlayerMod:Diamond4","PokerPlayerMod:Diamond5","PokerPlayerMod:Spade1","PokerPlayerMod:Spade3","PokerPlayerMod:Spade4","PokerPlayerMod:Club1","PokerPlayerMod:Club2","PokerPlayerMod:Heart2","PokerPlayerMod:TrumpStrike+1","PokerPlayerMod:BadJoker","PokerPlayerMod:Mulligan","PokerPlayerMod:StackedDeck","PokerPlayerMod:Overdeal+1","PokerPlayerMod:Club6","PokerPlayerMod:Diamond4","PokerPlayerMod:Club2","PokerPlayerMod:Club3","PokerPlayerMod:Club4","PokerPlayerMod:Club5","PokerPlayerMod:Club6","Replay:Bootleg Shield Generator","PokerPlayerMod:Spade7","PokerPlayerMod:Diamond4","PokerPlayerMod:Diamond9","PokerPlayerMod:Trickery","PokerPlayerMod:ClubsClub","infinitespire:Execution+1","Immolate","PokerPlayerMod:Heart4","PokerPlayerMod:Spade7","PokerPlayerMod:Diamond1","PokerPlayerMod:Diamond7","PokerPlayerMod:Club1","Dark Shackles","PokerPlayerMod:ClubsClub+1","PokerPlayerMod:Diamond9","PokerPlayerMod:ClubShade","Impervious","PokerPlayerMod:Spade10+","PokerPlayerMod:Spade7","PokerPlayerMod:Diamond10+","ReplayTheSpireMod:Chaos Vortex+1","BasicCrystalCard+1","Deflect+1","Intimidate+1","PokerPlayerMod:ChangeRules+1","Burst","Prepared+1","PokerPlayerMod:Club6","Sweeping Beam","PokerPlayerMod:Heart4","PokerPlayerMod:SpadeStrike+1","Collect+1","PokerPlayerMod:Club5","Backflip+1"],"special_seed":0,"relics":["PokerPlayerMod:DeckCase","PrismaticShard","infinitespire:WardingShard","Replay:Ringing Soul","Prayer Wheel","Regal Pillow","PokerPlayerMod:AceCard","ReplayTheSpireMod:Lightbulb","Pen Nib","FossilizedHelix","Red Mask","Tiny House","Du-Vu Doll","ReplayTheSpireMod:TigerMarble","infinitespire:CheckeredPen","Mummified Hand","The Courier"],"potions_floor_usage":[39,50,50],"damage_taken":[{"damage":8.0,"enemies":"Jaw Worm","floor":1.0,"turns":2.0},{"damage":0.0,"enemies":"Small Slimes","floor":2.0,"turns":3.0},{"damage":7.0,"enemies":"2 Louse","floor":3.0,"turns":2.0},{"damage":9.0,"enemies":"2 Fungi Beasts","floor":8.0,"turns":2.0},{"damage":8.0,"enemies":"Lagavulin","floor":10.0,"turns":5.0},{"damage":1.0,"enemies":"Exordium Wildlife","floor":14.0,"turns":2.0},{"damage":38.0,"enemies":"Hexaghost","floor":16.0,"turns":9.0},{"damage":12.0,"enemies":"2 Thieves","floor":18.0,"turns":4.0},{"damage":18.0,"enemies":"Slavers","floor":23.0,"turns":2.0},{"damage":25.0,"enemies":"Shell Parasite","floor":24.0,"turns":3.0},{"damage":32.0,"enemies":"Snake Plant","floor":29.0,"turns":3.0},{"damage":0.0,"enemies":"Masked Bandits","floor":30.0,"turns":3.0},{"damage":21.0,"enemies":"Centurion and Healer","floor":31.0,"turns":5.0},{"damage":14.0,"enemies":"Champ","floor":33.0,"turns":8.0},{"damage":15.0,"enemies":"Orb Walker","floor":35.0,"turns":4.0},{"damage":14.0,"enemies":"infinitespire:Three Voidlings","floor":36.0,"turns":4.0},{"damage":93.0,"enemies":"Nightmare_Alpha","floor":36.0,"turns":11.0},{"damage":0,"enemies":"3 Darklings","floor":37,"turns":4},{"damage":0,"enemies":"Spire Growth","floor":39,"turns":4},{"damage":0,"enemies":"Nightmare","floor":40,"turns":6},{"damage":0,"enemies":"Giant Head","floor":44,"turns":5},{"damage":9,"enemies":"Writhing Mass","floor":45,"turns":5},{"damage":0,"enemies":"Sphere and 2 Shapes","floor":47,"turns":3},{"damage":0,"enemies":"Spire Growth","floor":48,"turns":4},{"damage":308,"enemies":"LordOfAnnihilation","floor":50,"turns":19}],"seed_played":"-6959485969510361696","potions_obtained":[{"floor":3.0,"key":"Explosive Potion"},{"floor":8.0,"key":"ColorlessPotion"},{"floor":14.0,"key":"BlessingOfTheForge"},{"floor":18.0,"key":"DistilledChaos"},{"floor":29.0,"key":"Strength Potion"},{"floor":31.0,"key":"Block Potion"},{"floor":34.0,"key":"Death Potion"},{"floor":36,"key":"Energy Potion"},{"floor":37,"key":"SpeedPotion"},{"floor":40,"key":"FairyPotion"},{"floor":44,"key":"Adrenaline Potion"},{"floor":48,"key":"ColorlessPotion"}],"is_trial":false,"path_per_floor":["M","M","M","?","?","R","?","M","T","E","$","?","R","M","R","B",null,"M","?","?","?","AVR","E","M","R","T","R","$","M","?","M","R","B",null,"M","?","M","$","M","NM","R","?","T","E","M","?","M","M","R","B"],"character_chosen":"THE_POKER_PLAYER","items_purchased":["Prayer Wheel","FossilizedHelix","PokerPlayerMod:Diamond1","PokerPlayerMod:ChangeRules+1","ReplayTheSpireMod:TigerMarble"],"campfire_rested":2,"item_purchase_floors":[11,28,28,38,38],"current_hp_per_floor":[44,48,41,41,41,41,41,32,32,44,44,44,44,54,57,26,64,55,55,55,49,52,37,15,52,52,52,55,43,54,48,51,58,102,90,15,38,41,52,59,110,110,110,113,109,109,123,132,132,0,0,0],"gold":459,"neow_bonus":"ONE_RANDOM_RARE_CARD","is_prod":false,"is_daily":false,"chose_seed":false,"campfire_upgraded":4,"win_rate":0,"timestamp":1607590291,"path_taken":["M","M","M","?","?","R","?","M","T","E","$","?","R","M","R","BOSS","M","?","?","?","AVR","E","?","R","T","R","?","M","?","M","R","BOSS","M","?","M","$","M","NM","R","?","T","E","?","?","M","M","R","BOSS"],"build_version":"2020-11-30","purchased_purges":2,"victory":false,"max_hp_per_floor":[52,52,52,52,52,52,52,52,52,55,55,55,55,58,61,64,64,67,67,67,67,70,73,76,76,76,76,79,82,85,88,91,94,102,105,108,111,114,117,120,120,120,120,123,126,126,129,132,132,132,132,132],"card_choices":[{"not_picked":["PokerPlayerMod:Spade4","PokerPlayerMod:Club3"],"picked":"PokerPlayerMod:Overdeal","floor":1.0},{"not_picked":["PokerPlayerMod:Spade4","PokerPlayerMod:SpadeStrike"],"picked":"PokerPlayerMod:Club6","floor":2.0},{"not_picked":["PokerPlayerMod:Spade2","PokerPlayerMod:Spade1"],"picked":"PokerPlayerMod:Diamond4","floor":3.0},{"not_picked":["PokerPlayerMod:Spade2","Capacitor"],"picked":"Replay:Bootleg Shield Generator","floor":8.0},{"not_picked":["PokerPlayerMod:Diamond6","PokerPlayerMod:Spade1"],"picked":"PokerPlayerMod:Spade6","floor":10.0},{"not_picked":["Panic Button","PokerPlayerMod:Diamond2"],"picked":"PokerPlayerMod:Diamond4","floor":14.0},{"not_picked":["PokerPlayerMod:Diamond2","PokerPlayerMod:Diamond1","PokerPlayerMod:Heart1"],"picked":"SKIP","floor":14.0},{"not_picked":["ReplayTheSpireMod:Necrosis","Replay:LoomingThreat"],"picked":"PokerPlayerMod:Diamond9","floor":16.0},{"not_picked":["PokerPlayerMod:Diamond3","Vengeance"],"picked":"PokerPlayerMod:Trickery","floor":18.0},{"not_picked":["PokerPlayerMod:Diamond5","Replay:AtTheReady"],"picked":"PokerPlayerMod:ClubsClub","floor":18.0},{"not_picked":["PokerPlayerMod:CardBurn","Inflame+1"],"picked":"Immolate","floor":23.0},{"not_picked":["Gash","PokerPlayerMod:Club2"],"picked":"PokerPlayerMod:Heart4","floor":24.0},{"not_picked":["PokerPlayerMod:Diamond2","Beam Cell"],"picked":"PokerPlayerMod:Spade7","floor":24.0},{"not_picked":["PokerPlayerMod:Diamond2","PokerPlayerMod:Club2"],"picked":"PokerPlayerMod:Diamond7","floor":29.0},{"not_picked":["PokerPlayerMod:Diamond3","PokerPlayerMod:Club3"],"picked":"PokerPlayerMod:Club1","floor":29.0},{"not_picked":["PokerPlayerMod:Diamond4","Deflect+1"],"picked":"Dark Shackles","floor":30.0},{"not_picked":["Wireheading","Bane"],"picked":"PokerPlayerMod:ClubsClub+1","floor":31.0},{"not_picked":["Cloak And Dagger","Acrobatics+1"],"picked":"PokerPlayerMod:Diamond9","floor":31.0},{"not_picked":["Omniscience","HandOfGreed"],"picked":"Impervious","floor":33.0},{"not_picked":["PokerPlayerMod:Heart1","PokerPlayerMod:Club6"],"picked":"PokerPlayerMod:Spade10+","floor":34.0},{"not_picked":["PokerPlayerMod:Spade4","Sanctity+1"],"picked":"PokerPlayerMod:Spade7","floor":35.0},{"not_picked":["PokerPlayerMod:Diamond1","PokerPlayerMod:Diamond2"],"picked":"PokerPlayerMod:Diamond10+","floor":35.0},{"not_picked":["infinitespire:Menacing","infinitespire:FutureSight"],"picked":"ReplayTheSpireMod:Chaos Vortex","floor":36},{"not_picked":["PokerPlayerMod:Diamond1","PokerPlayerMod:Diamond3"],"picked":"BasicCrystalCard+1","floor":36},{"not_picked":["Clash","Replay:BasicMightCard"],"picked":"Deflect+1","floor":37},{"not_picked":["PokerPlayerMod:Fold","Lockon+1"],"picked":"Intimidate+1","floor":37},{"not_picked":["PokerPlayerMod:Diamond3","Consume"],"picked":"Burst","floor":39},{"not_picked":["Heavy Blade","Ball Lightning+1"],"picked":"Prepared+1","floor":39},{"not_picked":["PokerPlayerMod:Raise","PokerPlayerMod:Heart3"],"picked":"PokerPlayerMod:Club6","floor":40},{"not_picked":["PokerPlayerMod:Spade3","PokerPlayerMod:Spade4"],"picked":"Sweeping Beam","floor":44},{"not_picked":["Protect+1","Beam Cell"],"picked":"Hologram","floor":45},{"not_picked":["PokerPlayerMod:Spade1","PokerPlayerMod:Spade2"],"picked":"PokerPlayerMod:Heart4","floor":45},{"not_picked":["Dramatic Entrance+1","Steam"],"picked":"PokerPlayerMod:SpadeStrike+1","floor":47},{"not_picked":["Replay:BluntJabs+1","Unload"],"picked":"Collect+1","floor":47},{"not_picked":["Leap+1","PokerPlayerMod:Diamond2"],"picked":"PokerPlayerMod:Club5","floor":48},{"not_picked":["Quick Slash","Toxin Wave"],"picked":"Backflip+1","floor":48}],"player_experience":717485,"relics_obtained":[{"floor":9.0,"key":"infinitespire:WardingShard"},{"floor":10.0,"key":"Replay:Ringing Soul"},{"floor":23.0,"key":"ReplayTheSpireMod:Lightbulb"},{"floor":26.0,"key":"Pen Nib"},{"floor":30.0,"key":"Red Mask"},{"floor":36,"key":"Du-Vu Doll"},{"floor":40,"key":"infinitespire:CheckeredPen"},{"floor":43,"key":"Mummified Hand"},{"floor":44,"key":"The Courier"}],"event_choices":[{"damage_healed":0.0,"max_hp_gain":0.0,"max_hp_loss":0.0,"gold_gain":175.0,"event_name":"Liars Game","player_choice":"AGREE","floor":4.0,"gold_loss":0.0,"damage_taken":0.0,"cards_obtained":["Doubt"]},{"damage_healed":0.0,"max_hp_gain":0.0,"max_hp_loss":0.0,"gold_gain":0.0,"event_name":"PokerPlayerMod:ExordiumClub","player_choice":"Jackpot","floor":7.0,"gold_loss":0.0,"damage_taken":0.0,"cards_obtained":["PokerPlayerMod:Club2","PokerPlayerMod:Club3","PokerPlayerMod:Club4","PokerPlayerMod:Club5","PokerPlayerMod:Club6"]},{"damage_healed":0.0,"max_hp_gain":0.0,"max_hp_loss":0.0,"gold_gain":0.0,"event_name":"PokerPlayerMod:ExordiumClub","player_choice":"Jackpot","floor":7.0,"gold_loss":0.0,"damage_taken":0.0,"cards_obtained":["PokerPlayerMod:Club2","PokerPlayerMod:Club3","PokerPlayerMod:Club4","PokerPlayerMod:Club5","PokerPlayerMod:Club6"]},{"damage_healed":0.0,"max_hp_gain":0.0,"max_hp_loss":0.0,"gold_gain":0.0,"event_name":"PokerPlayerMod:ExordiumClub","player_choice":"Jackpot","floor":7.0,"gold_loss":0.0,"damage_taken":0.0,"cards_obtained":["PokerPlayerMod:Club2","PokerPlayerMod:Club3","PokerPlayerMod:Club4","PokerPlayerMod:Club5","PokerPlayerMod:Club6"]},{"damage_healed":0.0,"max_hp_gain":0.0,"max_hp_loss":0.0,"gold_gain":0.0,"event_name":"PokerPlayerMod:ExordiumClub","player_choice":"Jackpot","floor":7.0,"gold_loss":0.0,"damage_taken":0.0,"cards_obtained":["PokerPlayerMod:Club2","PokerPlayerMod:Club3","PokerPlayerMod:Club4","PokerPlayerMod:Club5","PokerPlayerMod:Club6"]},{"damage_healed":0.0,"max_hp_gain":0.0,"max_hp_loss":0.0,"gold_gain":0.0,"event_name":"PokerPlayerMod:ExordiumClub","player_choice":"Jackpot","floor":7.0,"gold_loss":0.0,"damage_taken":0.0,"cards_obtained":["PokerPlayerMod:Club2","PokerPlayerMod:Club3","PokerPlayerMod:Club4","PokerPlayerMod:Club5","PokerPlayerMod:Club6"]},{"damage_healed":0.0,"max_hp_gain":0.0,"max_hp_loss":0.0,"gold_gain":0.0,"event_name":"Big Fish","player_choice":"Box","floor":15.0,"gold_loss":0.0,"damage_taken":0.0,"relics_obtained":["Regal Pillow"],"cards_obtained":["Regret"]},{"damage_healed":0.0,"max_hp_gain":0.0,"max_hp_loss":0.0,"gold_gain":99.0,"event_name":"Nest","player_choice":"Stole From Cult","floor":19.0,"gold_loss":0.0,"damage_taken":0.0},{"damage_healed":0.0,"max_hp_gain":0.0,"max_hp_loss":0.0,"gold_gain":75.0,"event_name":"FaceTrader","player_choice":"Touch","floor":21.0,"gold_loss":0.0,"damage_taken":6.0},{"damage_healed":0.0,"max_hp_gain":0.0,"max_hp_loss":0.0,"gold_gain":0.0,"event_name":"Masked Bandits","player_choice":"Fought Bandits","floor":30.0,"gold_loss":0.0,"damage_taken":0.0},{"damage_healed":0,"gold_gain":300,"player_choice":"Gold","damage_taken":0,"max_hp_gain":0,"max_hp_loss":0,"event_name":"Wheel of Change","floor":42,"gold_loss":0},{"cards_removed":["Hologram"],"damage_healed":0,"gold_gain":0,"player_choice":"Removed Skill","damage_taken":0,"max_hp_gain":0,"max_hp_loss":0,"event_name":"Falling","floor":46,"gold_loss":0}],"is_beta":false,"boss_relics":[{"not_picked":["Replay:Drink Me","Painkiller Herb"],"picked":"PokerPlayerMod:AceCard"},{"not_picked":["Ring of Chaos","infinitespire:Cupcake"],"picked":"Tiny House"}],"items_purged_floors":[11,38],"is_endless":true,"potions_floor_spawned":[3,8,14,18,29,31,36,37,40,44,47,48],"killed_by":"LordOfAnnihilation","ascension_level":1}}