{"host":"n4f6h2mlrt4e12he","time":1607627713,"event":{"mods":["BaseMod","StSLib","Colored Map","AchievementEnabler","Minty Spire (QoL Compilation)","2.2 Compatiblity","Downfall"],"gold_per_floor":[99,127,127,138,156,156,183,201,201,226,226,242,242,252,271,371,371,371,391,196,212,212,232,232,264,68,68,84,116,116,134,151,247,247,97,113,133,58,76,76,102,102,102,102,122,140,140,140,158,158],"floor_reached":51,"playtime":4446,"items_purged":[],"score":681,"play_id":"54ddaf47-d4fa-4b52-a42f-bd651e9a4222","local_time":"20201210141513","is_ascension_mode":false,"campfire_choices":[{"data":"Slimebound:CorrosiveSpit","floor":1,"key":"SMITH"},{"data":"Slimebound:Nibble","floor":9,"key":"SMITH"},{"data":"Slimebound:RallyTheTroops","floor":18,"key":"SMITH"},{"data":"Slimebound:Grow","floor":22,"key":"SMITH"},{"data":"Slimebound:BestDefense","floor":27,"key":"SMITH"},{"floor":35,"key":"RECALL"},{"floor":38,"key":"REST"},{"floor":40,"key":"REST"},{"floor":44,"key":"REST"}],"circlet_count":0,"master_deck":["Slimebound:Strike_Slimebound","Slimebound:Strike_Slimebound","Slimebound:Tackle+1","Slimebound:Defend_Slimebound+1","Slimebound:Defend_Slimebound+1","Slimebound:Defend_Slimebound","Slimebound:Defend_Slimebound","Slimebound:Split","Slimebound:CorrosiveSpit+1","Slimebound:LivingWall","Slimebound:HauntingLick","Slimebound:Nibble+1","Slimebound:OneTwoCombo+1","Slimebound:SpikyOuterGoop","Slimebound:MegaLick","Slimebound:ComboTackle","Slimebound:RallyTheTroops+1","Slimebound:DisruptingSlam+1","Slimebound:SplitAcid","Slimebound:Grow+1","Slimebound:Repurpose","Slimebound:RejuvenatingLick+1","Slimebound:RollThrough","Slimebound:BestDefense+1","Slimebound:FlameTackle","Slimebound:FinishingTackle","Slimebound:OozeBath","Slimebound:SplitMire","Slimebound:GrowthPunch+1","Slimebound:Equalize+1","Slimebound:Darklings","Slimebound:FinishingTackle+1","expansioncontent:BronzeBeam","expansioncontent:Flail","Slimebound:LeechEnergy+1"],"relics":["Slimebound:AbsorbEndCombat","downfall:HeartsMalice","PreservedInsect","Ornamental Fan","Bag of Marbles","Anchor","Empty Cage","Bronze Scales","Turnip","FossilizedHelix","Red Mask","Fusion Hammer","downfall:HeartBlessingGreen","downfall:HeartBlessingBlue","downfall:HeartBlessingRed","Nunchaku","Gremlin Horn"],"acts_visited":["Exordium","TheCity","TheBeyond"],"potions_floor_usage":[10,14,16,31,33,33,37,49,49],"damage_taken":[{"damage":0,"enemies":"3 Sentries","floor":2,"turns":1},{"damage":0,"enemies":"Cultist","floor":3,"turns":1},{"damage":4,"enemies":"2 Louse","floor":4,"turns":3},{"damage":7,"enemies":"Small Slimes","floor":5,"turns":3},{"damage":11,"enemies":"3 Louse","floor":8,"turns":3},{"damage":20,"enemies":"Gremlin Nob","floor":10,"turns":4},{"damage":4,"enemies":"Exordium Thugs","floor":12,"turns":4},{"damage":6,"enemies":"Large Slime","floor":14,"turns":3},{"damage":5,"enemies":"3 Louse","floor":15,"turns":3},{"damage":51,"enemies":"downfall:CharBossIronclad","floor":16,"turns":7},{"damage":4,"enemies":"Shell Parasite","floor":19,"turns":4},{"damage":5,"enemies":"downfall:FleeingMerchant","floor":20,"turns":4},{"damage":4,"enemies":"3 Byrds","floor":21,"turns":2},{"damage":12,"enemies":"Centurion and Healer","floor":23,"turns":5},{"damage":16,"enemies":"Gremlin Leader","floor":25,"turns":5},{"damage":4,"enemies":"downfall:FleeingMerchant","floor":26,"turns":4},{"damage":5,"enemies":"Sentry and Sphere","floor":28,"turns":6},{"damage":4,"enemies":"Masked Bandits","floor":29,"turns":2},{"damage":4,"enemies":"Chosen and Byrds","floor":31,"turns":6},{"damage":8,"enemies":"Shelled Parasite and Fungi","floor":32,"turns":6},{"damage":16,"enemies":"downfall:CharBossDefect","floor":33,"turns":8},{"damage":24,"enemies":"3 Darklings","floor":36,"turns":4},{"damage":8,"enemies":"Orb Walker","floor":37,"turns":3},{"damage":27,"enemies":"4 Shapes","floor":39,"turns":4},{"damage":37,"enemies":"Transient","floor":45,"turns":5},{"damage":23,"enemies":"Sphere and 2 Shapes","floor":46,"turns":4},{"damage":2,"enemies":"3 Darklings","floor":49,"turns":3},{"damage":76,"enemies":"downfall:CharBossSilent","floor":50,"turns":10}],"seed_played":"1057476776652487008","potions_obtained":[{"floor":4,"key":"PowerPotion"},{"floor":5,"key":"BlessingOfTheForge"},{"floor":8,"key":"Guardian:BlockOnCardUsePotion"},{"floor":14,"key":"Slimebound:SpawnSlimePotion"},{"floor":28,"key":"EssenceOfSteel"},{"floor":31,"key":"Ancient Potion"},{"floor":32,"key":"EntropicBrew"},{"floor":45,"key":"Swift Potion"}],"is_trial":false,"path_per_floor":["R","E","M","M","M","T","T","M","R","E","?","M","?","M","M","B",null,"R","M","$","M","R","M","T","E","$","R","M","?","T","M","M","B",null,"R","M","M","R","M","R","T","?","?","R","M","M","?","?","M","B",null],"character_chosen":"SLIMEBOUND","items_purchased":["Bronze Scales","Slimebound:SplitAcid","Slimebound:RollThrough","Slimebound:BestDefense","Slimebound:FlameTackle"],"campfire_rested":3,"item_purchase_floors":[20,20,26,26,26],"current_hp_per_floor":[60,60,60,60,59,59,59,59,59,49,49,55,55,60,60,20,60,60,60,60,60,60,58,58,54,60,60,60,60,60,60,60,54,60,70,58,64,70,51,70,70,70,70,70,61,59,49,49,57,37],"gold":158,"neow_bonus":"THREE_ENEMY_KILL","is_daily":false,"chose_seed":false,"campfire_upgraded":5,"win_rate":1,"timestamp":1607627713,"path_taken":["R","E","M","M","M","?","T","M","R","E","?","M","?","M","M","BOSS","R","M","$","M","R","M","T","E","$","R","M","?","?","M","M","BOSS","R","M","M","R","M","R","T","?","?","R","M","M","?","?","M","BOSS"],"build_version":"2020-11-30","purchased_purges":0,"victory":true,"max_hp_per_floor":[60,60,60,60,60,60,60,60,60,60,60,60,60,60,60,60,60,60,60,60,60,60,60,60,60,60,60,60,60,60,60,60,60,60,70,70,70,70,70,70,70,70,70,70,70,70,70,70,70,70],"card_choices":[{"not_picked":["Slimebound:GrowthPunch","Slimebound:SplitMire"],"picked":"Slimebound:LivingWall","floor":2},{"not_picked":["Slimebound:SlimeSpikes","Slimebound:ComboTackle"],"picked":"Slimebound:HauntingLick","floor":3},{"not_picked":["Slimebound:GoopSpray","Slimebound:SplitMire","Slimebound:ProtectTheBoss"],"picked":"SKIP","floor":4},{"not_picked":["Slimebound:GrowthPunch","Slimebound:SamplingLick"],"picked":"Slimebound:Nibble","floor":5},{"not_picked":["Slimebound:FinishingTackle","Slimebound:PressTheAttack","Slimebound:ProtectTheBoss"],"picked":"SKIP","floor":8},{"not_picked":["Slimebound:SpikyOuterGoop","Slimebound:ViciousTackle"],"picked":"Slimebound:OneTwoCombo","floor":10},{"not_picked":["Slimebound:SplitBruiser","Slimebound:Repurpose"],"picked":"Slimebound:SpikyOuterGoop","floor":12},{"not_picked":["Slimebound:GrowthPunch","Slimebound:RollThrough"],"picked":"Slimebound:MegaLick","floor":14},{"not_picked":["Slimebound:SplitAcid","Slimebound:SplitLeeching"],"picked":"Slimebound:ComboTackle","floor":15},{"not_picked":["Slimebound:SlimeSlap","Slimebound:SelfFormingGoo"],"picked":"Slimebound:RallyTheTroops","floor":16},{"not_picked":["Slimebound:GrowthPunch+1","Slimebound:SplitAcid"],"picked":"Slimebound:DisruptingSlam+1","floor":19},{"not_picked":["Slimebound:FinishingTackle","Slimebound:ViciousTackle+1"],"picked":"Slimebound:Grow","floor":21},{"not_picked":["Slimebound:SplitBruiser","Slimebound:SplitAcid+1"],"picked":"Slimebound:Repurpose","floor":23},{"not_picked":["Slimebound:SplitLeeching","Slimebound:ViciousTackle+1"],"picked":"Slimebound:RejuvenatingLick+1","floor":25},{"not_picked":["Slimebound:BestDefense+1","Slimebound:DisruptingSlam","Slimebound:GrowthPunch"],"picked":"SKIP","floor":28},{"not_picked":["Slimebound:Dissolve","Slimebound:Gluttony","Slimebound:RainOfGoop"],"picked":"SKIP","floor":31},{"not_picked":["Slimebound:SpikyOuterGoop","Slimebound:RollThrough"],"picked":"Slimebound:FinishingTackle","floor":32},{"not_picked":["Slimebound:OneTwoCombo","Slimebound:PrepareCrush"],"picked":"Slimebound:OozeBath","floor":33},{"not_picked":["Slimebound:Repurpose","Slimebound:LeechingTouch+1"],"picked":"Slimebound:SplitMire","floor":36},{"not_picked":["Slimebound:LeechingTouch+1","Slimebound:SplitLeeching"],"picked":"Slimebound:GrowthPunch+1","floor":37},{"not_picked":["Slimebound:SlimeSpikes+1","Slimebound:FinishingTackle+1"],"picked":"Slimebound:Equalize+1","floor":39},{"not_picked":["Slimebound:Repurpose","Slimebound:SplitBruiser"],"picked":"Slimebound:FinishingTackle+1","floor":45},{"not_picked":["Slimebound:SpikyOuterGoop+1","Slimebound:Schlurp","Slimebound:SplitMire+1"],"picked":"SKIP","floor":46},{"not_picked":["expansioncontent:ManipulateTime","expansioncontent:TimeRipple"],"picked":"expansioncontent:BronzeBeam","floor":47},{"not_picked":["expansioncontent:PolyBeam","expansioncontent:TimeRipple"],"picked":"expansioncontent:Flail","floor":47},{"not_picked":["Slimebound:GrowthPunch+1","Slimebound:LeechingTouch+1"],"picked":"Slimebound:LeechEnergy+1","floor":49}],"player_experience":1313432,"relics_obtained":[{"floor":2,"key":"PreservedInsect"},{"floor":6,"key":"Ornamental Fan"},{"floor":7,"key":"Bag of Marbles"},{"floor":10,"key":"Anchor"},{"floor":24,"key":"Turnip"},{"floor":25,"key":"FossilizedHelix"},{"floor":29,"key":"Red Mask"},{"floor":41,"key":"Nunchaku"},{"floor":43,"key":"Gremlin Horn"}],"event_choices":[{"damage_healed":0,"gold_gain":0,"player_choice":"Grow","damage_taken":0,"max_hp_gain":0,"max_hp_loss":0,"event_name":"Living Wall","floor":11,"gold_loss":0,"cards_upgraded":["Slimebound:OneTwoCombo"]},{"damage_healed":0,"gold_gain":0,"player_choice":"Fought Bandits","damage_taken":0,"max_hp_gain":0,"max_hp_loss":0,"event_name":"Masked Bandits","floor":29,"gold_loss":0}],"is_beta":false,"boss_relics":[{"not_picked":["Slimebound:TarBlob","Velvet Choker"],"picked":"Empty Cage"},{"not_picked":["Slimebound:AbsorbEndCombatUpgraded","Tiny House"],"picked":"Fusion Hammer"}],"items_purged_floors":[],"is_endless":false,"potions_floor_spawned":[4,5,8,14,28,31,32,36,45,46],"ascension_level":0}}