{"host":"seujf6kmfn3ctpoe","time":1607592833,"event":{"gold_per_floor":[99,99,126,126,156,156,156,170,170,170,170,181,181,192,211,308,358,358,458,458,473,487,487,510,536,461,494,505,505,505,519,532,636,636,636,671,671,699,714,729,729,396,409,409,509,521,567,584,596,596],"floor_reached":51,"playtime":2995,"items_purged":[],"score":805,"play_id":"6c61f700-f53d-4880-9d41-4da09008730c","local_time":"20201210103353","is_ascension_mode":false,"campfire_choices":[{"data":"Guardian:TwinSlam","floor":1,"key":"SMITH"},{"data":"Guardian:MultiBeam","floor":4,"key":"SMITH"},{"data":"Guardian:CurlUp","floor":6,"key":"SMITH"},{"floor":10,"key":"REST"},{"data":"Guardian:TimeSifter","floor":18,"key":"SMITH"},{"data":"Guardian:TemporalShield","floor":20,"key":"SMITH"},{"floor":23,"key":"RECALL"},{"data":"Guardian:Suspension","floor":26,"key":"SMITH"},{"data":"Guardian:FierceBash","floor":35,"key":"SMITH"},{"data":"Guardian:ShieldCharger","floor":44,"key":"SMITH"}],"neow_cost":"NONE","seed_source_timestamp":4407907303700,"circlet_count":0,"master_deck":["Guardian:Strike_Guardian","Guardian:Strike_Guardian","Guardian:Strike_Guardian","Guardian:Defend_Guardian","Guardian:Defend_Guardian","Guardian:Defend_Guardian","Guardian:Defend_Guardian","Guardian:CurlUp+1","Guardian:TwinSlam+1","Guardian:StasisField+1","Guardian:MultiBeam+1","Guardian:Suspension+1","Guardian:ShieldCharger+1","Guardian:Incinerate+1","Guardian:TimeSifter+1","Guardian:TemporalShield+1","Guardian:ChargeCore+1","RitualDagger+1","Guardian:Suspension+1","Guardian:FierceBash+1","Guardian:Emergency+1","Guardian:EvasiveProtocol+1","Guardian:DonusPower"],"relics":["Guardian:ModeShifter","Centennial Puzzle","WingedGreaves","Guardian:GemstoneGun","Mercury Hourglass","Tiny House","Nunchaku","Frozen Egg 2","downfall:HeartBlessingRed","Bag of Preparation","SlaversCollar","Vajra","Bottled Lightning","Letter Opener","Guardian:PocketSentry"],"potions_floor_usage":[33,50,50,50,50,50,50],"damage_taken":[{"damage":21,"enemies":"Lagavulin","floor":3,"turns":9},{"damage":10,"enemies":"3 Sentries","floor":5,"turns":7},{"damage":0,"enemies":"2 Louse","floor":8,"turns":2},{"damage":1,"enemies":"Jaw Worm","floor":12,"turns":3},{"damage":0,"enemies":"Small Slimes","floor":14,"turns":2},{"damage":0,"enemies":"Exordium Wildlife","floor":15,"turns":1},{"damage":25,"enemies":"downfall:CharBossSilent","floor":16,"turns":10},{"damage":9,"enemies":"Shell Parasite","floor":21,"turns":6},{"damage":4,"enemies":"3 Byrds","floor":22,"turns":4},{"damage":9,"enemies":"Book of Stabbing","floor":25,"turns":6},{"damage":17,"enemies":"Slavers","floor":27,"turns":3},{"damage":11,"enemies":"Snake Plant","floor":28,"turns":3},{"damage":0,"enemies":"3 Cultists","floor":31,"turns":4},{"damage":0,"enemies":"Snecko","floor":32,"turns":3},{"damage":9,"enemies":"downfall:CharBossWatcher","floor":33,"turns":9},{"damage":19,"enemies":"Nemesis","floor":36,"turns":5},{"damage":11,"enemies":"Giant Head","floor":38,"turns":6},{"damage":0,"enemies":"3 Shapes","floor":39,"turns":2},{"damage":0,"enemies":"Orb Walker","floor":40,"turns":2},{"damage":0,"enemies":"3 Darklings","floor":43,"turns":3},{"damage":0,"enemies":"Sphere and 2 Shapes","floor":46,"turns":2},{"damage":0,"enemies":"Transient","floor":48,"turns":5},{"damage":0,"enemies":"4 Shapes","floor":49,"turns":2},{"damage":14,"enemies":"downfall:CharBossDefect","floor":50,"turns":5}],"seed_played":"143575631680493200","potions_obtained":[{"floor":5,"key":"DistilledChaos"},{"floor":14,"key":"SteroidPotion"},{"floor":15,"key":"SteroidPotion"},{"floor":29,"key":"CultistPotion"},{"floor":31,"key":"EntropicBrew"},{"floor":33,"key":"Strength Potion"},{"floor":46,"key":"CultistPotion"}],"is_trial":false,"path_per_floor":["R","?","E","R","E","R","T","M","?","R","?","M","T","M","M","B",null,"R","?","R","M","M","R","T","E","R","E","M","?","?","M","M","B",null,"R","E","?","E","M","M","T","?","M","R","?","M","T","M","M","B",null],"character_chosen":"GUARDIAN","items_purchased":[],"campfire_rested":1,"item_purchase_floors":[],"current_hp_per_floor":[80,62,41,41,31,31,31,31,31,55,55,54,54,54,54,29,85,85,85,85,76,72,72,72,63,63,46,35,35,35,35,35,26,85,85,66,66,55,55,55,55,96,96,96,96,96,96,96,96,82],"gold":596,"neow_bonus":"ONE_RANDOM_RARE_CARD","is_prod":false,"is_daily":false,"chose_seed":false,"campfire_upgraded":8,"win_rate":0,"timestamp":1607592833,"path_taken":["R","?","E","R","E","R","T","M","?","R","?","?","?","M","M","BOSS","R","?","R","M","M","R","T","E","R","E","?","?","?","?","M","BOSS","R","E","?","E","M","M","T","?","?","R","?","?","?","M","M","BOSS"],"build_version":"2020-11-30","purchased_purges":0,"victory":true,"max_hp_per_floor":[80,80,80,80,80,80,80,80,80,80,80,80,80,80,80,80,85,85,85,85,85,85,85,85,85,85,85,85,85,85,85,85,85,85,85,85,85,85,85,85,85,96,96,96,96,96,96,96,96,96],"relic_stats":{"Centennial Puzzle":[39],"Nunchaku":[14],"counters":[24,103],"Bag of Preparation":[26],"Letter Opener":[90],"obtain_stats":[{"Tiny House":17,"downfall:HeartBlessingRed":26,"Guardian:GemstoneGun":7,"Guardian:ModeShifter":0,"Vajra":36,"Bag of Preparation":27,"Guardian:PocketSentry":47,"Letter Opener":41,"Frozen Egg 2":25,"Mercury Hourglass":13,"SlaversCollar":34,"Centennial Puzzle":2,"Nunchaku":24,"downfall:BrokenWingStatue":11,"WingedGreaves":3,"Bottled Lightning":38},{"Tiny House":7,"downfall:HeartBlessingRed":10,"Guardian:GemstoneGun":2,"Guardian:ModeShifter":0,"Vajra":16,"Bag of Preparation":11,"Guardian:PocketSentry":21,"Letter Opener":19,"Frozen Egg 2":10,"Mercury Hourglass":4,"SlaversCollar":15,"Centennial Puzzle":0,"Nunchaku":9,"downfall:BrokenWingStatue":3,"WingedGreaves":1,"Bottled Lightning":17},{"Tiny House":34,"downfall:HeartBlessingRed":50,"Guardian:GemstoneGun":16,"Guardian:ModeShifter":0,"Vajra":76,"Bag of Preparation":53,"Guardian:PocketSentry":91,"Letter Opener":86,"Frozen Egg 2":50,"Mercury Hourglass":21,"SlaversCollar":71,"Centennial Puzzle":0,"Nunchaku":44,"downfall:BrokenWingStatue":18,"WingedGreaves":9,"Bottled Lightning":82}],"Mercury Hourglass":[251]},"card_choices":[{"not_picked":["Guardian:BronzeOrb","Guardian:WalkerClaw"],"picked":"Guardian:MultiBeam","floor":3},{"not_picked":["Guardian:Recover","Guardian:RefractedBeam"],"picked":"Guardian:Suspension","floor":5},{"not_picked":["Guardian:GemFire","Guardian:Suspension"],"picked":"Guardian:ShieldCharger","floor":8},{"not_picked":["Guardian:RollAttack","Guardian:FloatingOrbs"],"picked":"Guardian:Incinerate","floor":12},{"not_picked":["Guardian:Planning","Guardian:Gem_Green"],"picked":"Guardian:Gem_Cyan","floor":14},{"not_picked":["Guardian:SentryBeam","Guardian:SpikerProtocol","Guardian:Recover"],"picked":"SKIP","floor":15},{"not_picked":["Guardian:SentryBeam","Guardian:SpikerProtocol","Guardian:Recover"],"picked":"SKIP","floor":15},{"not_picked":["Guardian:StasisStrike","Guardian:GemFinder"],"picked":"Guardian:TimeSifter","floor":16},{"not_picked":["Guardian:ArmoredProtocol","Guardian:CrystalBeam"],"picked":"Guardian:TemporalShield","floor":17},{"not_picked":["Guardian:VentSteam","Guardian:BronzeOrb"],"picked":"Guardian:ChargeCore+1","floor":21},{"not_picked":["Guardian:CrystalBeam","Guardian:HyperBeam_Guardian"],"picked":"Guardian:Gem_Fragmented","floor":22},{"not_picked":["Guardian:Gem_Red","Guardian:PrismaticBeam"],"picked":"Guardian:Gem_Blue","floor":25},{"not_picked":["Guardian:SphericShield","Guardian:BronzeArmor","Guardian:TemporalShield"],"picked":"SKIP","floor":27},{"not_picked":["Guardian:RollAttack","Guardian:Recover","Guardian:GuardianWhirl"],"picked":"SKIP","floor":28},{"not_picked":["Guardian:Incinerate","Guardian:TemporalShield"],"picked":"Guardian:Suspension+1","floor":31},{"not_picked":["Guardian:CrystalBeam","Guardian:Gem_Red"],"picked":"Guardian:Gem_Fragmented","floor":32},{"not_picked":["Guardian:AncientConstruct+1","Guardian:FastForward"],"picked":"Guardian:FierceBash","floor":33},{"not_picked":["Guardian:Incinerate","Guardian:PrimingBeam"],"picked":"Guardian:Gem_Cyan","floor":36},{"not_picked":["Guardian:Preprogram+1","Guardian:BaubleBeam"],"picked":"Guardian:Gem_Crimson","floor":38},{"not_picked":["Guardian:TemporalShield","Guardian:TimeBomb"],"picked":"Guardian:Emergency+1","floor":39},{"not_picked":["Guardian:PrimingBeam+1","Guardian:ChargeCore"],"picked":"Guardian:Gem_Fragmented","floor":40},{"not_picked":["Guardian:Gem_Yellow","Guardian:Incinerate","Guardian:WalkerClaw+1"],"picked":"SKIP","floor":43},{"not_picked":["Guardian:MultiBeam","Guardian:Suspension+1"],"picked":"Guardian:EvasiveProtocol+1","floor":46},{"not_picked":["Guardian:RollAttack+1","Guardian:TemporalStrike","Guardian:Gem_Yellow"],"picked":"SKIP","floor":48},{"not_picked":["Guardian:WalkerClaw","Guardian:PiercingHide+1"],"picked":"Guardian:DonusPower","floor":49}],"player_experience":475882,"relics_obtained":[{"floor":3,"key":"WingedGreaves"},{"floor":7,"key":"Guardian:GemstoneGun"},{"floor":13,"key":"Mercury Hourglass"},{"floor":24,"key":"Nunchaku"},{"floor":25,"key":"Frozen Egg 2"},{"floor":27,"key":"Bag of Preparation"},{"floor":36,"key":"Vajra"},{"floor":38,"key":"Bottled Lightning"},{"floor":41,"key":"Letter Opener"},{"floor":47,"key":"Guardian:PocketSentry"}],"event_choices":[{"damage_healed":0,"gold_gain":0,"player_choice":"Success","damage_taken":18,"relics_obtained":["Centennial Puzzle"],"max_hp_gain":0,"max_hp_loss":0,"event_name":"Scrap Ooze","floor":2,"gold_loss":0},{"damage_healed":0,"gold_gain":0,"player_choice":"Grow","damage_taken":0,"max_hp_gain":0,"max_hp_loss":0,"event_name":"Living Wall","floor":9,"gold_loss":0,"cards_upgraded":["Guardian:StasisField"]},{"cards_removed":["Guardian:Strike_Guardian"],"damage_healed":0,"gold_gain":0,"player_choice":"Removed Attack","damage_taken":0,"max_hp_gain":0,"max_hp_loss":0,"event_name":"Falling","floor":37,"gold_loss":0}],"is_beta":false,"boss_relics":[{"not_picked":["Busted Crown","Pandora\u0027s Box"],"picked":"Tiny House"},{"not_picked":["Guardian:ModeShifterPlus","Astrolabe"],"picked":"SlaversCollar"}],"items_purged_floors":[],"is_endless":false,"potions_floor_spawned":[5,14,15,21,31,32,33,38,46,49],"ascension_level":0}}