{"host":"ueef25wtkg2eer3h","time":1607627128,"event":{"mods":["BaseMod","DeckTracker","StSLib","AchievementEnabler","Googly Eyes","Colored Powertips","Minty Spire (QoL Compilation)","Colored Map","Displayed Cursed Tome","Highlight Path","Slay the Relics Exporter"],"gold_per_floor":[109,126,136,151,168,168,183,183,183],"floor_reached":8,"playtime":324,"items_purged":[],"score":73,"play_id":"d7ab6dea-8fca-41e8-bf67-d2899ad63932","local_time":"20201210200528","is_ascension_mode":true,"campfire_choices":[{"floor":6,"key":"REST"}],"circlet_count":0,"master_deck":["Strike_B","Strike_B","Strike_B","Strike_B","Defend_B","Defend_B","Defend_B","Defend_B","Zap","Dualcast","Chill","Double Energy","FTL","Defragment","Compile Driver","Static Discharge"],"relics":["Runic Dome"],"acts_visited":["Exordium"],"potions_floor_usage":[],"damage_taken":[{"damage":12,"enemies":"Jaw Worm","floor":1,"turns":2},{"damage":0,"enemies":"Small Slimes","floor":2,"turns":3},{"damage":1,"enemies":"2 Louse","floor":3,"turns":3},{"damage":6,"enemies":"Blue Slaver","floor":4,"turns":4},{"damage":30,"enemies":"Large Slime","floor":5,"turns":6},{"damage":9,"enemies":"2 Fungi Beasts","floor":7,"turns":3},{"damage":38,"enemies":"Gremlin Nob","floor":8,"turns":3}],"seed_played":"-1354926078102963364","potions_obtained":[{"floor":1,"key":"CultistPotion"},{"floor":3,"key":"LiquidMemories"},{"floor":5,"key":"ColorlessPotion"}],"is_trial":false,"path_per_floor":["M","M","M","M","M","R","M","E"],"character_chosen":"DEFECT","items_purchased":[],"campfire_rested":1,"item_purchase_floors":[],"current_hp_per_floor":[56,56,55,49,19,41,32,0,0],"gold":183,"neow_bonus":"BOSS_RELIC","is_daily":false,"chose_seed":false,"campfire_upgraded":0,"win_rate":0,"timestamp":1607627128,"path_taken":["M","M","M","M","M","R","M","E"],"build_version":"2020-11-30","purchased_purges":0,"victory":false,"max_hp_per_floor":[75,75,75,75,75,75,75,75,75],"card_choices":[{"not_picked":["Hologram","Coolheaded"],"picked":"Chill","floor":1},{"not_picked":["Fusion","Darkness"],"picked":"Double Energy","floor":2},{"not_picked":["Scrape","Genetic Algorithm"],"picked":"FTL","floor":3},{"not_picked":["Turbo","Rebound"],"picked":"Defragment","floor":4},{"not_picked":["Aggregate","Gash"],"picked":"Compile Driver","floor":5},{"not_picked":["Compile Driver","Redo"],"picked":"Static Discharge","floor":7}],"player_experience":231794,"relics_obtained":[],"event_choices":[],"is_beta":false,"boss_relics":[],"items_purged_floors":[],"is_endless":false,"potions_floor_spawned":[1,3,5],"killed_by":"Gremlin Nob","ascension_level":8}}