{"host":"bq4pt811tk9yrmjl","time":1607637971,"event":{"mods":["BaseMod","AchievementEnabler","Colored Map","Colored Powertips","Defuse TimeMaze Blight","Minty Spire (QoL Compilation)","StSLib","SuperFastMode","UnlockEverythingMod"],"gold_per_floor":[114,114,132,106,181,213,213,213,213,252,252,266,285,305,305,403,403,423,445,445,545,242,242,253,253,253,277,302,318,342,365,365,464,464,480,480,330,343,358,358,421,421,447,447,475,475,505,525,525,525,525,525,110,141,141,141],"floor_reached":55,"playtime":1273,"items_purged":["Strike_R"],"score":745,"play_id":"a54e91e0-87b7-4084-bffc-4b820b67ad36","local_time":"20201210200611","is_ascension_mode":true,"campfire_choices":[{"data":"Flame Barrier","floor":8.0,"key":"SMITH"},{"data":"Twin Strike","floor":11,"key":"SMITH"},{"data":"Disarm","floor":15,"key":"SMITH"},{"data":"Feel No Pain","floor":23,"key":"SMITH"},{"data":"Iron Wave","floor":25,"key":"SMITH"},{"data":"Inflame","floor":32,"key":"SMITH"},{"floor":40,"key":"RECALL"},{"floor":44,"key":"REST"},{"floor":46,"key":"REST"},{"data":"Metallicize","floor":49,"key":"SMITH"},{"data":"Pummel","floor":52,"key":"SMITH"}],"circlet_count":0,"master_deck":["Strike_R","Strike_R","Strike_R","Strike_R","Defend_R+1","Defend_R","Defend_R","Defend_R+1","Bash","Pummel+1","Clash","Twin Strike+1","Flame Barrier+1","Iron Wave+1","Feel No Pain+1","Disarm+1","Heavy Blade+1","Anger+1","Cleave","Shockwave+1","Inflame+1","Rage+1","Metallicize+1","Metallicize"],"special_seed":0,"relics":["Burning Blood","NeowsBlessing","Bag of Preparation","CeramicFish","Kunai","Sozu","Chemical X","Pen Nib","Mummified Hand","Busted Crown","Vajra","Incense Burner","Art of War","FossilizedHelix","Bronze Scales","Frozen Eye","War Paint"],"acts_visited":["Exordium","TheCity","TheBeyond","TheEnding"],"potions_floor_usage":[10,27,27],"damage_taken":[{"damage":0.0,"enemies":"Small Slimes","floor":1.0,"turns":1.0},{"damage":0.0,"enemies":"Cultist","floor":3.0,"turns":1.0},{"damage":0.0,"enemies":"Lagavulin","floor":6.0,"turns":1.0},{"damage":9,"enemies":"Gremlin Nob","floor":10,"turns":4},{"damage":1,"enemies":"Jaw Worm","floor":12,"turns":2},{"damage":0,"enemies":"Exordium Wildlife","floor":13,"turns":4},{"damage":8,"enemies":"Gremlin Gang","floor":14,"turns":6},{"damage":27,"enemies":"The Guardian","floor":16,"turns":15},{"damage":0,"enemies":"Chosen","floor":18,"turns":4},{"damage":10,"enemies":"2 Thieves","floor":19,"turns":5},{"damage":10,"enemies":"Snake Plant","floor":24,"turns":4},{"damage":10,"enemies":"Centurion and Healer","floor":27,"turns":7},{"damage":10,"enemies":"Snecko","floor":28,"turns":5},{"damage":8,"enemies":"Snake Plant","floor":29,"turns":4},{"damage":22,"enemies":"3 Cultists","floor":30,"turns":5},{"damage":1,"enemies":"Snecko","floor":31,"turns":4},{"damage":46,"enemies":"Champ","floor":33,"turns":12},{"damage":6,"enemies":"Orb Walker","floor":35,"turns":3},{"damage":8,"enemies":"3 Darklings","floor":38,"turns":5},{"damage":1,"enemies":"Maw","floor":39,"turns":6},{"damage":53,"enemies":"2 Orb Walkers","floor":41,"turns":5},{"damage":4,"enemies":"Sphere and 2 Shapes","floor":45,"turns":4},{"damage":8,"enemies":"Reptomancer","floor":47,"turns":5},{"damage":0,"enemies":"4 Shapes","floor":48,"turns":4},{"damage":36,"enemies":"Awakened One","floor":50,"turns":14},{"damage":49,"enemies":"Shield and Spear","floor":54,"turns":9},{"damage":57,"enemies":"The Heart","floor":55,"turns":5}],"seed_played":"3399023565514222028","potions_obtained":[{"floor":1.0,"key":"Fire Potion"},{"floor":10,"key":"Ancient Potion"},{"floor":14,"key":"Regen Potion"}],"is_trial":false,"path_per_floor":["M","?","M","$","?","E","T","R","T","E","R","M","M","M","R","B",null,"M","M","?","?","$","R","M","R","T","M","M","M","M","M","R","B",null,"M","?","$","M","M","R","?","?","T","R","M","R","E","M","R","B",null,"R","$","E","B"],"character_chosen":"IRONCLAD","items_purchased":["Twin Strike","Chemical X","Pen Nib","Vajra","Bronze Scales","Metallicize","Frozen Eye"],"campfire_rested":2,"item_purchase_floors":[4,22,22,37,53,53,53],"current_hp_per_floor":[80,80,80,80,69,75,75,75,75,72,72,77,80,78,78,57,80,80,76,61,61,61,61,57,57,57,68,64,62,46,51,51,11,85,85,85,85,83,85,85,38,38,38,63,65,85,83,85,85,55,85,85,85,42,0,0],"gold":141,"neow_bonus":"THREE_ENEMY_KILL","is_daily":false,"chose_seed":false,"campfire_upgraded":8,"win_rate":0,"timestamp":1607637971,"path_taken":["M","?","?","$","?","E","?","R","T","E","R","M","M","M","R","BOSS","M","?","?","?","$","R","M","R","T","M","M","M","?","M","R","BOSS","M","?","$","M","M","R","?","?","T","R","M","R","E","M","R","BOSS","R","$","E","BOSS"],"build_version":"2020-11-30","purchased_purges":1,"victory":false,"max_hp_per_floor":[80,80,80,80,80,80,80,80,80,80,80,80,80,80,80,80,80,80,80,85,85,85,85,85,85,85,85,85,85,85,85,85,85,85,85,85,85,85,85,85,85,85,85,85,85,85,85,85,85,85,85,85,85,85,85,85],"card_choices":[{"not_picked":["Thunderclap","Heavy Blade"],"picked":"Pummel","floor":1.0},{"not_picked":["Iron Wave","Twin Strike"],"picked":"Clash","floor":3.0},{"not_picked":["Sever Soul","Burning Pact"],"picked":"Flame Barrier","floor":6.0},{"not_picked":["Pommel Strike","Infernal Blade"],"picked":"Iron Wave","floor":10},{"not_picked":["Cleave","Evolve","Feel No Pain"],"picked":"SKIP","floor":12},{"not_picked":["Sword Boomerang","Cleave"],"picked":"Feel No Pain","floor":13},{"not_picked":["Shockwave","Pummel"],"picked":"Disarm","floor":14},{"not_picked":["Rupture","Havoc","Iron Wave"],"picked":"SKIP","floor":18},{"not_picked":["Warcry","Havoc"],"picked":"Heavy Blade+1","floor":19},{"not_picked":["Shockwave","Dual Wield","True Grit"],"picked":"SKIP","floor":24},{"not_picked":["Iron Wave","Feel No Pain"],"picked":"Anger+1","floor":27},{"not_picked":["Battle Trance","Dropkick"],"picked":"Cleave","floor":28},{"not_picked":["Armaments","Second Wind","Searing Blow"],"picked":"SKIP","floor":29},{"not_picked":["Armaments","Perfected Strike"],"picked":"Shockwave+1","floor":30},{"not_picked":["Rupture","Thunderclap"],"picked":"Inflame","floor":31},{"not_picked":["Pommel Strike"],"picked":"SKIP","floor":35},{"not_picked":["Wild Strike"],"picked":"SKIP","floor":38},{"not_picked":["Havoc+1"],"picked":"SKIP","floor":39},{"not_picked":[],"picked":"Rage+1","floor":41},{"not_picked":[],"picked":"Metallicize","floor":45},{"not_picked":["Heavy Blade"],"picked":"SKIP","floor":47},{"not_picked":["Armaments"],"picked":"SKIP","floor":48},{"not_picked":["Hemokinesis"],"picked":"SKIP","floor":54}],"player_experience":52006,"relics_obtained":[{"floor":6.0,"key":"Bag of Preparation"},{"floor":9.0,"key":"CeramicFish"},{"floor":10,"key":"Kunai"},{"floor":26,"key":"Mummified Hand"},{"floor":41,"key":"Incense Burner"},{"floor":43,"key":"Art of War"},{"floor":47,"key":"FossilizedHelix"},{"floor":54,"key":"War Paint"}],"event_choices":[{"damage_healed":0.0,"max_hp_gain":0.0,"max_hp_loss":0.0,"gold_gain":0.0,"event_name":"Purifier","player_choice":"Ignored","floor":2.0,"gold_loss":0.0,"damage_taken":0.0},{"damage_healed":0.0,"max_hp_gain":0.0,"max_hp_loss":0.0,"gold_gain":75.0,"event_name":"World of Goop","player_choice":"Gather Gold","floor":5.0,"gold_loss":0.0,"damage_taken":11.0},{"damage_healed":0,"gold_gain":0,"player_choice":"Shed Blood","damage_taken":20,"max_hp_gain":5,"max_hp_loss":0,"event_name":"Forgotten Altar","floor":20,"gold_loss":0},{"damage_healed":0,"gold_gain":100,"player_choice":"Pray","damage_taken":0,"max_hp_gain":0,"max_hp_loss":0,"event_name":"Golden Shrine","floor":21,"gold_loss":0},{"damage_healed":0,"gold_gain":0,"player_choice":"Ignored","damage_taken":0,"max_hp_gain":0,"max_hp_loss":0,"event_name":"Tomb of Lord Red Mask","floor":36,"gold_loss":0},{"damage_healed":0,"gold_gain":0,"player_choice":"Fight","damage_taken":0,"max_hp_gain":0,"max_hp_loss":0,"event_name":"Mysterious Sphere","floor":41,"gold_loss":0},{"damage_healed":0,"gold_gain":0,"player_choice":"Ignored","damage_taken":0,"max_hp_gain":0,"max_hp_loss":0,"event_name":"Transmorgrifier","floor":42,"gold_loss":0}],"is_beta":false,"boss_relics":[{"not_picked":["Pandora\u0027s Box","Snecko Eye"],"picked":"Sozu"},{"not_picked":["Astrolabe","SlaversCollar"],"picked":"Busted Crown"}],"items_purged_floors":[53],"is_endless":false,"potions_floor_spawned":[1,10,14,24,27,29,38,39,41,48],"killed_by":"The Heart","ascension_level":1}}