{"host":"jm9833yuloeli2yd","time":1607560424,"event":{"gold_per_floor":[114,133,147,147,72,104,104,116,116,143,143,143,197,217,217,217,217],"floor_reached":16,"playtime":288,"items_purged":["Defend_B"],"score":220,"play_id":"f511645e-893d-4fec-b7f4-99399e63b871","local_time":"20201209193344","is_ascension_mode":true,"campfire_choices":[{"floor":7.0,"key":"REST"},{"floor":12.0,"key":"REST"},{"data":"Hologram","floor":15.0,"key":"SMITH"}],"neow_cost":"NONE","seed_source_timestamp":786583453436500,"circlet_count":0,"master_deck":["AscendersBane","Strike_B","Strike_B","Strike_B","Strike_B","Defend_B","Defend_B","Defend_B","Zap","Dualcast","Sunder","Hologram+1","Gash","Compile Driver","Double Energy","Electrodynamics+1","HandOfGreed","Self Repair+1"],"special_seed":0,"relics":["Cracked Core","Ancient Tea Set","Frozen Egg 2","Question Card","Cables"],"potions_floor_usage":[],"damage_taken":[{"damage":10.0,"enemies":"Small Slimes","floor":1.0,"turns":3.0},{"damage":2.0,"enemies":"Cultist","floor":2.0,"turns":4.0},{"damage":1.0,"enemies":"2 Louse","floor":3.0,"turns":2.0},{"damage":31.0,"enemies":"Gremlin Nob","floor":6.0,"turns":4.0},{"damage":6.0,"enemies":"Looter","floor":8.0,"turns":3.0},{"damage":27.0,"enemies":"Lagavulin","floor":10.0,"turns":7.0},{"damage":0.0,"enemies":"2 Fungi Beasts","floor":14.0,"turns":2.0},{"damage":29,"enemies":"Hexaghost","floor":16,"turns":5}],"seed_played":"-2517004374150605869","potions_obtained":[{"floor":1.0,"key":"EssenceOfSteel"},{"floor":4.0,"key":"FearPotion"},{"floor":4.0,"key":"Explosive Potion"}],"is_trial":false,"path_per_floor":["M","M","M","?","$","E","R","M","T","E","?","R","?","M","R","B"],"character_chosen":"DEFECT","items_purchased":[],"campfire_rested":2,"item_purchase_floors":[],"current_hp_per_floor":[54,52,51,51,51,20,41,35,35,8,8,29,29,29,29,0,0],"gold":217,"neow_bonus":"RANDOM_COMMON_RELIC","is_prod":false,"is_daily":false,"chose_seed":false,"campfire_upgraded":1,"win_rate":0,"timestamp":1607560424,"path_taken":["M","M","M","?","$","E","R","?","T","E","?","R","?","M","R","BOSS"],"build_version":"2020-11-30","purchased_purges":1,"victory":false,"max_hp_per_floor":[71,71,71,71,71,71,71,71,71,71,71,71,71,71,71,71,71],"card_choices":[{"not_picked":["Gash","Turbo"],"picked":"Sunder","floor":1.0},{"not_picked":["Streamline","Redo"],"picked":"Hologram","floor":2.0},{"not_picked":["Barrage","Hologram"],"picked":"Gash","floor":3.0},{"not_picked":["Blizzard","Recycle"],"picked":"Compile Driver","floor":6.0},{"not_picked":["Chill","Coolheaded"],"picked":"Double Energy","floor":8.0},{"not_picked":["Fission","Sunder","Consume"],"picked":"Electrodynamics+1","floor":10.0},{"not_picked":["Deep Breath","Discovery","Chrysalis"],"picked":"HandOfGreed","floor":11.0},{"not_picked":["Hologram","Conserve Battery","Turbo"],"picked":"Self Repair+1","floor":14.0}],"player_experience":982883,"relics_obtained":[{"floor":6.0,"key":"Frozen Egg 2"},{"floor":9.0,"key":"Question Card"},{"floor":10.0,"key":"Cables"}],"event_choices":[{"damage_healed":0.0,"max_hp_gain":0.0,"max_hp_loss":0.0,"gold_gain":0.0,"event_name":"Lab","player_choice":"Got Potions","floor":4.0,"gold_loss":0.0,"damage_taken":0.0},{"damage_healed":0.0,"max_hp_gain":0.0,"max_hp_loss":0.0,"gold_gain":1.0,"event_name":"betterStone:BetterStone","player_choice":"1","floor":11.0,"gold_loss":0.0,"damage_taken":0.0},{"damage_healed":0.0,"max_hp_gain":0.0,"max_hp_loss":0.0,"gold_gain":54.0,"event_name":"Golden Wing","player_choice":"Gained Gold","floor":13.0,"gold_loss":0.0,"damage_taken":0.0}],"is_beta":false,"boss_relics":[],"items_purged_floors":[5],"is_endless":false,"potions_floor_spawned":[1,8],"killed_by":"Hexaghost","ascension_level":20}}