{"host":"kpyf5rnb72uwap8k","time":1607607343,"event":{"gold_per_floor":[114,141,141,153,173,173,201,221,245,261,40,70,86,86,86,191,191,209,209,209,209,157,157,142,157,157,186,200,200,200],"floor_reached":29,"playtime":1373,"items_purged":["Strike_R"],"score":306,"play_id":"5e4a94ac-5754-46ac-88b5-7f211f62cd34","local_time":"20201210223543","is_ascension_mode":true,"campfire_choices":[{"data":"True Grit","floor":6.0,"key":"SMITH"},{"data":"Fiend Fire","floor":15.0,"key":"SMITH"},{"data":"Armaments","floor":23.0,"key":"SMITH"}],"neow_cost":"NONE","seed_source_timestamp":273325641376300,"circlet_count":0,"master_deck":["Defend_R","Defend_R+1","Defend_R","Defend_R","Bash+1","Flash of Steel","Whirlwind","Seeing Red","Spot Weakness","True Grit+1","Fiend Fire+1","Pommel Strike","Blood for Blood","Hemokinesis","Rupture","Brutality","Dual Wield","Bite","Bite","Bite","Bite","Bite","Armaments+1","Burning Pact","Sentinel","Flex"],"special_seed":0,"relics":["Black Blood","Centennial Puzzle","HornCleat","Pen Nib","Strange Spoon","Sundial","StrikeDummy","Orichalcum"],"potions_floor_usage":[29],"damage_taken":[{"damage":1.0,"enemies":"Cultist","floor":1.0,"turns":3.0},{"damage":0.0,"enemies":"Small Slimes","floor":4.0,"turns":2.0},{"damage":0.0,"enemies":"2 Louse","floor":5.0,"turns":2.0},{"damage":14.0,"enemies":"Gremlin Nob","floor":7.0,"turns":3.0},{"damage":6.0,"enemies":"Looter","floor":8.0,"turns":3.0},{"damage":0.0,"enemies":"Blue Slaver","floor":10.0,"turns":3.0},{"damage":12.0,"enemies":"Lagavulin","floor":12.0,"turns":6.0},{"damage":2.0,"enemies":"Exordium Wildlife","floor":13.0,"turns":2.0},{"damage":30.0,"enemies":"The Guardian","floor":16.0,"turns":11.0},{"damage":14.0,"enemies":"3 Byrds","floor":18.0,"turns":5.0},{"damage":18.0,"enemies":"2 Thieves","floor":24.0,"turns":4.0},{"damage":13.0,"enemies":"3 Cultists","floor":25.0,"turns":5.0},{"damage":44.0,"enemies":"Gremlin Leader","floor":27.0,"turns":6.0},{"damage":23,"enemies":"Chosen and Byrds","floor":28,"turns":4},{"damage":39,"enemies":"Shelled Parasite and Fungi","floor":29,"turns":5}],"seed_played":"-7739522920408553011","potions_obtained":[{"floor":4.0,"key":"AttackPotion"},{"floor":5.0,"key":"DistilledChaos"},{"floor":8.0,"key":"Energy Potion"},{"floor":10.0,"key":"DistilledChaos"},{"floor":24.0,"key":"Explosive Potion"},{"floor":25.0,"key":"EntropicBrew"},{"floor":27.0,"key":"DuplicationPotion"},{"floor":28,"key":"Block Potion"}],"is_trial":false,"path_per_floor":["M","T","?","M","M","R","E","M","T","M","$","E","M","?","R","B",null,"M","?","?","?","$","R","M","M","T","E","M","M"],"character_chosen":"IRONCLAD","items_purchased":["Strange Spoon","Armaments"],"campfire_rested":0,"item_purchase_floors":[11,22],"current_hp_per_floor":[80,80,80,80,80,80,72,72,72,78,78,72,76,60,60,36,80,78,78,56,56,56,56,56,56,56,34,33,0,0],"gold":200,"neow_bonus":"RANDOM_COLORLESS","is_prod":false,"is_daily":false,"chose_seed":false,"campfire_upgraded":3,"win_rate":0,"timestamp":1607607343,"path_taken":["M","?","?","M","M","R","E","M","T","M","$","E","?","?","R","BOSS","M","?","?","?","?","R","M","M","T","E","M","?"],"build_version":"2020-11-30","purchased_purges":1,"victory":false,"max_hp_per_floor":[80,80,80,80,80,80,80,80,80,80,80,80,80,80,80,80,80,80,80,56,56,56,56,56,56,56,56,56,56,56],"card_choices":[{"not_picked":["Blind","PanicButton"],"picked":"Flash of Steel","floor":0.0},{"not_picked":["Body Slam","True Grit"],"picked":"Whirlwind","floor":1.0},{"not_picked":["Sword Boomerang","Metallicize"],"picked":"Spot Weakness","floor":4.0},{"not_picked":["Anger","Burning Pact"],"picked":"True Grit","floor":5.0},{"not_picked":["Dropkick","Carnage"],"picked":"Fiend Fire","floor":7.0},{"not_picked":["Sword Boomerang","Sentinel"],"picked":"Pommel Strike","floor":8.0},{"not_picked":["Cleave","Perfected Strike"],"picked":"Blood for Blood","floor":10.0},{"not_picked":["Pommel Strike","Dropkick"],"picked":"Hemokinesis","floor":12.0},{"not_picked":["Sever Soul","Headbutt"],"picked":"Rupture","floor":13.0},{"not_picked":["Double Tap","Bludgeon"],"picked":"Brutality","floor":16.0},{"not_picked":["True Grit","Twin Strike"],"picked":"Dual Wield","floor":18.0},{"not_picked":["Fire Breathing","Body Slam","Immolate"],"picked":"SKIP","floor":24.0},{"not_picked":["Havoc","Sword Boomerang"],"picked":"Burning Pact","floor":25.0},{"not_picked":["Dropkick","True Grit"],"picked":"Sentinel","floor":27.0},{"not_picked":["Dual Wield","Body Slam"],"picked":"Flex","floor":28}],"player_experience":230714,"relics_obtained":[{"floor":2.0,"key":"Centennial Puzzle"},{"floor":7.0,"key":"HornCleat"},{"floor":9.0,"key":"Pen Nib"},{"floor":12.0,"key":"Sundial"},{"floor":26.0,"key":"StrikeDummy"},{"floor":27.0,"key":"Orichalcum"}],"event_choices":[{"damage_healed":0.0,"max_hp_gain":0.0,"max_hp_loss":0.0,"gold_gain":0.0,"event_name":"Match and Keep!","player_choice":"1 cards matched","floor":3.0,"gold_loss":0.0,"damage_taken":0.0,"cards_obtained":["Seeing Red"]},{"damage_healed":0.0,"max_hp_gain":0.0,"max_hp_loss":0.0,"gold_gain":0.0,"event_name":"Shining Light","player_choice":"Entered Light","floor":14.0,"gold_loss":0.0,"damage_taken":16.0,"cards_upgraded":["Bash","Defend_R"]},{"cards_removed":["Strike_R"],"damage_healed":0.0,"max_hp_gain":0.0,"max_hp_loss":0.0,"gold_gain":0.0,"event_name":"Back to Basics","player_choice":"Elegance","floor":19.0,"gold_loss":0.0,"damage_taken":0.0},{"damage_healed":0.0,"max_hp_gain":0.0,"max_hp_loss":24.0,"gold_gain":0.0,"event_name":"Vampires","player_choice":"Became a vampire","floor":20.0,"gold_loss":0.0,"damage_taken":0.0,"cards_obtained":["Bite","Bite","Bite","Bite","Bite"]},{"damage_healed":0.0,"max_hp_gain":0.0,"max_hp_loss":0.0,"gold_gain":0.0,"event_name":"Ghosts","player_choice":"Ignored","floor":21.0,"gold_loss":0.0,"damage_taken":0.0}],"is_beta":false,"boss_relics":[{"not_picked":["Runic Dome","Empty Cage"],"picked":"Black Blood"}],"items_purged_floors":[11],"is_endless":false,"potions_floor_spawned":[4,5,8,10,24,25,27,28],"killed_by":"Shelled Parasite and Fungi","ascension_level":2}}