{"host":"m6aaltr68g9tvoay","time":1607579159,"event":{"gold_per_floor":[119,132,147,147,197,197,215,215,269,215,239,251,263,307,319,410,422,454,466,495,525,537,549,561,561],"floor_reached":24,"playtime":853,"items_purged":[],"score":382,"play_id":"47687e47-d247-4d03-b2e2-03e808104f05","local_time":"20201209214559","is_ascension_mode":true,"campfire_choices":[{"data":"After Image","floor":6,"key":"SMITH"},{"floor":8,"key":"REST"},{"floor":13,"key":"REST"},{"data":"Envenom","floor":15,"key":"SMITH"},{"floor":23,"key":"REST"}],"neow_cost":"NONE","seed_source_timestamp":358586755826300,"circlet_count":0,"master_deck":["AscendersBane","Strike_G","Strike_G","Strike_G","Strike_G","Strike_G","Defend_G","Defend_G","Defend_G","Defend_G","Defend_G","Survivor","Neutralize","Bane","Poisoned Stab","After Image+1","Crippling Poison","Backstab","Predator","Neutralize","Envenom+1","After Image","Dagger Throw+1","Blade Dance"],"relics":["Ring of the Serpent","MawBank","Strawberry","The Courier"],"potions_floor_usage":[7,14,21,21,24],"damage_taken":[{"damage":2,"enemies":"Cultist","floor":1,"turns":4},{"damage":6,"enemies":"2 Louse","floor":2,"turns":4},{"damage":5,"enemies":"Small Slimes","floor":3,"turns":3},{"damage":12,"enemies":"Red Slaver","floor":7,"turns":3},{"damage":13,"enemies":"3 Louse","floor":11,"turns":3},{"damage":30,"enemies":"Lagavulin","floor":14,"turns":7},{"damage":24,"enemies":"The Guardian","floor":16,"turns":11},{"damage":11,"enemies":"Chosen","floor":18,"turns":6},{"damage":19,"enemies":"Spheric Guardian","floor":20,"turns":10},{"damage":35,"enemies":"3 Cultists","floor":21,"turns":6},{"damage":39,"enemies":"Slavers","floor":24,"turns":3}],"seed_played":"4115096995581035460","potions_obtained":[{"floor":1,"key":"Regen Potion"},{"floor":3,"key":"Explosive Potion"},{"floor":16,"key":"LiquidMemories"},{"floor":20,"key":"LiquidBronze"},{"floor":21,"key":"LiquidMemories"}],"is_trial":false,"path_per_floor":["M","M","M","?","?","R","M","R","T","?","M","?","R","E","R","B",null,"M","T","M","M","?","R","E"],"character_chosen":"THE_SILENT","items_purchased":[],"campfire_rested":3,"item_purchase_floors":[],"current_hp_per_floor":[63,57,52,52,52,52,40,61,61,61,48,48,69,60,60,36,68,57,57,38,3,3,26,0,0],"gold":561,"neow_bonus":"TEN_PERCENT_HP_BONUS","is_prod":false,"is_daily":false,"chose_seed":false,"campfire_upgraded":2,"win_rate":0,"timestamp":1607579159,"path_taken":["M","M","M","?","?","R","?","R","T","?","M","?","R","E","R","BOSS","M","?","M","M","?","R","E"],"build_version":"2020-11-30","purchased_purges":0,"victory":false,"max_hp_per_floor":[72,72,72,72,72,72,72,72,72,72,72,72,72,79,79,79,79,79,79,79,79,79,79,79,79],"card_choices":[{"not_picked":["Tactician","Infinite Blades"],"picked":"Bane","floor":1},{"not_picked":["Masterful Stab","Deflect"],"picked":"Poisoned Stab","floor":2},{"not_picked":["Cloak And Dagger","Dodge and Roll"],"picked":"After Image","floor":3},{"not_picked":["Sucker Punch","Backflip"],"picked":"Crippling Poison","floor":7},{"not_picked":["Cloak And Dagger","Quick Slash"],"picked":"Backstab","floor":11},{"not_picked":["Sucker Punch","Escape Plan"],"picked":"Envenom","floor":14},{"not_picked":["Doppelganger","A Thousand Cuts"],"picked":"After Image","floor":16},{"not_picked":["Tactician","Quick Slash","Predator"],"picked":"SKIP","floor":18},{"not_picked":["Underhanded Strike","Flying Knee"],"picked":"Dagger Throw+1","floor":20},{"not_picked":["Poisoned Stab","Backflip"],"picked":"Blade Dance","floor":21}],"player_experience":1207628,"relics_obtained":[{"floor":9,"key":"MawBank"},{"floor":14,"key":"Strawberry"},{"floor":19,"key":"The Courier"}],"event_choices":[{"damage_healed":0,"gold_gain":0,"player_choice":"Ignored","damage_taken":0,"max_hp_gain":0,"max_hp_loss":0,"event_name":"Golden Wing","floor":4,"gold_loss":0},{"damage_healed":0,"gold_gain":50,"player_choice":"Pray","damage_taken":0,"max_hp_gain":0,"max_hp_loss":0,"event_name":"Golden Shrine","floor":5,"gold_loss":0},{"damage_healed":0,"gold_gain":0,"player_choice":"Left Gold","damage_taken":0,"max_hp_gain":0,"max_hp_loss":0,"event_name":"World of Goop","floor":10,"gold_loss":66},{"damage_healed":0,"gold_gain":0,"player_choice":"2 cards matched","damage_taken":0,"max_hp_gain":0,"max_hp_loss":0,"event_name":"Match and Keep!","floor":12,"gold_loss":0,"cards_obtained":["Predator","Neutralize"]},{"damage_healed":0,"gold_gain":0,"player_choice":"Ignored","damage_taken":0,"max_hp_gain":0,"max_hp_loss":0,"event_name":"Vampires","floor":22,"gold_loss":0}],"is_beta":false,"boss_relics":[{"not_picked":["Tiny House","Snecko Eye"],"picked":"Ring of the Serpent"}],"items_purged_floors":[],"is_endless":false,"potions_floor_spawned":[1,3,16,20,21],"killed_by":"Slavers","ascension_level":19}}