{"host":"d6jq5n191gimxfx1","time":1607607157,"event":{"mods":["BaseMod","StSLib","Hermit","AchievementEnabler","DeckTracker","Minty Spire (QoL Compilation)","Random Character Button","Rare Cards Sparkle"],"gold_per_floor":[111,111,131,61,61,61,77,77,77],"floor_reached":8,"playtime":204,"items_purged":[],"score":62,"play_id":"4731742c-7843-41fc-823c-00fb39728dce","local_time":"20201210143237","is_ascension_mode":true,"campfire_choices":[{"data":"Self Repair","floor":6,"key":"SMITH"}],"circlet_count":0,"master_deck":["Strike_B","Strike_B","Strike_B","Defend_B","Defend_B","Defend_B","Defend_B","Zap","Dualcast","Violence","Sweeping Beam","Self Repair+1","Consume","Beam Cell"],"relics":["Cracked Core"],"acts_visited":["Exordium"],"potions_floor_usage":[],"damage_taken":[{"damage":7,"enemies":"2 Louse","floor":1,"turns":2},{"damage":0,"enemies":"Cultist","floor":3,"turns":3},{"damage":12,"enemies":"Small Slimes","floor":7,"turns":4},{"damage":45,"enemies":"Gremlin Nob","floor":8,"turns":4}],"seed_played":"-7367295714713884201","potions_obtained":[{"floor":7,"key":"EssenceOfSteel"}],"is_trial":false,"path_per_floor":["M","?","M","$","?","R","M","E"],"character_chosen":"DEFECT","items_purchased":["Self Repair"],"campfire_rested":0,"item_purchase_floors":[4],"current_hp_per_floor":[43,43,43,43,43,43,41,0,0],"gold":77,"neow_bonus":"RANDOM_COLORLESS_2","is_daily":false,"chose_seed":false,"campfire_upgraded":1,"win_rate":0,"timestamp":1607607157,"path_taken":["M","?","?","$","?","R","M","E"],"build_version":"2020-11-30","purchased_purges":0,"victory":false,"max_hp_per_floor":[75,75,75,75,75,75,75,75,75],"card_choices":[{"not_picked":["Master of Strategy","Thinking Ahead"],"picked":"Violence","floor":0},{"not_picked":["Darkness","Ball Lightning","White Noise"],"picked":"SKIP","floor":1},{"not_picked":["Capacitor","Defragment"],"picked":"Sweeping Beam","floor":3},{"not_picked":["Leap","Coolheaded"],"picked":"Beam Cell","floor":7}],"player_experience":571842,"relics_obtained":[],"event_choices":[{"damage_healed":0,"gold_gain":0,"player_choice":"Bought 0 Potions","damage_taken":0,"max_hp_gain":0,"max_hp_loss":0,"event_name":"The Woman in Blue","floor":2,"gold_loss":0},{"damage_healed":0,"gold_gain":0,"cards_transformed":["Strike_B"],"player_choice":"Change","damage_taken":0,"max_hp_gain":0,"max_hp_loss":0,"event_name":"Living Wall","floor":5,"gold_loss":0,"cards_obtained":["Consume"]}],"is_beta":false,"boss_relics":[],"items_purged_floors":[],"is_endless":false,"potions_floor_spawned":[7],"killed_by":"Gremlin Nob","ascension_level":7}}