{"host":"p7j7o00jacnw7qzt","time":1607627864,"event":{"mods":["BaseMod","Minty Spire (QoL Compilation)","Relic Stats","Colored Map","Colored Powertips","DeckTracker","Highlight Path"],"gold_per_floor":[360,377,302,272,286,286,286,286,286,286,286,21,21,34,34,34,34],"floor_reached":16,"playtime":451,"items_purged":["Strike_G"],"score":176,"play_id":"823f4ab5-c102-4069-8c94-2c7eb3acd6df","local_time":"20201210141744","is_ascension_mode":true,"campfire_choices":[{"data":"Acrobatics","floor":6.0,"key":"SMITH"},{"data":"Neutralize","floor":8.0,"key":"SMITH"},{"floor":10.0,"key":"RECALL"},{"data":"Choke","floor":15.0,"key":"SMITH"}],"circlet_count":0,"master_deck":["AscendersBane","Strike_G","Strike_G","Defend_G","Defend_G","Defend_G","Defend_G","Survivor","Neutralize+1","Concentrate","Acrobatics+1","Die Die Die","Acrobatics","Choke+1"],"special_seed":0,"relics":["Ring of the Snake","Letter Opener","ClockworkSouvenir"],"acts_visited":["Exordium"],"potions_floor_usage":[16,16],"damage_taken":[{"damage":6.0,"enemies":"Cultist","floor":1.0,"turns":4.0},{"damage":0.0,"enemies":"2 Louse","floor":2.0,"turns":3.0},{"damage":4.0,"enemies":"Small Slimes","floor":5.0,"turns":5.0},{"damage":6.0,"enemies":"3 Louse","floor":14.0,"turns":2.0},{"damage":46,"enemies":"Slime Boss","floor":16,"turns":13}],"seed_played":"-4465260947148692280","potions_obtained":[{"floor":1.0,"key":"Dexterity Potion"},{"floor":2.0,"key":"Fruit Juice"},{"floor":4.0,"key":"Fire Potion"},{"floor":4.0,"key":"GhostInAJar"}],"is_trial":false,"path_per_floor":["M","M","?","?","M","R","?","R","T","R","?","$","?","M","R","B"],"character_chosen":"THE_SILENT","items_purchased":["ClockworkSouvenir","Acrobatics"],"campfire_rested":0,"item_purchase_floors":[12,12],"current_hp_per_floor":[53,53,53,58,54,54,47,47,47,47,47,47,47,41,41,0,0],"gold":34,"neow_bonus":"TWO_FIFTY_GOLD","is_daily":false,"chose_seed":false,"campfire_upgraded":3,"win_rate":0,"timestamp":1607627864,"path_taken":["M","?","?","?","?","R","?","R","T","R","?","?","?","M","R","BOSS"],"build_version":"2020-11-30","purchased_purges":1,"victory":false,"max_hp_per_floor":[60,60,60,65,65,65,65,65,65,65,65,65,65,65,65,65,65],"relic_stats":{"counters":[5,27],"Letter Opener":[25],"obtain_stats":[{"Letter Opener":9,"Ring of the Snake":0,"ClockworkSouvenir":12},{"Letter Opener":3,"Ring of the Snake":0,"ClockworkSouvenir":3},{"Letter Opener":12,"Ring of the Snake":0,"ClockworkSouvenir":12}],"Ring of the Snake":[10]},"card_choices":[{"not_picked":["Cloak And Dagger","Deadly Poison","Slice"],"picked":"SKIP","floor":1.0},{"not_picked":["Riddle With Holes","Bane"],"picked":"Concentrate","floor":2.0},{"not_picked":["Deflect","Caltrops"],"picked":"Acrobatics","floor":5.0},{"not_picked":["Backflip","Poisoned Stab"],"picked":"Choke","floor":14.0}],"player_experience":743947,"relics_obtained":[{"floor":9.0,"key":"Letter Opener"}],"event_choices":[{"cards_removed":["Strike_G"],"damage_healed":0.0,"max_hp_gain":0.0,"max_hp_loss":0.0,"gold_gain":0.0,"event_name":"The Cleric","player_choice":"Card Removal","floor":3.0,"gold_loss":75.0,"damage_taken":0.0},{"damage_healed":0.0,"max_hp_gain":0.0,"max_hp_loss":0.0,"gold_gain":0.0,"event_name":"The Woman in Blue","player_choice":"Bought 2 Potions","floor":4.0,"gold_loss":0.0,"damage_taken":0.0},{"cards_removed":["Strike_G"],"damage_healed":0.0,"max_hp_gain":0.0,"max_hp_loss":0.0,"gold_gain":0.0,"event_name":"Golden Wing","player_choice":"Card Removal","floor":7.0,"gold_loss":0.0,"damage_taken":7.0},{"damage_healed":0.0,"max_hp_gain":0.0,"max_hp_loss":0.0,"gold_gain":0.0,"cards_transformed":["Defend_G"],"event_name":"Living Wall","player_choice":"Change","floor":11.0,"gold_loss":0.0,"damage_taken":0.0,"cards_obtained":["Die Die Die"]},{"damage_healed":0.0,"max_hp_gain":0.0,"max_hp_loss":0.0,"gold_gain":0.0,"event_name":"Liars Game","player_choice":"Ignored","floor":13.0,"gold_loss":0.0,"damage_taken":0.0}],"is_beta":false,"boss_relics":[],"items_purged_floors":[12],"is_endless":false,"potions_floor_spawned":[1,2,14],"killed_by":"Slime Boss","ascension_level":20}}