{"host":"vvp4eihuvtuugjfx","time":1607569579,"event":{"gold_per_floor":[112,122,139,62,62,94,94,94,94],"floor_reached":8,"playtime":710,"items_purged":[],"score":61,"play_id":"f0fc6a8b-09cc-47da-8d66-96125a57539e","local_time":"20201210040619","is_ascension_mode":true,"campfire_choices":[{"data":"HollowMod:Hiveblood","floor":7,"key":"SMITH"}],"neow_cost":"PERCENT_DAMAGE","seed_source_timestamp":2421473993498800,"circlet_count":0,"master_deck":["HollowMod:NailStrikeStart","HollowMod:NailStrikeStart","HollowMod:NailStrikeStart","HollowMod:NailStrikeStart","HollowMod:QuickDashStart","HollowMod:QuickDashStart","HollowMod:QuickDashStart","HollowMod:QuickDashStart","HollowMod:FocusHealStart","HollowMod:PogoStrike","HollowMod:Hiveblood+1","HollowMod:ShadowDash","HollowMod:VengefulVoid","HollowMod:ShadowDash"],"relics":["HollowMod:VesselMask","TheAbacus","HollowMod:LumaflyLanternRelic"],"potions_floor_usage":[6,8],"damage_taken":[{"damage":18,"enemies":"Hallownest:monsterHuskGuard","floor":1,"turns":6},{"damage":10,"enemies":"Hallownest:2_MossCreeps","floor":2,"turns":8},{"damage":19,"enemies":"Hallownest:2_Tiktiks_and_1_Crawlid","floor":3,"turns":3},{"damage":44,"enemies":"Hallownest:eliteCrystalGuardian","floor":6,"turns":6},{"damage":29,"enemies":"Hallownest:eliteVengeflyKing","floor":8,"turns":11}],"seed_played":"1088282639908473648","potions_obtained":[{"floor":3,"key":"LiquidBronze"},{"floor":6,"key":"SpeedPotion"}],"is_trial":false,"path_per_floor":["M","M","M","$","?","E","R","E"],"character_chosen":"THE_BUGKNIGHT","items_purchased":["TheAbacus"],"campfire_rested":0,"item_purchase_floors":[4],"current_hp_per_floor":[60,75,65,65,65,35,35,34,34],"gold":94,"neow_bonus":"THREE_RARE_CARDS","is_prod":false,"is_daily":false,"chose_seed":false,"campfire_upgraded":1,"win_rate":0,"timestamp":1607569579,"path_taken":["M","M","?","$","?","E","R","E"],"build_version":"2020-11-30","purchased_purges":0,"victory":false,"max_hp_per_floor":[75,75,75,75,75,75,75,75,75],"card_choices":[{"not_picked":["HollowMod:SlysStrikes","HollowMod:MidwifesHunger"],"picked":"HollowMod:Hiveblood","floor":0},{"not_picked":["HollowMod:SharpenedNail","HollowMod:InfectedAttack"],"picked":"HollowMod:ShadowDash","floor":1},{"not_picked":["HollowMod:SiblingsSouls","HollowMod:DungDefenderAura"],"picked":"HollowMod:VengefulVoid","floor":2},{"not_picked":["HollowMod:SoulStrike","HollowMod:QuirrelsAssistance"],"picked":"HollowMod:ShadowDash","floor":3},{"not_picked":["HollowMod:TaintedHusks","HollowMod:HowlingWraiths","HollowMod:RecoilStrike"],"picked":"SKIP","floor":6}],"player_experience":692982,"relics_obtained":[{"floor":6,"key":"HollowMod:LumaflyLanternRelic"}],"event_choices":[],"is_beta":false,"boss_relics":[],"items_purged_floors":[],"is_endless":false,"potions_floor_spawned":[3,6],"killed_by":"Hallownest:eliteVengeflyKing","ascension_level":2}}