{"host":"xcuflocadasoaqda","time":1607625808,"event":{"mods":["BaseMod","Bestiary","Filter the Spire","Minty Spire (QoL Compilation)","Relic Stats"],"gold_per_floor":[118,130,130,55,75,75,102,102,179,207,187,207,207,223,223,300,300,311,322,322,322,20,20,52,52,52,79,93,112,143,143,143,220,220,238,251,70,82,82,110,128,128,128,128,159,175,175,210,210,210,210,210,210,49,78,78],"floor_reached":57,"playtime":2482,"items_purged":["Flechettes","Infinite Blades","Blade Dance+1"],"score":3616,"play_id":"b512edfb-6a3c-4614-81e1-242ef05eabfc","local_time":"20201210124328","is_ascension_mode":true,"campfire_choices":[{"data":"Blade Dance","floor":6,"key":"SMITH"},{"data":"Doppelganger","floor":13,"key":"SMITH"},{"data":"Grand Finale","floor":15,"key":"SMITH"},{"floor":23,"key":"REST"},{"data":"Terror","floor":25,"key":"SMITH"},{"data":"Phantasmal Killer","floor":32,"key":"SMITH"},{"floor":42,"key":"RECALL"},{"data":"Neutralize","floor":44,"key":"SMITH"},{"data":"Adrenaline","floor":47,"key":"SMITH"},{"data":"Blur","floor":49,"key":"SMITH"},{"data":"Backflip","floor":53,"key":"SMITH"}],"circlet_count":0,"master_deck":["AscendersBane","Survivor","Neutralize+1","Phantasmal Killer+1","Grand Finale+1","Doppelganger+1","Doppelganger+1","Acrobatics+1","Backflip","Prepared","Adrenaline+1","Terror+1","Grand Finale+1","Backflip+1","Blur+1","Acrobatics","PiercingWail","Calculated Gamble+1","Footwork"],"relics":["Pandora\u0027s Box","PreservedInsect","Molten Egg 2","Pen Nib","Runic Pyramid","Enchiridion","Matryoshka","Happy Flower","Lantern","Bag of Marbles","TungstenRod","Empty Cage","Mummified Hand","Strawberry","Nunchaku","Bottled Lightning","Medical Kit","Oddly Smooth Stone"],"acts_visited":["Exordium","TheCity","TheBeyond","TheEnding"],"potions_floor_usage":[56],"damage_taken":[{"damage":0,"enemies":"Cultist","floor":1,"turns":2},{"damage":1,"enemies":"Jaw Worm","floor":2,"turns":3},{"damage":7,"enemies":"2 Louse","floor":5,"turns":4},{"damage":0,"enemies":"Gremlin Nob","floor":7,"turns":2},{"damage":0,"enemies":"Lagavulin","floor":10,"turns":2},{"damage":2,"enemies":"Red Slaver","floor":12,"turns":2},{"damage":0,"enemies":"Blue Slaver","floor":14,"turns":1},{"damage":0,"enemies":"Hexaghost","floor":16,"turns":2},{"damage":0,"enemies":"Spheric Guardian","floor":18,"turns":2},{"damage":11,"enemies":"2 Thieves","floor":19,"turns":2},{"damage":0,"enemies":"Gremlin Leader","floor":24,"turns":2},{"damage":0,"enemies":"Book of Stabbing","floor":27,"turns":2},{"damage":0,"enemies":"Snake Plant","floor":28,"turns":2},{"damage":0,"enemies":"3 Cultists","floor":29,"turns":2},{"damage":0,"enemies":"Gremlin Leader","floor":30,"turns":1},{"damage":0,"enemies":"Champ","floor":33,"turns":2},{"damage":0,"enemies":"3 Shapes","floor":35,"turns":2},{"damage":0,"enemies":"3 Darklings","floor":36,"turns":1},{"damage":0,"enemies":"Writhing Mass","floor":38,"turns":2},{"damage":0,"enemies":"Giant Head","floor":40,"turns":1},{"damage":0,"enemies":"Maw","floor":41,"turns":2},{"damage":0,"enemies":"Nemesis","floor":45,"turns":3},{"damage":0,"enemies":"Spire Growth","floor":46,"turns":1},{"damage":4,"enemies":"Reptomancer","floor":48,"turns":2},{"damage":3,"enemies":"Time Eater","floor":50,"turns":5},{"damage":0,"enemies":"Awakened One","floor":51,"turns":3},{"damage":0,"enemies":"Shield and Spear","floor":55,"turns":2},{"damage":27,"enemies":"The Heart","floor":56,"turns":6}],"seed_played":"-7481329250160290427","potions_obtained":[{"floor":5,"key":"SpeedPotion"},{"floor":11,"key":"LiquidMemories"},{"floor":12,"key":"Regen Potion"},{"floor":30,"key":"DuplicationPotion"}],"is_trial":false,"path_per_floor":["M","M","?","$","M","R","E","?","T","E","?","M","R","M","R","B",null,"M","M","?","?","$","R","E","R","T","E","M","M","E","?","R","B",null,"M","M","$","M","?","E","M","R","T","R","E","M","R","E","R","B","B",null,"R","$","E","B",null],"character_chosen":"THE_SILENT","items_purchased":["Grand Finale+1","Backflip","PiercingWail","Medical Kit"],"campfire_rested":1,"item_purchase_floors":[22,22,37,54],"current_hp_per_floor":[59,58,38,38,31,31,31,24,24,24,24,22,22,22,22,22,55,55,44,44,23,23,42,42,42,42,42,42,42,42,42,42,42,60,60,60,60,60,60,60,60,60,67,67,67,67,67,63,63,60,60,70,70,70,70,43],"gold":78,"neow_bonus":"BOSS_RELIC","is_daily":false,"chose_seed":false,"campfire_upgraded":9,"win_rate":0,"timestamp":1607625808,"path_taken":["M","M","?","$","M","R","E","?","T","E","?","?","R","M","R","BOSS","M","M","?","?","$","R","E","R","T","E","M","M","E","?","R","BOSS","M","M","$","M","?","E","?","R","T","R","E","M","R","E","R","BOSS","BOSS","R","$","E","BOSS"],"build_version":"2020-11-30","purchased_purges":3,"victory":true,"max_hp_per_floor":[66,66,66,66,66,66,66,66,66,66,66,66,66,66,66,66,66,66,66,66,66,66,66,66,66,66,66,66,66,66,66,66,66,66,66,66,66,66,66,66,66,66,73,73,73,73,73,73,73,73,73,73,73,73,73,73],"relic_stats":{"Nunchaku":[3],"Happy Flower":[13],"counters":[28,63],"Mummified Hand":[6],"Pandora\u0027s Box":["Phantasmal Killer","Infinite Blades","Infinite Blades","Grand Finale","Doppelganger","Doppelganger","Flechettes","Acrobatics","Sucker Punch","Finisher"],"PreservedInsect":484,"Pen Nib":[8],"Medical Kit":[6],"obtain_stats":[{"Lantern":26,"Happy Flower":26,"Enchiridion":21,"Oddly Smooth Stone":55,"PreservedInsect":7,"Pen Nib":10,"Empty Cage":34,"Medical Kit":54,"Nunchaku":45,"Matryoshka":24,"Mummified Hand":40,"Strawberry":43,"Pandora\u0027s Box":0,"Molten Egg 2":9,"Bag of Marbles":27,"Bottled Lightning":48,"TungstenRod":30,"Ring of the Snake":0,"Runic Pyramid":17},{"Lantern":11,"Happy Flower":11,"Enchiridion":10,"Oddly Smooth Stone":27,"PreservedInsect":4,"Pen Nib":5,"Empty Cage":16,"Medical Kit":26,"Nunchaku":22,"Matryoshka":11,"Mummified Hand":20,"Strawberry":21,"Pandora\u0027s Box":0,"Molten Egg 2":4,"Bag of Marbles":12,"Bottled Lightning":24,"TungstenRod":15,"Ring of the Snake":0,"Runic Pyramid":8},{"Lantern":24,"Happy Flower":24,"Enchiridion":22,"Oddly Smooth Stone":57,"PreservedInsect":11,"Pen Nib":13,"Empty Cage":33,"Medical Kit":55,"Nunchaku":44,"Matryoshka":24,"Mummified Hand":39,"Strawberry":41,"Pandora\u0027s Box":0,"Molten Egg 2":11,"Bag of Marbles":26,"Bottled Lightning":47,"TungstenRod":31,"Ring of the Snake":0,"Runic Pyramid":18}],"TungstenRod":8},"card_choices":[{"not_picked":["Bane","Slice"],"picked":"Blade Dance","floor":1},{"not_picked":["Leg Sweep","Cloak And Dagger"],"picked":"Backflip","floor":2},{"not_picked":["Outmaneuver","Infinite Blades"],"picked":"Prepared","floor":5},{"not_picked":["PiercingWail","Sucker Punch","Caltrops"],"picked":"SKIP","floor":7},{"not_picked":["Backflip","Dagger Throw+1","Flying Knee+1"],"picked":"SKIP","floor":10},{"not_picked":["Heel Hook+1","Bane+1","Deadly Poison"],"picked":"SKIP","floor":12},{"not_picked":["Finisher+1","All Out Attack+1","Die Die Die+1"],"picked":"SKIP","floor":14},{"not_picked":["Storm of Steel","Grand Finale+1"],"picked":"Adrenaline","floor":16},{"not_picked":["Bane+1","Acrobatics"],"picked":"Terror","floor":18},{"not_picked":["Deflect","Choke+1","Quick Slash+1"],"picked":"SKIP","floor":19},{"not_picked":["Skewer+1","Blade Dance","Endless Agony+1"],"picked":"SKIP","floor":24},{"not_picked":["Eviscerate+1","Acrobatics","Leg Sweep"],"picked":"SKIP","floor":27},{"not_picked":["Masterful Stab+1","Backflip"],"picked":"Blur","floor":28},{"not_picked":["Eviscerate+1","Expertise"],"picked":"Acrobatics","floor":29},{"not_picked":["Riddle With Holes+1","Underhanded Strike+1","Well Laid Plans"],"picked":"SKIP","floor":30},{"not_picked":["Cloak And Dagger","Sucker Punch+1","Poisoned Stab+1"],"picked":"SKIP","floor":35},{"not_picked":["Underhanded Strike+1","Predator+1","Outmaneuver"],"picked":"SKIP","floor":36},{"not_picked":["Finisher+1","Predator+1","Venomology"],"picked":"SKIP","floor":38},{"not_picked":["Flying Knee+1","Venomology","Deflect+1"],"picked":"SKIP","floor":40},{"not_picked":["Cloak And Dagger","Slice+1","Poisoned Stab+1"],"picked":"SKIP","floor":41},{"not_picked":["Cloak And Dagger","Flying Knee+1"],"picked":"Calculated Gamble+1","floor":45},{"not_picked":["Dagger Spray+1","Quick Slash+1","Tactician+1"],"picked":"SKIP","floor":46},{"not_picked":["Envenom","Sucker Punch+1","Backstab+1"],"picked":"SKIP","floor":48},{"not_picked":["PiercingWail","Noxious Fumes"],"picked":"Footwork","floor":55}],"player_experience":1686931,"relics_obtained":[{"floor":7,"key":"PreservedInsect"},{"floor":9,"key":"Molten Egg 2"},{"floor":10,"key":"Pen Nib"},{"floor":21,"key":"Enchiridion"},{"floor":24,"key":"Matryoshka"},{"floor":26,"key":"Happy Flower"},{"floor":26,"key":"Lantern"},{"floor":27,"key":"Bag of Marbles"},{"floor":30,"key":"TungstenRod"},{"floor":40,"key":"Mummified Hand"},{"floor":43,"key":"Strawberry"},{"floor":45,"key":"Nunchaku"},{"floor":48,"key":"Bottled Lightning"},{"floor":55,"key":"Oddly Smooth Stone"}],"event_choices":[{"damage_healed":0,"gold_gain":0,"player_choice":"Entered Light","damage_taken":20,"max_hp_gain":0,"max_hp_loss":0,"event_name":"Shining Light","floor":3,"gold_loss":0,"cards_upgraded":["Doppelganger","Acrobatics"]},{"cards_removed":["Sucker Punch"],"damage_healed":0,"gold_gain":0,"player_choice":"Card Removal","damage_taken":7,"max_hp_gain":0,"max_hp_loss":0,"event_name":"Golden Wing","floor":8,"gold_loss":0},{"damage_healed":0,"gold_gain":0,"player_choice":"Bought 1 Potion","damage_taken":0,"max_hp_gain":0,"max_hp_loss":0,"event_name":"The Woman in Blue","floor":11,"gold_loss":0},{"damage_healed":0,"gold_gain":0,"player_choice":"Ignored","damage_taken":0,"max_hp_gain":0,"max_hp_loss":0,"event_name":"Vampires","floor":20,"gold_loss":0},{"damage_healed":0,"gold_gain":0,"player_choice":"Obtained Book","damage_taken":21,"max_hp_gain":0,"max_hp_loss":0,"event_name":"Cursed Tome","floor":21,"gold_loss":0},{"damage_healed":0,"gold_gain":0,"player_choice":"Ignored","damage_taken":0,"max_hp_gain":0,"max_hp_loss":0,"event_name":"The Mausoleum","floor":31,"gold_loss":0},{"damage_healed":0,"gold_gain":0,"player_choice":"Ignored","damage_taken":0,"max_hp_gain":0,"max_hp_loss":0,"event_name":"SecretPortal","floor":39,"gold_loss":0}],"is_beta":false,"boss_relics":[{"not_picked":["Philosopher\u0027s Stone","SacredBark"],"picked":"Runic Pyramid"},{"not_picked":["Velvet Choker","Astrolabe"],"picked":"Empty Cage"}],"items_purged_floors":[4,22,37],"is_endless":false,"potions_floor_spawned":[5,12,16,24,27,28,30,35,38,41,48],"ascension_level":20}}