{"host":"91n1pc4te07j54gv","time":1607608413,"event":{"gold_per_floor":[114,114,125,145,159,159,189,207,233,250,283,283,354,367,367,471,471,483,398,409,424,424,457,457,491,491,491,110,129,163,179,179,276,276,290,302,302,302,312,347,347,347,347,364,397,67,94,114,114,114,114,114,1,29,29],"floor_reached":56,"playtime":3180,"items_purged":["Defend_B","Strike_B"],"score":2089,"play_id":"86b00d17-eb20-491c-b5bc-ac4b5455750d","local_time":"20201210215333","is_ascension_mode":true,"campfire_choices":[{"data":"Defragment","floor":6.0,"key":"SMITH"},{"data":"Storm","floor":15.0,"key":"SMITH"},{"data":"Defragment","floor":24.0,"key":"SMITH"},{"floor":32.0,"key":"RECALL"},{"data":"Loop","floor":42,"key":"SMITH"},{"data":"Replay:SS_hec_2","floor":49,"key":"SMITH"},{"data":"Hologram","floor":52,"key":"SMITH"}],"neow_cost":"","seed_source_timestamp":0,"circlet_count":0,"master_deck":["AscendersBane","Strike_B","Strike_B","Defend_B","Defend_B","Defend_B+1","Zap","Dualcast","Coolheaded+1","Storm+1","Hologram+1","Defragment+1","Biased Cognition","Coolheaded","Redo+1","Heatsinks","Hologram+1","Defragment+1","Amplify+1","Hello World","Sunder+1","Static Discharge+1","Replay:Dark Deal+1","Replay:Dark Deal+1","Replay:SS_hec_2+1","Ball Lightning+1","Loop+1","Creative AI","ReplayTheSpireMod:Calculation Training+1","Genetic Algorithm+1","Hologram+1","Redo+1","ReplayTheSpireMod:Echoes of Time+1","Capacitor+1","Crystallizer","Panacea+1","Genetic Algorithm+1","Defragment+1","Loop"],"special_seed":0,"relics":["Cracked Core","Lizard Tail","Bird Faced Urn","Blue Candle","Ice Cream","Membership Card","Lee\u0027s Waffle","PreservedInsect","Blue Doll","Omamori","ReplayFunnel","Replay:Antivirus Software","Toxic Egg 2","infinitespire:CheckeredPen","Black Star","Dream Catcher","ChewingGum","Lantern","infinitespire:Beetle Shell","Garlic","Letter Opener","Question Card","Gremlin Horn","infinitespire:SolderingIron","infinitespire:Freezer","ReplayTheSpireMod:Lightbulb","Cursed Key","Guardian:BottledAnomaly","Ancient Tea Set","Du-Vu Doll","Shuriken","Nunchaku","infinitespire:PuzzleCube","infinitespire:Broken Mirror","Dead Branch","Vajra","Replay:Kaleidoscope","Happy Flower","War Paint"],"potions_floor_usage":[46,55,55],"damage_taken":[{"damage":1.0,"enemies":"2 Louse","floor":1.0,"turns":3.0},{"damage":4.0,"enemies":"Cultist","floor":3.0,"turns":4.0},{"damage":0.0,"enemies":"Small Slimes","floor":4.0,"turns":6.0},{"damage":13.0,"enemies":"Blue Slaver","floor":5.0,"turns":5.0},{"damage":7.0,"enemies":"3 Sentries","floor":7.0,"turns":5.0},{"damage":13.0,"enemies":"3 Louse","floor":8.0,"turns":3.0},{"damage":4.0,"enemies":"Red Slaver","floor":10.0,"turns":4.0},{"damage":10.0,"enemies":"Gremlin Nob","floor":11.0,"turns":3.0},{"damage":6.0,"enemies":"Looter","floor":14.0,"turns":2.0},{"damage":0.0,"enemies":"Slime Boss","floor":16.0,"turns":1.0},{"damage":0.0,"enemies":"Spheric Guardian","floor":18.0,"turns":2.0},{"damage":2.0,"enemies":"3 Byrds","floor":20.0,"turns":3.0},{"damage":18.0,"enemies":"Centurion and Healer","floor":21.0,"turns":5.0},{"damage":33.0,"enemies":"Slavers","floor":23.0,"turns":3.0},{"damage":0.0,"enemies":"Book of Stabbing","floor":25.0,"turns":3.0},{"damage":4.0,"enemies":"Snake Plant","floor":29.0,"turns":2.0},{"damage":0.0,"enemies":"Nightmare","floor":30.0,"turns":1.0},{"damage":0.0,"enemies":"Cultist and Chosen","floor":31.0,"turns":4.0},{"damage":21.0,"enemies":"Collector","floor":33.0,"turns":5.0},{"damage":0.0,"enemies":"Orb Walker","floor":35.0,"turns":3.0},{"damage":0.0,"enemies":"3 Darklings","floor":36.0,"turns":2.0},{"damage":0.0,"enemies":"Sphere and 2 Shapes","floor":39.0,"turns":1.0},{"damage":0.0,"enemies":"Giant Head","floor":40.0,"turns":5.0},{"damage":0,"enemies":"Spire Growth","floor":44,"turns":4},{"damage":3,"enemies":"R_Hoarder","floor":45,"turns":4},{"damage":0,"enemies":"Giant Head","floor":47,"turns":3},{"damage":0,"enemies":"3 Darklings","floor":48,"turns":3},{"damage":0,"enemies":"Time Eater","floor":50,"turns":4},{"damage":0,"enemies":"Shield and Spear","floor":54,"turns":1},{"damage":65,"enemies":"The Heart","floor":55,"turns":5}],"seed_played":"6117127184450454914","potions_obtained":[{"floor":4.0,"key":"AttackPotion"},{"floor":5.0,"key":"infinitespire:BlackPotion"},{"floor":8.0,"key":"Weak Potion"},{"floor":10.0,"key":"AttackPotion"},{"floor":21.0,"key":"LiquidMemories"},{"floor":25.0,"key":"FearPotion"},{"floor":31.0,"key":"Fire Potion"},{"floor":33.0,"key":"Weak Potion"},{"floor":36.0,"key":"FearPotion"},{"floor":44,"key":"Strength Potion"}],"is_trial":false,"path_per_floor":["M","?","M","M","M","R","E","M","T","M","E","AVR","?","M","R","B",null,"M","?","M","M","?","E","R","E","T","?","$","M","NM","M","R","B",null,"M","M","AVR","?","M","E","?","R","T","M","E","$","E","M","R","B",null,"R","$","E","B",null],"character_chosen":"DEFECT","items_purchased":["Blue Candle","Membership Card","Lee\u0027s Waffle","PreservedInsect","Blue Doll","Omamori","Coolheaded","infinitespire:SolderingIron","Static Discharge+1","Replay:Dark Deal+1","Replay:SS_hec_2","infinitespire:PuzzleCube","Fruit Juice","infinitespire:Broken Mirror","Panacea+1","Replay:Kaleidoscope","Loop"],"campfire_rested":0,"item_purchase_floors":[0,0,0,0,0,0,0,28,28,28,28,46,46,46,46,53,53],"current_hp_per_floor":[81,81,78,80,71,71,68,59,59,61,57,57,37,35,35,35,70,74,74,82,70,70,51,51,67,67,67,67,75,79,82,82,75,80,82,82,82,82,82,82,62,62,62,76,82,87,87,87,87,87,87,87,87,87,46],"gold":29,"neow_bonus":"","is_prod":false,"is_daily":false,"chose_seed":false,"campfire_upgraded":6,"win_rate":0,"timestamp":1607608413,"path_taken":["M","?","M","M","?","R","E","M","T","M","E","$","?","M","R","BOSS","M","?","M","M","?","E","R","E","T","?","$","?","NM","M","R","BOSS","M","M","AVR","?","M","E","?","R","T","M","E","$","E","M","R","BOSS","R","$","E","BOSS"],"build_version":"2020-11-30","purchased_purges":2,"victory":true,"max_hp_per_floor":[82,82,82,82,82,82,82,82,82,82,82,82,82,82,82,82,82,82,82,82,82,82,82,82,82,82,82,82,82,82,82,82,82,82,82,82,82,82,82,82,82,82,82,82,82,87,87,87,87,87,87,87,87,87,87],"relic_stats":{"Lee\u0027s Waffle":62,"Gremlin Horn":[6,6],"Happy Flower":[1],"counters":[91,373],"Blue Candle":[0],"Dead Branch":[17],"PreservedInsect":682,"Letter Opener":[140],"War Paint":["Defend_B","Coolheaded"],"Question Card":19,"Cursed Key":1,"Lizard Tail":0,"Dream Catcher":0,"Nunchaku":[0],"Shuriken":[1],"Bird Faced Urn":[163],"Black Star":7,"obtain_stats":[{"Ice Cream":0,"Replay:Accelerometer":0,"Divine Protection":13,"Gremlin Horn":52,"Vajra":47,"Bottled Tornado":39,"Boot":42,"Blood Vial":44,"Centennial Puzzle":25,"Lizard Tail":0,"infinitespire:SolderingIron":28,"Prayer Wheel":18,"Replay:Wax Seal":43,"Toxic Egg 2":23,"Happy Flower":13,"Blue Candle":30,"Dead Branch":34,"infinitespire:Beetle Shell":23,"Replay:Ancient Bell":34,"Replay:Kaleidoscope":0,"Letter Opener":25,"War Paint":54,"Question Card":25,"Cables":0,"Du-Vu Doll":40,"OrangePellets":0,"Shuriken":45,"infinitespire:Broken Mirror":46,"Bird Faced Urn":0,"Snecko Eye":34,"Pandora\u0027s Box":17,"Molten Egg 2":36,"CultistMask":31,"Black Star":12,"infinitespire:PuzzleCube":28,"ReplayFunnel":7,"Carrot":8,"Regal Pillow":15,"Lantern":19,"Blue Doll":9,"Bag of Preparation":39,"Incense Burner":41,"Smiling Mask":34,"Ancient Tea Set":6,"Cursed Key":34,"Pet Ghost":49,"Dream Catcher":40,"Nunchaku":45,"Matryoshka":0,"Shovel":11,"Mummified Hand":48,"Replay:Bottled Snecko":34,"Guardian:BottledAnomaly":19,"Replay:Antivirus Software":9,"Cracked Core":0,"BargainBundle":53,"Lee\u0027s Waffle":0,"ReplayTheSpireMod:Ninjato":23,"NeowsBlessing":0,"The Courier":32,"PreservedInsect":43,"Omamori":0,"infinitespire:CheckeredPen":12,"Orichalcum":54,"Replay:Arrowhead":9,"White Beast Statue":54,"infinitespire:Satchel":6,"ChewingGum":17,"Coffee Dripper":17,"Snack Pack":26,"Garlic":47,"Membership Card":0,"ReplayTheSpireMod:Lightbulb":30,"Toy Ornithopter":0,"FossilizedHelix":9,"ReplayTheSpireMod:ShopPack":39,"infinitespire:Freezer":41},{"Ice Cream":61,"Replay:Accelerometer":32,"Divine Protection":40,"Gremlin Horn":59,"Vajra":87,"Bottled Tornado":24,"Boot":57,"Blood Vial":27,"Centennial Puzzle":46,"Lizard Tail":61,"infinitespire:SolderingIron":76,"Prayer Wheel":13,"Replay:Wax Seal":26,"Toxic Egg 2":45,"Happy Flower":10,"Blue Candle":21,"Dead Branch":22,"infinitespire:Beetle Shell":75,"Replay:Ancient Bell":22,"Replay:Kaleidoscope":32,"Letter Opener":76,"War Paint":90,"Question Card":76,"Cables":32,"Du-Vu Doll":84,"OrangePellets":32,"Shuriken":86,"infinitespire:Broken Mirror":86,"Bird Faced Urn":61,"Snecko Eye":51,"Pandora\u0027s Box":12,"Molten Egg 2":23,"CultistMask":21,"Black Star":69,"infinitespire:PuzzleCube":48,"ReplayFunnel":66,"Carrot":7,"Regal Pillow":41,"Lantern":72,"Blue Doll":37,"Bag of Preparation":24,"Incense Burner":25,"Smiling Mask":22,"Ancient Tea Set":36,"Cursed Key":80,"Pet Ghost":58,"Dream Catcher":56,"Nunchaku":86,"Matryoshka":32,"Shovel":38,"Mummified Hand":29,"Replay:Bottled Snecko":22,"Guardian:BottledAnomaly":43,"Replay:Antivirus Software":67,"Cracked Core":0,"BargainBundle":59,"Lee\u0027s Waffle":61,"ReplayTheSpireMod:Ninjato":17,"NeowsBlessing":0,"The Courier":50,"PreservedInsect":57,"Omamori":61,"infinitespire:CheckeredPen":69,"Orichalcum":60,"Replay:Arrowhead":7,"White Beast Statue":31,"infinitespire:Satchel":6,"ChewingGum":71,"Coffee Dripper":42,"Snack Pack":46,"Garlic":58,"Membership Card":61,"ReplayTheSpireMod:Lightbulb":78,"Toy Ornithopter":32,"FossilizedHelix":37,"ReplayTheSpireMod:ShopPack":24,"infinitespire:Freezer":56},{"Ice Cream":274,"Replay:Accelerometer":154,"Divine Protection":181,"Gremlin Horn":266,"Vajra":360,"Bottled Tornado":124,"Boot":258,"Blood Vial":137,"Centennial Puzzle":205,"Lizard Tail":274,"infinitespire:SolderingIron":326,"Prayer Wheel":68,"Replay:Wax Seal":132,"Toxic Egg 2":202,"Happy Flower":49,"Blue Candle":109,"Dead Branch":117,"infinitespire:Beetle Shell":323,"Replay:Ancient Bell":117,"Replay:Kaleidoscope":154,"Letter Opener":326,"War Paint":368,"Question Card":326,"Cables":154,"Du-Vu Doll":349,"OrangePellets":154,"Shuriken":357,"infinitespire:Broken Mirror":357,"Bird Faced Urn":274,"Snecko Eye":229,"Pandora\u0027s Box":65,"Molten Egg 2":122,"CultistMask":109,"Black Star":307,"infinitespire:PuzzleCube":216,"ReplayFunnel":297,"Carrot":34,"Regal Pillow":184,"Lantern":312,"Blue Doll":167,"Bag of Preparation":124,"Incense Burner":131,"Smiling Mask":117,"Ancient Tea Set":165,"Cursed Key":338,"Pet Ghost":260,"Dream Catcher":254,"Nunchaku":357,"Matryoshka":154,"Shovel":173,"Mummified Hand":143,"Replay:Bottled Snecko":117,"Guardian:BottledAnomaly":196,"Replay:Antivirus Software":300,"Cracked Core":0,"BargainBundle":266,"Lee\u0027s Waffle":274,"ReplayTheSpireMod:Ninjato":93,"NeowsBlessing":0,"The Courier":222,"PreservedInsect":258,"Omamori":274,"infinitespire:CheckeredPen":307,"Orichalcum":268,"Replay:Arrowhead":34,"White Beast Statue":150,"infinitespire:Satchel":30,"ChewingGum":310,"Coffee Dripper":193,"Snack Pack":205,"Garlic":260,"Membership Card":274,"ReplayTheSpireMod:Lightbulb":329,"Toy Ornithopter":154,"FossilizedHelix":167,"ReplayTheSpireMod:ShopPack":124,"infinitespire:Freezer":254}]},"card_choices":[{"not_picked":["Turbo","Coolheaded"],"picked":"Storm","floor":1.0},{"not_picked":["Barrage","Stack"],"picked":"Hologram","floor":3.0},{"not_picked":["Leap","Hologram"],"picked":"Defragment","floor":4.0},{"not_picked":["Go for the Eyes","Rip and Tear","ReplaySolidLightProjector"],"picked":"SKIP","floor":5.0},{"not_picked":["Streamline","Steam Power","Auto Shields"],"picked":"SKIP","floor":7.0},{"not_picked":["Conserve Battery","Compile Driver"],"picked":"Biased Cognition","floor":8.0},{"not_picked":["Conserve Battery","Compile Driver"],"picked":"Coolheaded","floor":10.0},{"not_picked":["ReplayTheSpireMod:Reroute Power+1","Reprogram+1"],"picked":"Redo+1","floor":11.0},{"not_picked":["Hologram+1","Barrage"],"picked":"Heatsinks","floor":13.0},{"not_picked":["Rebound","ReplaySolidLightProjector+1"],"picked":"Hologram+1","floor":13.0},{"not_picked":["Capacitor","Rip and Tear"],"picked":"Defragment","floor":14.0},{"not_picked":["Meteor Strike","Biased Cognition"],"picked":"Amplify+1","floor":16.0},{"not_picked":["Sweeping Beam","Rebound+1","Scrape"],"picked":"SKIP","floor":18.0},{"not_picked":["Barrage","Steam+1","Gash"],"picked":"SKIP","floor":20.0},{"not_picked":["ReplayTheSpireMod:Repulse+1","Self Repair"],"picked":"Hello World","floor":21.0},{"not_picked":["Beam Cell","Turbo+1","Compile Driver"],"picked":"SKIP","floor":23.0},{"not_picked":["Compile Driver","ReplaySolidLightProjector+1"],"picked":"Sunder+1","floor":25.0},{"not_picked":["Barrage","BootSequence+1","Turbo+1"],"picked":"Ball Lightning+1","floor":29.0},{"not_picked":["Redo+1","Sweeping Beam","Stack+1"],"picked":"Loop","floor":30.0},{"not_picked":["Sweeping Beam","Streamline","Ball Lightning","ReplayTheSpireMod:Reroute Power+1"],"picked":"SKIP","floor":31.0},{"not_picked":["Thunder Strike","Electrodynamics","Machine Learning"],"picked":"Creative AI","floor":33.0},{"not_picked":["Go for the Eyes","Stack+1","Cold Snap"],"picked":"ReplayTheSpireMod:Calculation Training+1","floor":35.0},{"not_picked":["Lockon","Hologram+1","Turbo+1"],"picked":"Genetic Algorithm+1","floor":36.0},{"not_picked":["BasicCrystalCard+1","Panic Button+1","Cold Snap+1"],"picked":"Hologram+1","floor":39.0},{"not_picked":["BasicCrystalCard+1","BootSequence+1","Recycle+1"],"picked":"Redo+1","floor":40.0},{"not_picked":["infinitespire:DeathsTouch","infinitespire:Gouge"],"picked":"ReplayTheSpireMod:Echoes of Time","floor":41.0},{"not_picked":["Darkness+1","ReplayTheSpireMod:System Scan+1","ReplayTheSpireMod:Reroute Power+1"],"picked":"Capacitor+1","floor":44},{"not_picked":["ReplayTheSpireMod:Calculation Training+1","Ball Lightning+1","Cold Snap+1"],"picked":"Crystallizer","floor":45},{"not_picked":["Doom and Gloom+1","Reinforced Body+1","Rebound+1"],"picked":"Genetic Algorithm+1","floor":47},{"not_picked":["Melter","Scrape+1","Barrage+1"],"picked":"Defragment+1","floor":48},{"not_picked":["Beam Cell+1","Cold Snap+1","Conserve Battery+1","Leap+1"],"picked":"SKIP","floor":54}],"player_experience":921409,"relics_obtained":[{"floor":7.0,"key":"ReplayFunnel"},{"floor":9.0,"key":"Replay:Antivirus Software"},{"floor":11.0,"key":"Toxic Egg 2"},{"floor":13.0,"key":"Dream Catcher"},{"floor":23.0,"key":"infinitespire:Beetle Shell"},{"floor":23.0,"key":"Garlic"},{"floor":25.0,"key":"Letter Opener"},{"floor":25.0,"key":"Question Card"},{"floor":26.0,"key":"Gremlin Horn"},{"floor":30.0,"key":"infinitespire:Freezer"},{"floor":30.0,"key":"ReplayTheSpireMod:Lightbulb"},{"floor":40.0,"key":"Ancient Tea Set"},{"floor":40.0,"key":"Du-Vu Doll"},{"floor":45,"key":"Shuriken"},{"floor":45,"key":"Nunchaku"},{"floor":47,"key":"Dead Branch"},{"floor":47,"key":"Vajra"},{"floor":54,"key":"Happy Flower"},{"floor":54,"key":"War Paint"}],"event_choices":[{"cards_removed":["Skim"],"damage_healed":0.0,"max_hp_gain":0.0,"max_hp_loss":0.0,"gold_gain":0.0,"event_name":"NoteForYourself","player_choice":"Took Card","floor":2.0,"gold_loss":0.0,"damage_taken":0.0,"cards_obtained":["Skim"]},{"damage_healed":0.0,"max_hp_gain":0.0,"max_hp_loss":0.0,"gold_gain":0.0,"event_name":"Addict","player_choice":"Obtained Relic","floor":19.0,"gold_loss":85.0,"damage_taken":0.0,"relics_obtained":["Lantern"]},{"damage_healed":0.0,"max_hp_gain":0.0,"max_hp_loss":0.0,"gold_gain":0.0,"event_name":"Ghosts","player_choice":"Ignored","floor":22.0,"gold_loss":0.0,"damage_taken":0.0},{"cards_removed":["Strike_B"],"damage_healed":0.0,"max_hp_gain":0.0,"max_hp_loss":0.0,"gold_gain":0.0,"event_name":"Purifier","player_choice":"Purged","floor":27.0,"gold_loss":0.0,"damage_taken":0.0}],"is_beta":false,"boss_relics":[{"not_picked":["Replay:Bronze Core","Velvet Choker"],"picked":"ChewingGum"},{"not_picked":["Painkiller Herb","Tiny House"],"picked":"Cursed Key"}],"items_purged_floors":[28,46],"is_endless":false,"potions_floor_spawned":[4,5,8,10,21,25,31,33,36,44,45],"ascension_level":10}}