{"host":"91n1pc4te07j54gv","time":1607613032,"event":{"gold_per_floor":[112,112,82,82,98,123,123,150,150,177,177,29,43,59,59,156,156,171,171,188,188,188,205,130,130,165,165,165,165,165,176,208,225,225,329,329,340,353,353,353,371,396,696,753,753,836,476,517,517,569,569,569,569,569,51,83,83],"floor_reached":58,"playtime":4482,"items_purged":["Strike_B","Defend_B","Defend_B","Zap"],"score":2375,"play_id":"54829f4b-3499-4c31-9752-4624e395ee88","local_time":"20201210231032","is_ascension_mode":true,"campfire_choices":[{"floor":7.0,"key":"REST"},{"floor":15.0,"key":"DIG"},{"data":"Consume","floor":25.0,"key":"SMITH"},{"data":"Loop","floor":27.0,"key":"SMITH"},{"floor":29.0,"key":"RECALL"},{"floor":34.0,"key":"DIG"},{"data":"Recycle","floor":49,"key":"SMITH"},{"data":"Chill","floor":54,"key":"SMITH"}],"neow_cost":"","seed_source_timestamp":90547007700884,"circlet_count":0,"master_deck":["AscendersBane","Strike_B+1","Strike_B+1","Defend_B+1","Dualcast","Storm","Chill+1","FIFO Queue","Coolheaded","ReplayTheSpireMod:GoodbyeWorld","ReplayTheSpireMod:Brewmster","Cold Snap","Consume","Recycle","Stack","Consume+1","FIFO Queue","Self Repair","Machine Learning","FIFO Queue","BasicCrystalCard+1","Heatsinks","Loop+1","Tempest+1","Redo+1","Mirror Shield","Reboot","Recycle+1","Static Discharge+1","Recycle+1","Hologram","ReplayTheSpireMod:Book of Names","Self Repair","Defragment+1","Coolheaded+1","Ball Lightning","ReplayTheSpireMod:Brewmster+1","Loop+1","ReplayUltimateDefense+1","Panic Button","Replay:BasicMightCard+1","Turbo","Turbo","Sweeping Beam","Rebound","Capacitor+1"],"special_seed":0,"relics":["Cracked Core","FossilizedHelix","Pocketwatch","Replay:Frozen Program","Replay:Towering Pillar of Hats","Orrery","Tiny Chest","Iron Hammer","Garlic","Bottled Lightning","Thread and Needle","Meat on the Bone","Replay:Bottled Snecko","Gremlin Horn","Ring of Chaos","infinitespire:FocusingShard","Mirror","Simple Rune","Whetstone","Lantern","ChewingGum","Membership Card","Ice Cream","infinitespire:EvilPickle","Chameleon Ring","infinitespire:Freezer","Frozen Egg 2","TheAbacus","Membership Card","Replay:Ringing Soul","Unceasing Top","Nunchaku","ClockworkSouvenir","ReplayTheSpireMod:Ninjato","infinitespire:Magic Flask"],"potions_floor_usage":[42,42,44,46,46,46,46,47,50,52,52,52,52,52,56,56,56,57,57,57],"damage_taken":[{"damage":0.0,"enemies":"Jaw Worm","floor":1.0,"turns":4.0},{"damage":0.0,"enemies":"2 Louse","floor":5.0,"turns":3.0},{"damage":0.0,"enemies":"3 Sentries","floor":6.0,"turns":6.0},{"damage":0.0,"enemies":"Replay:BlueRogue","floor":8.0,"turns":7.0},{"damage":0.0,"enemies":"Nightmare","floor":10.0,"turns":7.0},{"damage":0.0,"enemies":"Small Slimes","floor":13.0,"turns":3.0},{"damage":0.0,"enemies":"2 Fungi Beasts","floor":14.0,"turns":4.0},{"damage":0.0,"enemies":"The Guardian","floor":16.0,"turns":8.0},{"damage":0.0,"enemies":"Shell Parasite","floor":18.0,"turns":4.0},{"damage":0.0,"enemies":"3 Byrds","floor":20.0,"turns":5.0},{"damage":0.0,"enemies":"Centurion and Healer","floor":23.0,"turns":7.0},{"damage":39.0,"enemies":"Slavers","floor":26.0,"turns":7.0},{"damage":19.0,"enemies":"3 Cultists","floor":31.0,"turns":5.0},{"damage":2.0,"enemies":"Book of Stabbing","floor":32.0,"turns":5.0},{"damage":15.0,"enemies":"Cultist and Chosen","floor":33.0,"turns":6.0},{"damage":23.0,"enemies":"Pondfish","floor":35.0,"turns":9.0},{"damage":0.0,"enemies":"3 Shapes","floor":37.0,"turns":4.0},{"damage":0.0,"enemies":"Orb Walker","floor":38.0,"turns":4.0},{"damage":0,"enemies":"Writhing Mass","floor":41,"turns":5},{"damage":39,"enemies":"R_Hoarder","floor":42,"turns":7},{"damage":0,"enemies":"Spire Growth","floor":44,"turns":5},{"damage":19,"enemies":"Nightmare_Alpha","floor":46,"turns":9},{"damage":0,"enemies":"Maw","floor":48,"turns":6},{"damage":8,"enemies":"4 Shapes","floor":50,"turns":4},{"damage":58,"enemies":"Donu and Deca","floor":52,"turns":7},{"damage":10,"enemies":"Shield and Spear","floor":56,"turns":6},{"damage":60,"enemies":"The Heart","floor":57,"turns":7}],"seed_played":"-3060323230117595166","potions_obtained":[{"floor":1.0,"key":"Venom Potion"},{"floor":8.0,"key":"SkillPotion"},{"floor":13.0,"key":"FairyPotion"},{"floor":20.0,"key":"Regen Potion"},{"floor":26.0,"key":"Fire Potion"},{"floor":37.0,"key":"hexamod:EctoCoolerPotion"},{"floor":41,"key":"Flashbang"},{"floor":42,"key":"Guardian:BlockOnCardUsePotion"},{"floor":48,"key":"ColorlessPotion"},{"floor":50,"key":"Explosive Potion"}],"is_trial":false,"path_per_floor":["M","?","?","?","M","E","R","E","T","NM","T","$","M","M","R","B",null,"M","?","M","PTL","PTL","M","?","R","E","R","T","R","T","M","E","M","R","B",null,"M","M","?","AVR","M","E","?","M","T","NM","$","M","R","M","R","B",null,"R","$","E","B",null],"character_chosen":"DEFECT","items_purchased":["FossilizedHelix","Replay:Frozen Program","Orrery","Tiny Chest","Iron Hammer","ReplayTheSpireMod:Brewmster","Cold Snap","Elixir","FIFO Queue","Frozen Egg 2","Defragment+1","Coolheaded+1","TheAbacus","Fruit Juice","Membership Card","Replay:Ringing Soul","Unceasing Top","Nunchaku","Loop+1","ReplayUltimateDefense+1","ClockworkSouvenir","ReplayTheSpireMod:Ninjato","Panic Button","Replay:BasicMightCard+1","Turbo","Sweeping Beam","Rebound"],"campfire_rested":1,"item_purchase_floors":[0,0,0,0,0,0,0,0,12,47,47,47,47,47,55,55,55,55,55,55,55,55,55,55,55,55,55],"current_hp_per_floor":[21,14,14,2,2,2,24,24,24,36,36,36,48,58,58,58,71,71,71,75,75,75,75,75,75,55,55,55,55,55,55,60,55,55,44,67,75,75,71,71,71,44,44,51,51,44,51,58,58,67,67,41,69,69,72,82,48],"gold":83,"neow_bonus":"","is_prod":false,"is_daily":false,"chose_seed":false,"campfire_upgraded":4,"win_rate":0,"timestamp":1607613032,"path_taken":["M","?","?","?","M","E","R","E","T","NM","?","?","M","M","R","BOSS","M","?","M","PTL","PTL","M","?","R","E","R","T","R","?","M","E","M","R","BOSS","M","M","?","AVR","M","E","?","M","T","NM","$","M","R","M","R","BOSS","R","$","E","BOSS"],"build_version":"2020-11-30","purchased_purges":4,"victory":true,"max_hp_per_floor":[75,75,75,75,75,75,75,75,75,75,75,75,75,75,75,75,75,75,75,75,75,75,75,75,75,75,75,75,75,75,75,75,75,75,75,75,75,75,71,71,71,71,71,71,71,71,78,78,78,78,78,78,78,78,81,84,84],"relic_stats":{"Nunchaku":[0],"TheAbacus":[48],"Gremlin Horn":[23,23],"counters":[118,527],"Tiny Chest":2,"Whetstone":["Strike_B","Strike_B"],"obtain_stats":[{"Replay:Accelerometer":0,"Whetstone":32,"Bottled Tornado":39,"Boot":42,"Blood Vial":44,"Replay:Ringing Soul":55,"Replay:Wax Seal":43,"Blue Candle":30,"Replay:Ancient Bell":34,"infinitespire:Magic Flask":56,"Cables":0,"infinitespire:EvilPickle":43,"infinitespire:Broken Mirror":46,"Bird Faced Urn":0,"Snecko Eye":34,"Pandora\u0027s Box":17,"CultistMask":31,"infinitespire:PuzzleCube":28,"Unceasing Top":55,"Carrot":8,"Regal Pillow":15,"Lantern":19,"Blue Doll":9,"Bag of Preparation":39,"Smiling Mask":34,"Ancient Tea Set":6,"Cursed Key":34,"Pet Ghost":49,"Matryoshka":0,"Shovel":11,"Guardian:BottledAnomaly":19,"Lee\u0027s Waffle":0,"NeowsBlessing":0,"Thread and Needle":8,"The Courier":32,"PreservedInsect":43,"Omamori":0,"infinitespire:CheckeredPen":12,"Frozen Egg 2":47,"Replay:Arrowhead":9,"Orrery":0,"Garlic":47,"Bottled Lightning":6,"ReplayTheSpireMod:Lightbulb":30,"Toy Ornithopter":0,"infinitespire:Freezer":41,"Ice Cream":0,"Divine Protection":13,"Gremlin Horn":52,"Vajra":47,"Centennial Puzzle":25,"Lizard Tail":0,"infinitespire:SolderingIron":28,"Replay:Frozen Program":0,"Prayer Wheel":18,"Iron Hammer":0,"Toxic Egg 2":23,"Happy Flower":13,"Dead Branch":34,"infinitespire:Beetle Shell":23,"Ring of Chaos":17,"Replay:Kaleidoscope":0,"Letter Opener":25,"War Paint":54,"Question Card":25,"Du-Vu Doll":40,"OrangePellets":0,"Shuriken":45,"Molten Egg 2":36,"Simple Rune":30,"Black Star":12,"Mirror":28,"Pocketwatch":0,"Meat on the Bone":9,"ReplayFunnel":7,"Incense Burner":41,"ClockworkSouvenir":55,"Dream Catcher":40,"Nunchaku":45,"Chameleon Ring":45,"TheAbacus":47,"Mummified Hand":48,"Tiny Chest":0,"Replay:Bottled Snecko":34,"Replay:Antivirus Software":9,"Cracked Core":0,"BargainBundle":53,"ReplayTheSpireMod:Ninjato":23,"Replay:Towering Pillar of Hats":0,"infinitespire:FocusingShard":26,"Orichalcum":54,"White Beast Statue":54,"infinitespire:Satchel":6,"ChewingGum":17,"Coffee Dripper":17,"Snack Pack":26,"Membership Card":0,"FossilizedHelix":9,"ReplayTheSpireMod:ShopPack":39},{"Replay:Accelerometer":32,"Whetstone":105,"Bottled Tornado":24,"Boot":57,"Blood Vial":27,"Replay:Ringing Soul":116,"Replay:Wax Seal":26,"Blue Candle":21,"Replay:Ancient Bell":22,"infinitespire:Magic Flask":117,"Cables":32,"infinitespire:EvilPickle":111,"infinitespire:Broken Mirror":86,"Bird Faced Urn":61,"Snecko Eye":51,"Pandora\u0027s Box":12,"CultistMask":21,"infinitespire:PuzzleCube":48,"Unceasing Top":116,"Carrot":7,"Regal Pillow":41,"Lantern":72,"Blue Doll":37,"Bag of Preparation":24,"Smiling Mask":22,"Ancient Tea Set":36,"Cursed Key":80,"Pet Ghost":58,"Matryoshka":32,"Shovel":38,"Guardian:BottledAnomaly":43,"Lee\u0027s Waffle":61,"NeowsBlessing":0,"Thread and Needle":95,"The Courier":50,"PreservedInsect":57,"Omamori":61,"infinitespire:CheckeredPen":69,"Frozen Egg 2":113,"Replay:Arrowhead":7,"Orrery":91,"Garlic":58,"Bottled Lightning":94,"ReplayTheSpireMod:Lightbulb":78,"Toy Ornithopter":32,"infinitespire:Freezer":56,"Ice Cream":61,"Divine Protection":40,"Gremlin Horn":59,"Vajra":87,"Centennial Puzzle":46,"Lizard Tail":61,"infinitespire:SolderingIron":76,"Replay:Frozen Program":91,"Prayer Wheel":13,"Iron Hammer":91,"Toxic Egg 2":45,"Happy Flower":10,"Dead Branch":22,"infinitespire:Beetle Shell":75,"Ring of Chaos":99,"Replay:Kaleidoscope":32,"Letter Opener":76,"War Paint":90,"Question Card":76,"Du-Vu Doll":84,"OrangePellets":32,"Shuriken":86,"Molten Egg 2":23,"Simple Rune":103,"Black Star":69,"Mirror":103,"Pocketwatch":91,"Meat on the Bone":95,"ReplayFunnel":66,"Incense Burner":25,"ClockworkSouvenir":116,"Dream Catcher":56,"Nunchaku":86,"Chameleon Ring":112,"TheAbacus":113,"Mummified Hand":29,"Tiny Chest":91,"Replay:Bottled Snecko":22,"Replay:Antivirus Software":67,"Cracked Core":0,"BargainBundle":59,"ReplayTheSpireMod:Ninjato":17,"Replay:Towering Pillar of Hats":91,"infinitespire:FocusingShard":103,"Orichalcum":60,"White Beast Statue":31,"infinitespire:Satchel":6,"ChewingGum":71,"Coffee Dripper":42,"Snack Pack":46,"Membership Card":61,"FossilizedHelix":37,"ReplayTheSpireMod:ShopPack":24},{"Replay:Accelerometer":154,"Whetstone":448,"Bottled Tornado":124,"Boot":258,"Blood Vial":137,"Replay:Ringing Soul":514,"Replay:Wax Seal":132,"Blue Candle":109,"Replay:Ancient Bell":117,"infinitespire:Magic Flask":520,"Cables":154,"infinitespire:EvilPickle":483,"infinitespire:Broken Mirror":357,"Bird Faced Urn":274,"Snecko Eye":229,"Pandora\u0027s Box":65,"CultistMask":109,"infinitespire:PuzzleCube":216,"Unceasing Top":514,"Carrot":34,"Regal Pillow":184,"Lantern":312,"Blue Doll":167,"Bag of Preparation":124,"Smiling Mask":117,"Ancient Tea Set":165,"Cursed Key":338,"Pet Ghost":260,"Matryoshka":154,"Shovel":173,"Guardian:BottledAnomaly":196,"Lee\u0027s Waffle":274,"NeowsBlessing":0,"Thread and Needle":393,"The Courier":222,"PreservedInsect":258,"Omamori":274,"infinitespire:CheckeredPen":307,"Frozen Egg 2":497,"Replay:Arrowhead":34,"Orrery":373,"Garlic":260,"Bottled Lightning":386,"ReplayTheSpireMod:Lightbulb":329,"Toy Ornithopter":154,"infinitespire:Freezer":254,"Ice Cream":274,"Divine Protection":181,"Gremlin Horn":266,"Vajra":360,"Centennial Puzzle":205,"Lizard Tail":274,"infinitespire:SolderingIron":326,"Replay:Frozen Program":373,"Prayer Wheel":68,"Iron Hammer":373,"Toxic Egg 2":202,"Happy Flower":49,"Dead Branch":117,"infinitespire:Beetle Shell":323,"Ring of Chaos":415,"Replay:Kaleidoscope":154,"Letter Opener":326,"War Paint":368,"Question Card":326,"Du-Vu Doll":349,"OrangePellets":154,"Shuriken":357,"Molten Egg 2":122,"Simple Rune":438,"Black Star":307,"Mirror":438,"Pocketwatch":373,"Meat on the Bone":393,"ReplayFunnel":297,"Incense Burner":131,"ClockworkSouvenir":514,"Dream Catcher":254,"Nunchaku":357,"Chameleon Ring":488,"TheAbacus":497,"Mummified Hand":143,"Tiny Chest":373,"Replay:Bottled Snecko":117,"Replay:Antivirus Software":300,"Cracked Core":0,"BargainBundle":266,"ReplayTheSpireMod:Ninjato":93,"Replay:Towering Pillar of Hats":373,"infinitespire:FocusingShard":438,"Orichalcum":268,"White Beast Statue":150,"infinitespire:Satchel":30,"ChewingGum":310,"Coffee Dripper":193,"Snack Pack":205,"Membership Card":274,"FossilizedHelix":167,"ReplayTheSpireMod:ShopPack":124}],"Unceasing Top":[1],"Pocketwatch":[170],"Meat on the Bone":96},"card_choices":[{"not_picked":["Panic Button","Redo"],"picked":"Storm","floor":0.0},{"not_picked":["Cold Snap","ReplayTheSpireMod:System Scan"],"picked":"Chill","floor":0.0},{"not_picked":["Streamline","Panic Button"],"picked":"FIFO Queue","floor":0.0},{"not_picked":["Redo","Cold Snap"],"picked":"Coolheaded","floor":0.0},{"not_picked":["Conserve Battery","Steam"],"picked":"ReplayTheSpireMod:GoodbyeWorld","floor":0.0},{"not_picked":["Aggregate","Panic Button"],"picked":"Consume","floor":1.0},{"not_picked":["Steam Power","ReplayTheSpireMod:Omega Cannon"],"picked":"Recycle","floor":5.0},{"not_picked":["Conserve Battery","Compile Driver","Gash"],"picked":"SKIP","floor":6.0},{"not_picked":["Reinforced Body","Lockon"],"picked":"Stack","floor":8.0},{"not_picked":["Time Bomb","Compile Driver"],"picked":"Consume","floor":10.0},{"not_picked":["Compile Driver","Steam"],"picked":"Self Repair","floor":13.0},{"not_picked":["Chaos","ReplayTheSpireMod:Omega Cannon","Barrage"],"picked":"SKIP","floor":14.0},{"not_picked":["Rainbow","ReplayTheSpireMod:Omega Cannon"],"picked":"Machine Learning","floor":16.0},{"not_picked":["BasicCrystalCard+1","Conserve Battery"],"picked":"FIFO Queue","floor":18.0},{"not_picked":["Stack","Compile Driver"],"picked":"BasicCrystalCard+1","floor":20.0},{"not_picked":["Darkness","Steam Power"],"picked":"Heatsinks","floor":23.0},{"not_picked":["Sweeping Beam+1","Beam Cell"],"picked":"Loop","floor":26.0},{"not_picked":["Redo","Panic Button+1"],"picked":"Tempest+1","floor":31.0},{"not_picked":["Leap","Steam Power+1"],"picked":"Redo+1","floor":32.0},{"not_picked":["Conserve Battery","ReplayTheSpireMod:Repulse"],"picked":"Mirror Shield","floor":33.0},{"not_picked":["Biased Cognition","ReplayRNGCard"],"picked":"Reboot","floor":35.0},{"not_picked":["Steam","Redo"],"picked":"Recycle+1","floor":37.0},{"not_picked":["Gash","ReplaySolidLightProjector+1"],"picked":"Static Discharge+1","floor":38.0},{"not_picked":["Consume","Scrape+1"],"picked":"Recycle","floor":41},{"not_picked":["Barrage","Turbo"],"picked":"Hologram","floor":42},{"not_picked":["Barrage+1","Reinforced Body","Streamline+1"],"picked":"SKIP","floor":44},{"not_picked":["infinitespire:TheBestDefense","infinitespire:DeathsTouch"],"picked":"ReplayTheSpireMod:Book of Names","floor":46},{"not_picked":["Streamline","Beam Cell"],"picked":"Self Repair","floor":46},{"not_picked":["Auto Shields","Beam Cell","Gash"],"picked":"SKIP","floor":48},{"not_picked":["Conserve Battery","Steam+1"],"picked":"Ball Lightning","floor":50},{"not_picked":["Sunder+1","ReplayGash+1"],"picked":"Capacitor+1","floor":56}],"player_experience":924589,"relics_obtained":[{"floor":6.0,"key":"Bottled Lightning"},{"floor":8.0,"key":"Thread and Needle"},{"floor":9.0,"key":"Meat on the Bone"},{"floor":10.0,"key":"Replay:Bottled Snecko"},{"floor":15.0,"key":"Gremlin Horn"},{"floor":26.0,"key":"infinitespire:FocusingShard"},{"floor":28.0,"key":"Mirror"},{"floor":30.0,"key":"Simple Rune"},{"floor":32.0,"key":"Whetstone"},{"floor":34.0,"key":"Lantern"},{"floor":42,"key":"Ice Cream"},{"floor":45,"key":"Chameleon Ring"},{"floor":46,"key":"infinitespire:Freezer"},{"floor":56,"key":"infinitespire:Magic Flask"}],"event_choices":[{"cards_removed":["Strike_B"],"damage_healed":0.0,"max_hp_gain":0.0,"max_hp_loss":0.0,"gold_gain":0.0,"event_name":"Golden Wing","player_choice":"Card Removal","floor":2.0,"gold_loss":0.0,"damage_taken":7.0},{"damage_healed":0.0,"max_hp_gain":0.0,"max_hp_loss":0.0,"gold_gain":0.0,"event_name":"World of Goop","player_choice":"Left Gold","floor":3.0,"gold_loss":30.0,"damage_taken":0.0},{"damage_healed":0.0,"max_hp_gain":0.0,"max_hp_loss":0.0,"gold_gain":0.0,"event_name":"Scrap Ooze","player_choice":"Success","floor":4.0,"gold_loss":0.0,"damage_taken":12.0,"relics_obtained":["Garlic"]},{"damage_healed":0.0,"max_hp_gain":0.0,"max_hp_loss":0.0,"gold_gain":0.0,"event_name":"Vampires","player_choice":"Ignored","floor":19.0,"gold_loss":0.0,"damage_taken":0.0},{"cards_removed":["Defend_B"],"damage_healed":0.0,"max_hp_gain":0.0,"max_hp_loss":0.0,"gold_gain":0.0,"event_name":"Beggar","player_choice":"Gave Gold","floor":24.0,"gold_loss":75.0,"damage_taken":0.0},{"damage_healed":0.0,"max_hp_gain":0.0,"max_hp_loss":4.0,"gold_gain":0.0,"event_name":"Winding Halls","player_choice":"Max HP","floor":39.0,"gold_loss":0.0,"damage_taken":0.0},{"damage_healed":0,"gold_gain":300,"player_choice":"Gold","damage_taken":0,"max_hp_gain":0,"max_hp_loss":0,"event_name":"Wheel of Change","floor":43,"gold_loss":0},{"damage_healed":0,"gold_gain":0,"player_choice":"Copied","damage_taken":0,"max_hp_gain":0,"max_hp_loss":0,"event_name":"Duplicator","floor":51,"gold_loss":0,"cards_obtained":["ReplayTheSpireMod:Brewmster"]}],"is_beta":false,"boss_relics":[{"not_picked":["ReplayTheSpireMod:DimensionalGlitch","infinitespire:Cupcake"],"picked":"Ring of Chaos"},{"not_picked":["Snecko Eye","Replay:Drink Me"],"picked":"ChewingGum"}],"items_purged_floors":[12,47,55,55],"is_endless":false,"potions_floor_spawned":[1,8,13,16,20,26,33,37,41,42,48,50],"ascension_level":10}}