{"host":"zkqorkqsr6o67e8b","time":1607567693,"event":{"gold_per_floor":[111,111,127,144,154,154,185,196,196,225,242,268,193,253,253,324,324,340,340,356,27,45,75,75,75,100,125,177,177,77,107,107,185,185,201,215,215,229,251,290,290,327,351,368,401,422,459,475,475,480,480,480,23,55,55],"floor_reached":56,"playtime":2976,"items_purged":["alterego_mod:Impale","alterego_mod:Strike","alterego_mod:Defend"],"score":2330,"play_id":"779704e0-f30b-4db6-ae32-9700151abd3e","local_time":"20201210103453","is_ascension_mode":true,"campfire_choices":[{"data":"alterego_mod:TrashNCrash","floor":6.0,"key":"SMITH"},{"data":"alterego_mod:BrynhildrsRune","floor":15.0,"key":"SMITH"},{"data":"alterego_mod:AlterEgo","floor":25.0,"key":"SMITH"},{"data":"alterego_mod:ClassAdvantage","floor":32.0,"key":"SMITH"},{"data":"alterego_mod:Venus","floor":41.0,"key":"SMITH"},{"floor":49.0,"key":"RECALL"},{"data":"alterego_mod:SakuraFive","floor":52.0,"key":"SMITH"}],"neow_cost":"NONE","seed_source_timestamp":4336670201500,"circlet_count":0,"master_deck":["AscendersBane","alterego_mod:Strike","alterego_mod:Strike+1","alterego_mod:Defend","alterego_mod:Defend","alterego_mod:Defend","alterego_mod:BrynhildrsRune+1","Panache","alterego_mod:SakuraFive+1","alterego_mod:TrashNCrash+1","alterego_mod:BeGentle","alterego_mod:Cushion+1","alterego_mod:Pet+1","alterego_mod:AlterEgo+1","alterego_mod:TrashNCrash+1","alterego_mod:ClassAdvantage+1","alterego_mod:GoddessCore+1","alterego_mod:Cooking+1","alterego_mod:Venus+1","alterego_mod:Pet+1"],"special_seed":0,"relics":["alterego_mod:MasochisticConstitution","Lantern","Toxic Egg 2","Question Card","TungstenRod","Coffee Dripper","Nloth\u0027s Gift","CaptainsWheel","InkBottle","Dream Catcher","Whetstone","Potion Belt","Bottled Tornado","Black Star","Blue Candle","Pantograph","Regal Pillow","Vajra","Ancient Tea Set","Centennial Puzzle","Omamori","Singing Bowl","Anchor","Toolbox","Boot","Pear"],"potions_floor_usage":[55],"damage_taken":[{"damage":7.0,"enemies":"Jaw Worm","floor":1.0,"turns":6.0},{"damage":0.0,"enemies":"Cultist","floor":3.0,"turns":3.0},{"damage":10.0,"enemies":"Small Slimes","floor":4.0,"turns":5.0},{"damage":16.0,"enemies":"Looter","floor":5.0,"turns":3.0},{"damage":0.0,"enemies":"Lagavulin","floor":7.0,"turns":5.0},{"damage":6.0,"enemies":"Exordium Thugs","floor":8.0,"turns":4.0},{"damage":4.0,"enemies":"Gremlin Nob","floor":10.0,"turns":4.0},{"damage":22.0,"enemies":"3 Louse","floor":11.0,"turns":4.0},{"damage":12.0,"enemies":"3 Sentries","floor":12.0,"turns":9.0},{"damage":21.0,"enemies":"Lagavulin Event","floor":14.0,"turns":7.0},{"damage":24.0,"enemies":"Hexaghost","floor":16.0,"turns":12.0},{"damage":32.0,"enemies":"2 Thieves","floor":18.0,"turns":5.0},{"damage":2.0,"enemies":"3 Byrds","floor":20.0,"turns":5.0},{"damage":10.0,"enemies":"Shelled Parasite and Fungi","floor":22.0,"turns":5.0},{"damage":5.0,"enemies":"Book of Stabbing","floor":23.0,"turns":9.0},{"damage":8.0,"enemies":"Gremlin Leader","floor":27.0,"turns":7.0},{"damage":18.0,"enemies":"Book of Stabbing","floor":31.0,"turns":8.0},{"damage":12.0,"enemies":"Automaton","floor":33.0,"turns":8.0},{"damage":20.0,"enemies":"3 Shapes","floor":35.0,"turns":8.0},{"damage":0.0,"enemies":"Orb Walker","floor":36.0,"turns":5.0},{"damage":10.0,"enemies":"Sphere and 2 Shapes","floor":38.0,"turns":5.0},{"damage":7.0,"enemies":"4 Shapes","floor":39.0,"turns":9.0},{"damage":16.0,"enemies":"Giant Head","floor":40.0,"turns":7.0},{"damage":18.0,"enemies":"Nemesis","floor":42.0,"turns":8.0},{"damage":3.0,"enemies":"Writhing Mass","floor":44.0,"turns":5.0},{"damage":23.0,"enemies":"Reptomancer","floor":45.0,"turns":5.0},{"damage":17.0,"enemies":"Spire Growth","floor":46.0,"turns":3.0},{"damage":12.0,"enemies":"Giant Head","floor":47.0,"turns":5.0},{"damage":0.0,"enemies":"Transient","floor":48.0,"turns":5.0},{"damage":27.0,"enemies":"Time Eater","floor":50.0,"turns":2.0},{"damage":5.0,"enemies":"Shield and Spear","floor":54.0,"turns":5.0},{"damage":46,"enemies":"The Heart","floor":55,"turns":7}],"seed_played":"-8507352882066667009","potions_obtained":[{"floor":1.0,"key":"SneckoOil"},{"floor":5.0,"key":"AttackPotion"},{"floor":10.0,"key":"LiquidBronze"},{"floor":11.0,"key":"Dexterity Potion"},{"floor":12.0,"key":"Explosive Potion"},{"floor":16.0,"key":"PowerPotion"},{"floor":23.0,"key":"Block Potion"},{"floor":31.0,"key":"Energy Potion"},{"floor":38.0,"key":"FearPotion"},{"floor":42.0,"key":"SneckoOil"},{"floor":46.0,"key":"Dexterity Potion"},{"floor":47.0,"key":"Energy Potion"}],"is_trial":false,"path_per_floor":["M","?","M","M","M","R","E","M","T","E","M","E","$","?","R","B",null,"M","?","M","$","M","E","?","R","T","E","T","$","$","E","R","B",null,"M","M","?","M","M","E","R","E","T","M","E","M","E","M","R","B",null,"R","$","E","B",null],"character_chosen":"The_Alterego","items_purchased":["CaptainsWheel","Anchor","Toolbox"],"campfire_rested":0,"item_purchase_floors":[21,53,53],"current_hp_per_floor":[53,53,53,58,43,43,50,59,59,63,63,66,66,53,53,37,65,41,41,54,54,59,62,62,62,62,79,79,79,79,73,73,81,81,80,82,78,79,80,76,76,70,70,72,82,77,79,90,90,71,86,86,86,104,70],"gold":55,"neow_bonus":"ONE_RANDOM_RARE_CARD","is_prod":false,"is_daily":false,"chose_seed":false,"campfire_upgraded":6,"win_rate":0,"timestamp":1607567693,"path_taken":["M","?","?","M","M","R","E","M","T","E","M","E","$","?","R","BOSS","M","?","M","?","M","E","?","R","T","E","?","?","$","E","R","BOSS","M","M","?","M","M","E","R","E","T","M","E","M","E","M","R","BOSS","R","$","E","BOSS"],"build_version":"2020-11-30","purchased_purges":3,"victory":true,"max_hp_per_floor":[66,66,66,67,68,68,68,69,69,70,71,72,72,73,73,74,74,75,75,76,76,77,78,78,78,78,79,79,79,79,80,80,81,81,82,82,78,79,80,81,81,82,82,83,84,85,88,90,90,91,91,91,91,104,105],"card_choices":[{"not_picked":["alterego_mod:Undulate","alterego_mod:Valentines","alterego_mod:Maid"],"picked":"SKIP","floor":1.0},{"not_picked":["alterego_mod:Birthday","alterego_mod:Cycle"],"picked":"alterego_mod:TrashNCrash","floor":3.0},{"not_picked":["alterego_mod:Smother","alterego_mod:DestructionOfProperty","alterego_mod:Santa"],"picked":"SKIP","floor":4.0},{"not_picked":["alterego_mod:GoddessCore","alterego_mod:Mirror"],"picked":"alterego_mod:BeGentle","floor":5.0},{"not_picked":["alterego_mod:DeftHands","alterego_mod:Cooking","alterego_mod:RocketPunch"],"picked":"SKIP","floor":7.0},{"not_picked":["alterego_mod:Undulate","alterego_mod:Rip","alterego_mod:PurpleHair"],"picked":"SKIP","floor":8.0},{"not_picked":["alterego_mod:Schoolgirl+1","alterego_mod:DestructionOfProperty+1"],"picked":"alterego_mod:Cushion+1","floor":10.0},{"not_picked":["alterego_mod:Swimsuit","alterego_mod:BusterCard"],"picked":"alterego_mod:Pet+1","floor":11.0},{"not_picked":["alterego_mod:Cooking+1","alterego_mod:SideboobHour"],"picked":"alterego_mod:AlterEgo","floor":12.0},{"not_picked":["alterego_mod:DiscoLights","alterego_mod:Rip","alterego_mod:DeftHands"],"picked":"alterego_mod:TrashNCrash+1","floor":14.0},{"not_picked":["alterego_mod:Antipathy+1","alterego_mod:PainIsPleasure","alterego_mod:Rake"],"picked":"alterego_mod:ClassAdvantage","floor":16.0},{"not_picked":["alterego_mod:Support","alterego_mod:HighServant+1","alterego_mod:BreastValley+1","alterego_mod:Valentines+1"],"picked":"SKIP","floor":18.0},{"not_picked":["alterego_mod:Rip","alterego_mod:RocketPunch","alterego_mod:PurpleHair+1","alterego_mod:Cycle+1"],"picked":"SKIP","floor":20.0},{"not_picked":["alterego_mod:RocketPunch","alterego_mod:BiFurious+1","alterego_mod:DiscoLights","alterego_mod:Stockings"],"picked":"SKIP","floor":22.0},{"not_picked":["alterego_mod:DustData","alterego_mod:Alter+1","alterego_mod:PurpleHair+1","alterego_mod:RocketPunch"],"picked":"SKIP","floor":23.0},{"not_picked":["alterego_mod:ChallengeComplete","alterego_mod:HighServant+1","alterego_mod:Belts","alterego_mod:Vow+1"],"picked":"SKIP","floor":27.0},{"not_picked":["alterego_mod:Lift","alterego_mod:RidiculouslyBig+1","alterego_mod:Nekomimi","alterego_mod:InsideBaseball"],"picked":"SKIP","floor":31.0},{"not_picked":["alterego_mod:Antipathy+1","alterego_mod:Rake","alterego_mod:InsideBaseball"],"picked":"alterego_mod:Venus","floor":33.0},{"not_picked":["alterego_mod:Santa+1","alterego_mod:Complex","alterego_mod:Cooking+1","alterego_mod:TrashNCrash+1"],"picked":"SKIP","floor":35.0},{"not_picked":["alterego_mod:SakuraPetals+1","alterego_mod:Undulate+1","alterego_mod:PerceptionDisorder"],"picked":"alterego_mod:Pet+1","floor":36.0},{"not_picked":["alterego_mod:Clap+1","alterego_mod:GoddessCore","alterego_mod:PerceptionDisorder"],"picked":"alterego_mod:Belle+1","floor":38.0},{"not_picked":["alterego_mod:Support","alterego_mod:Valentines+1","alterego_mod:Nekomimi","alterego_mod:DeftHands+1"],"picked":"SKIP","floor":39.0},{"not_picked":["alterego_mod:PerceptionDisorder+1","alterego_mod:Complex+1","alterego_mod:Bloomers+1","alterego_mod:BiFurious"],"picked":"SKIP","floor":40.0},{"not_picked":["alterego_mod:RingBreak","alterego_mod:Maid+1","alterego_mod:Bounce+1","alterego_mod:PerceptionDisorder"],"picked":"SKIP","floor":42.0},{"not_picked":["alterego_mod:RocketPunch+1","alterego_mod:Vow+1","alterego_mod:Lingerie","alterego_mod:MagicResistance+1"],"picked":"SKIP","floor":44.0},{"not_picked":["alterego_mod:MagicResistance+1","alterego_mod:Antipathy+1","alterego_mod:Cycle+1","alterego_mod:DeftHands"],"picked":"SKIP","floor":45.0},{"not_picked":["alterego_mod:BiFurious+1","alterego_mod:Nekomimi","alterego_mod:Collar+1","alterego_mod:Weigh"],"picked":"SKIP","floor":46.0},{"not_picked":["alterego_mod:STier+1","alterego_mod:Antipathy+1","alterego_mod:ClassAdvantage","alterego_mod:HighServant+1"],"picked":"Singing Bowl","floor":47.0},{"not_picked":["alterego_mod:1TonWallop","alterego_mod:Rip","alterego_mod:Bloomers+1","alterego_mod:BiFurious+1"],"picked":"Singing Bowl","floor":48.0},{"not_picked":["alterego_mod:BrynhildrRomantia","alterego_mod:DeftHands","alterego_mod:Pet+1","alterego_mod:VirginLaserPalladion"],"picked":"Singing Bowl","floor":54.0}],"player_experience":599453,"relics_obtained":[{"floor":7.0,"key":"Lantern"},{"floor":10.0,"key":"Toxic Egg 2"},{"floor":12.0,"key":"Question Card"},{"floor":14.0,"key":"TungstenRod"},{"floor":23.0,"key":"InkBottle"},{"floor":26.0,"key":"Dream Catcher"},{"floor":27.0,"key":"Whetstone"},{"floor":28.0,"key":"Potion Belt"},{"floor":31.0,"key":"Bottled Tornado"},{"floor":40.0,"key":"Blue Candle"},{"floor":42.0,"key":"Pantograph"},{"floor":42.0,"key":"Regal Pillow"},{"floor":43.0,"key":"Vajra"},{"floor":45.0,"key":"Ancient Tea Set"},{"floor":45.0,"key":"Centennial Puzzle"},{"floor":47.0,"key":"Omamori"},{"floor":47.0,"key":"Singing Bowl"},{"floor":54.0,"key":"Boot"},{"floor":54.0,"key":"Pear"}],"event_choices":[{"damage_healed":0.0,"max_hp_gain":0.0,"max_hp_loss":0.0,"gold_gain":0.0,"cards_transformed":["alterego_mod:Palingenesis"],"event_name":"Transmorgrifier","player_choice":"Transformed","floor":2.0,"gold_loss":0.0,"damage_taken":0.0,"cards_obtained":["alterego_mod:SakuraFive"]},{"damage_healed":0.0,"max_hp_gain":0.0,"max_hp_loss":0.0,"gold_gain":0.0,"event_name":"Dead Adventurer","player_choice":"Searched \u00272\u0027 times","floor":14.0,"gold_loss":0.0,"damage_taken":0.0},{"damage_healed":0.0,"max_hp_gain":0.0,"max_hp_loss":0.0,"gold_gain":0.0,"event_name":"N\u0027loth","player_choice":"Traded Relic","floor":19.0,"relics_lost":["REME_ComplimentaryCards"],"gold_loss":0.0,"damage_taken":0.0,"relics_obtained":["Nloth\u0027s Gift"]},{"damage_healed":0.0,"max_hp_gain":0.0,"max_hp_loss":0.0,"gold_gain":0.0,"cards_transformed":["alterego_mod:Strike","alterego_mod:BigMeatyClaws"],"event_name":"Drug Dealer","player_choice":"Became Test Subject","floor":24.0,"gold_loss":0.0,"damage_taken":0.0,"cards_obtained":["alterego_mod:GoddessCore","alterego_mod:Cooking"]},{"damage_healed":0.0,"max_hp_gain":0.0,"max_hp_loss":4.0,"gold_gain":0.0,"event_name":"Winding Halls","player_choice":"Max HP","floor":37.0,"gold_loss":0.0,"damage_taken":0.0}],"is_beta":false,"boss_relics":[{"not_picked":["Cursed Key","Pandora\u0027s Box"],"picked":"Coffee Dripper"},{"not_picked":["Tiny House","Velvet Choker"],"picked":"Black Star"}],"items_purged_floors":[13,30,53],"is_endless":false,"potions_floor_spawned":[1,5,10,11,12,16,23,31,38,42,44,46,47],"ascension_level":16}}