{"host":"usrgk25etjl0nf5i","time":1607572439,"event":{"gold_per_floor":[118,135,135,135,146,173,173,173,222,222,232,232,232,250,250,352,352,368,383,97,116,41,41,76,76,76,76,76],"floor_reached":27,"playtime":1637,"items_purged":[],"score":335,"play_id":"ccee40f0-77fe-4030-9864-a699245cf4d6","local_time":"20201209195359","is_ascension_mode":true,"campfire_choices":[{"floor":7,"key":"REST"},{"floor":10,"key":"REST"},{"data":"Zap","floor":12,"key":"SMITH"},{"data":"Hologram","floor":15,"key":"SMITH"},{"floor":23,"key":"REST"},{"floor":25,"key":"REST"}],"neow_cost":"NONE","seed_source_timestamp":2479892973847000,"circlet_count":0,"master_deck":["Strike_B","Defend_B","Defend_B","Defend_B","Zap+1","Dualcast","Go for the Eyes","Gash","Conserve Battery","Hologram+1","Go for the Eyes","Steam","FTL","Machine Learning","Auto Shields+1","Stack","Core Surge","Go for the Eyes","Consume"],"relics":["Cracked Core","Ancient Tea Set","hubris:SoftwareUpdate","Juzu Bracelet","sneckomod:SneckoTalon","Runic Capacitor","Smiling Mask","PreservedInsect"],"potions_floor_usage":[6,16],"damage_taken":[{"damage":6,"enemies":"2 Louse","floor":1,"turns":3},{"damage":7,"enemies":"Jaw Worm","floor":2,"turns":3},{"damage":1,"enemies":"Cultist","floor":5,"turns":3},{"damage":48,"enemies":"3 Sentries","floor":6,"turns":9},{"damage":2,"enemies":"Gremlin Gang","floor":11,"turns":5},{"damage":0,"enemies":"3 Louse","floor":14,"turns":4},{"damage":28,"enemies":"The Guardian","floor":16,"turns":14},{"damage":5,"enemies":"Shell Parasite","floor":18,"turns":7},{"damage":16,"enemies":"Chosen","floor":19,"turns":7},{"damage":9,"enemies":"Centurion and Healer","floor":21,"turns":12},{"damage":52,"enemies":"Book of Stabbing","floor":24,"turns":8},{"damage":42,"enemies":"Gremlin Leader","floor":27,"turns":5}],"seed_played":"2838819803779630429","potions_obtained":[{"floor":2,"key":"FearPotion"},{"floor":6,"key":"Regen Potion"},{"floor":11,"key":"sneckomod:MuddlingPotion"},{"floor":18,"key":"Strength Potion"}],"is_trial":false,"path_per_floor":["M","M","?","T","M","E","R","?","T","R","M","R","?","M","R","B",null,"M","M","$","M","?","R","E","R","T","E"],"character_chosen":"DEFECT","items_purchased":["Runic Capacitor","Core Surge"],"campfire_rested":4,"item_purchase_floors":[20,20],"current_hp_per_floor":[69,62,62,62,61,13,37,37,37,61,59,59,59,59,59,46,73,68,52,52,43,43,67,15,39,39,0,0],"gold":76,"neow_bonus":"TEN_PERCENT_HP_BONUS","is_prod":false,"is_daily":false,"chose_seed":false,"campfire_upgraded":2,"win_rate":0,"timestamp":1607572439,"path_taken":["M","M","?","?","M","E","R","?","T","R","M","R","?","M","R","BOSS","M","M","$","M","?","R","E","R","T","E"],"build_version":"2020-11-30","purchased_purges":0,"victory":false,"max_hp_per_floor":[82,82,82,82,82,82,82,82,82,82,82,82,82,82,82,82,82,82,82,82,82,82,82,82,82,82,82,82],"card_choices":[{"not_picked":["Beam Cell","Sweeping Beam"],"picked":"Go for the Eyes","floor":1},{"not_picked":["Ball Lightning","Turbo"],"picked":"Gash","floor":2},{"not_picked":["Loop","Coolheaded"],"picked":"Hologram","floor":5},{"not_picked":["Steam","Compile Driver","Undo"],"picked":"SKIP","floor":6},{"not_picked":["Redo","Aggregate"],"picked":"Go for the Eyes","floor":11},{"not_picked":["Steam","Compile Driver"],"picked":"FTL","floor":14},{"not_picked":["Fission","Echo Form"],"picked":"Machine Learning","floor":16},{"not_picked":["Leap","Force Field"],"picked":"Auto Shields+1","floor":18},{"not_picked":["Leap+1","Steam"],"picked":"Stack","floor":19},{"not_picked":["Compile Driver","Chaos"],"picked":"Go for the Eyes","floor":21},{"not_picked":["Compile Driver","Streamline"],"picked":"Consume","floor":24}],"player_experience":617880,"relics_obtained":[{"floor":4,"key":"Ancient Tea Set"},{"floor":6,"key":"hubris:SoftwareUpdate"},{"floor":9,"key":"Juzu Bracelet"},{"floor":24,"key":"Smiling Mask"},{"floor":26,"key":"PreservedInsect"}],"event_choices":[{"damage_healed":0,"gold_gain":0,"cards_transformed":["Strike_B"],"player_choice":"Change","damage_taken":0,"max_hp_gain":0,"max_hp_loss":0,"event_name":"Living Wall","floor":3,"gold_loss":0,"cards_obtained":["Conserve Battery"]},{"cards_removed":["Strike_B"],"damage_healed":0,"gold_gain":0,"player_choice":"Offered Basic","damage_taken":0,"max_hp_gain":0,"max_hp_loss":0,"event_name":"Bonfire Elementals","floor":8,"gold_loss":0},{"damage_healed":0,"gold_gain":0,"cards_transformed":["Strike_B"],"player_choice":"Transformed","damage_taken":0,"max_hp_gain":0,"max_hp_loss":0,"event_name":"Transmorgrifier","floor":13,"gold_loss":0,"cards_obtained":["Steam"]},{"cards_removed":["Defend_B"],"damage_healed":0,"gold_gain":0,"player_choice":"Gave Gold","damage_taken":0,"max_hp_gain":0,"max_hp_loss":0,"event_name":"Beggar","floor":22,"gold_loss":75}],"is_beta":false,"boss_relics":[{"not_picked":["Cursed Key","Astrolabe"],"picked":"sneckomod:SneckoTalon"}],"items_purged_floors":[],"is_endless":false,"potions_floor_spawned":[2,6,11,18],"killed_by":"Gremlin Leader","ascension_level":9}}