{"host":"vwviekxskx48sep6","time":1607616154,"event":{"mods":["2.2 Compatiblity","BaseMod","StSLib","Aspiration","Beaked The Cultist","Colored Map","Colorless Booster Pack","Conspire","Defuse TimeMaze Blight","Googly Eyes","GungeonMod","Hermit","Hubris","Infinite Spire","Jorbs\u0027s Wanderer Trilogy","Mimic Mod","Minty Spire (QoL Compilation)","Potionbrewer","Replay The Spire","Robot Space Explorer","Spikes Relics","The Judge","The Jungle","The Mystic","The Runesmith","Unknown Chances","vexMod"],"gold_per_floor":[112,112,122,122,142,172,172,186,216,216,232,65,89,100,100,196,196,211,211,136,154,173,223,301,301,301,301,321,332,345,357,375,375,375,525,525,536,584,227,227,102,102,128,128,128,147,147,182,201,218,218,218,218],"floor_reached":52,"playtime":4060,"items_purged":["Hidden Blade","conspire:Blindness","stsjorbsmod:Procrastination"],"score":511,"play_id":"3c6305ba-94cb-48cc-a877-0faa1e9e3e12","local_time":"20201210170234","daily_mods":["Colorless Cards","Time Dilation"],"is_ascension_mode":false,"campfire_choices":[{"data":"hubris:SlightOfHand","floor":7.0,"key":"SMITH"},{"floor":15.0,"key":"REST"},{"floor":23.0,"key":"REST"},{"floor":25.0,"key":"REST"},{"data":"Adrenaline","floor":27.0,"key":"SMITH"},{"data":"Degenerate","floor":33,"key":"SMITH"},{"data":"infinitespire:Starlight","floor":42,"key":"SMITH"},{"floor":47,"key":"REST"},{"floor":51,"key":"REST"}],"circlet_count":0,"master_deck":["Defend_G","Defend_G","Defend_G","Survivor","Neutralize","Blade Dance","Neutralize","hubris:SlightOfHand+1","Finesse","Blade Dance","Caltrops","vexMod:StairwayStrike","Adrenaline+1","hubris:SlightOfHand+1","Cloak And Dagger","Underhanded Strike","infinitespire:Starlight+1","Discovery","Dagger Spray","Backflip+1","PiercingWail+1","PiercingWail+1","Degenerate+1","DemoMod:Elimentaler","Apotheosis+1","conspire:Banana+1","conspire:PoisonWeapons","Blade Dance","conspire:PoisonWeapons"],"special_seed":0,"relics":["Ring of the Snake","Question Card","potionbrewer:WarMedal","hubris:ToyBattleship","aspiration:RunicSpoon","hubris:MobiusCoin","Boot","DemoMod:RatBoots","DemoMod:ResourcefulSack","DemoMod:PartiallyEatenCheese","Empty Cage","Kintsugi","Bird Faced Urn","RoseTintedShades","DemoMod:MonsterBlood","CherryCoatedStake","hubris:MysteriousPyramids"],"acts_visited":["Exordium","Exordium","DemoMod:Maze","TheBeyond"],"potions_floor_usage":[34,34,34,49,52],"damage_taken":[{"damage":2.0,"enemies":"Small Slimes","floor":1.0,"turns":5.0},{"damage":0.0,"enemies":"Cultist","floor":3.0,"turns":3.0},{"damage":0.0,"enemies":"2 Louse","floor":5.0,"turns":3.0},{"damage":19.0,"enemies":"3 Sentries","floor":6.0,"turns":9.0},{"damage":2.0,"enemies":"Red Slaver","floor":8.0,"turns":5.0},{"damage":4.0,"enemies":"Large Slime","floor":9.0,"turns":9.0},{"damage":7.0,"enemies":"Large Slime","floor":11.0,"turns":8.0},{"damage":3.0,"enemies":"Blue Slaver","floor":14.0,"turns":3.0},{"damage":62.0,"enemies":"Fading Forest","floor":16.0,"turns":11.0},{"damage":38.0,"enemies":"theJungle:GiantWrat","floor":18.0,"turns":5.0},{"damage":10.0,"enemies":"theJungle:5_Spyders","floor":21.0,"turns":7.0},{"damage":14.0,"enemies":"theJungle:JungleHuntersEncounter","floor":22.0,"turns":6.0},{"damage":19.0,"enemies":"Nightmare","floor":24.0,"turns":7.0},{"damage":4.0,"enemies":"DemoMod:2_Veteran_bullet_kins_and_red_shotgun_kin","floor":28.0,"turns":2.0},{"damage":11.0,"enemies":"DemoMod:4_Bullet_Kins","floor":29.0,"turns":5.0},{"damage":0.0,"enemies":"DemoMod:2_Mousers","floor":30.0,"turns":4.0},{"damage":9,"enemies":"DemoMod:Veteran_shot_gun_kin_and_red_shotgun_kin_with_gunsinger","floor":31,"turns":2},{"damage":14,"enemies":"DemoMod:Veteran_shot_gun_kin_and_blue_shotgun_kin_with_gunsinger","floor":32,"turns":2},{"damage":62,"enemies":"DemoMod:ResourcefulRat","floor":35,"turns":15},{"damage":0,"enemies":"3 Darklings","floor":37,"turns":2},{"damage":55,"enemies":"2 Orb Walkers","floor":38,"turns":4},{"damage":75,"enemies":"Giant Head","floor":43,"turns":10},{"damage":22,"enemies":"3 Shapes","floor":46,"turns":5},{"damage":0,"enemies":"Nightmare","floor":48,"turns":2},{"damage":23,"enemies":"Writhing Mass","floor":49,"turns":3},{"damage":9,"enemies":"Transient","floor":50,"turns":5},{"damage":110,"enemies":"Replay:Hell Engine","floor":52,"turns":10}],"seed_played":"6603722584807211049","potions_obtained":[{"floor":1.0,"key":"Swift Potion"},{"floor":3.0,"key":"AttackPotion"},{"floor":4.0,"key":"Fruit Juice"},{"floor":4.0,"key":"potionbrewer:CleansingPotion"},{"floor":22.0,"key":"EntropicBrew"},{"floor":29.0,"key":"DemoMod:LeadSkinPotion"},{"floor":32,"key":"SkillPotion"},{"floor":48,"key":"potionbrewer:DiscountPotion"},{"floor":50,"key":"Poison Potion"}],"is_trial":true,"path_per_floor":["M","?","M","?","M","E","R","M","MIM","?","M","$","T","M","R","B",null,"M","?","$","M","M","R","NM","R","T","R","M","M","M","M","M","R","B","B",null,"M","?","$","?","$","R","E","?","T","M","R","NM","M","M","R","B"],"character_chosen":"THE_SILENT","items_purchased":["DemoMod:GnawedKey","Caltrops","RoseTintedShades"],"campfire_rested":5,"item_purchase_floors":[12,12,39],"current_hp_per_floor":[68,68,68,73,73,54,54,52,48,48,41,41,41,38,60,8,75,37,37,37,27,13,35,16,38,75,75,71,60,70,61,47,47,43,11,75,75,32,32,32,32,32,13,13,13,16,42,44,25,20,48,0,0],"gold":218,"neow_bonus":"","is_daily":false,"chose_seed":false,"campfire_upgraded":4,"win_rate":0,"timestamp":1607616154,"path_taken":["M","?","?","?","M","E","R","M","MIM","?","M","?","?","M","R","BOSS","M","?","$","M","?","R","NM","R","T","R","M","M","M","M","M","R","BOSS","BOSS","M","?","$","?","$","R","E","?","T","M","R","NM","?","M","R","BOSS"],"build_version":"2020-11-30","purchased_purges":3,"victory":false,"max_hp_per_floor":[70,70,70,75,75,75,75,75,75,75,75,75,75,75,75,75,75,75,75,75,75,75,75,75,75,75,75,75,75,75,75,75,75,75,75,75,75,77,77,77,77,77,86,86,86,88,88,88,92,96,96,100,100],"card_choices":[{"not_picked":["Hidden Blade","Flechettes"],"picked":"Blade Dance","floor":1.0},{"not_picked":["Deadly Poison","Backflip"],"picked":"CBP: BitesTheDust","floor":3.0},{"not_picked":["Dagger Throw","Crippling Poison"],"picked":"Hidden Blade","floor":5.0},{"not_picked":["Degenerate","Hidden Blade"],"picked":"hubris:SlightOfHand","floor":6.0},{"not_picked":["Discovery","Dodge and Roll","Dagger Throw"],"picked":"PiercingWail","floor":8.0},{"not_picked":["Prepared","Bane","Cloak And Dagger"],"picked":"Finesse","floor":9.0},{"not_picked":["Dodge and Roll","Acrobatics","Poisoned Stab"],"picked":"Blade Dance","floor":11.0},{"not_picked":["Prepared","Dagger Spray","Tactician"],"picked":"vexMod:StairwayStrike","floor":14.0},{"not_picked":["Transmutation","CBP: MannCoSupplyCrateSeries3","Grand Finale"],"picked":"Adrenaline","floor":16.0},{"not_picked":["Forethought+1","Slice","Backflip"],"picked":"hubris:SlightOfHand+1","floor":18.0},{"not_picked":["Flying Knee+1","Endless Agony","Acrobatics"],"picked":"Cloak And Dagger","floor":21.0},{"not_picked":["Backflip","Replay:Sssssssssshield","Blur"],"picked":"Underhanded Strike","floor":22.0},{"not_picked":["Replay:Fractal Strike","infinitespire:SevenWalls"],"picked":"infinitespire:Starlight","floor":24.0},{"not_picked":["Eviscerate","DemoMod:Invincible","Quick Slash"],"picked":"Discovery","floor":24.0},{"not_picked":["Backflip","Replay:Bootleg Shield Generator","Prepared"],"picked":"Dagger Spray","floor":28.0},{"not_picked":["Secret Technique","Replay:Bootleg Shield Generator+1","Poisoned Stab"],"picked":"Backflip+1","floor":29.0},{"not_picked":["Deadly Poison","Acrobatics","Prepared"],"picked":"PiercingWail+1","floor":30.0},{"not_picked":["Deflect","Acrobatics","Pace+1"],"picked":"PiercingWail+1","floor":31},{"not_picked":["Heel Hook","ReplayTheSpireMod:Uncanny Aura","hubris:SlightOfHand"],"picked":"Degenerate","floor":32},{"not_picked":[],"picked":"DemoMod:Elimentaler","floor":35},{"not_picked":["CBP: ChaoticOffering","Replay:Bag of Tricks","Bullet Time"],"picked":"Apotheosis","floor":35},{"not_picked":["Masterful Stab","Deflect","Underhanded Strike"],"picked":"conspire:Banana+1","floor":36},{"not_picked":["Outmaneuver","Hidden Blade","aspiration:Lunge"],"picked":"conspire:PoisonWeapons","floor":37},{"not_picked":["Dodge and Roll","Blur","Good Instincts+1"],"picked":"Blade Dance","floor":43},{"not_picked":["hubris:Counter","Bane","Tools of the Trade","Degenerate+1"],"picked":"SKIP","floor":46},{"not_picked":["Eviscerate+1","Deadly Poison+1","Dodge and Roll","ReplayTheSpireMod:Shiv Toss"],"picked":"SKIP","floor":48},{"not_picked":["hubris:TrickCloak+1","Poisoned Stab+1","Backflip+1"],"picked":"conspire:PoisonWeapons","floor":49},{"not_picked":["Dagger Spray","Riddle With Holes+1","Hidden Blade","Deflect"],"picked":"SKIP","floor":50}],"player_experience":159622,"relics_obtained":[{"floor":6.0,"key":"Question Card"},{"floor":9.0,"key":"DemoMod:WeirdEgg"},{"floor":13.0,"key":"hubris:ToyBattleship"},{"floor":24.0,"key":"Boot"},{"floor":36,"key":"DemoMod:RatBoots"},{"floor":36,"key":"DemoMod:ResourcefulSack"},{"floor":36,"key":"DemoMod:PartiallyEatenCheese"},{"floor":36,"key":"Empty Cage"},{"floor":36,"key":"Kintsugi"},{"floor":38,"key":"Bird Faced Urn"},{"floor":43,"key":"DemoMod:MonsterBlood"},{"floor":45,"key":"CherryCoatedStake"},{"floor":48,"key":"hubris:MysteriousPyramids"}],"event_choices":[{"damage_healed":0.0,"max_hp_gain":0.0,"max_hp_loss":0.0,"gold_gain":0.0,"event_name":"Match and Keep!","player_choice":"1 cards matched","floor":2.0,"gold_loss":0.0,"damage_taken":0.0,"cards_obtained":["Neutralize"]},{"damage_healed":0.0,"max_hp_gain":0.0,"max_hp_loss":0.0,"gold_gain":0.0,"event_name":"Lab","player_choice":"Got Potions","floor":4.0,"gold_loss":0.0,"damage_taken":0.0},{"cards_removed":["CBP: BitesTheDust"],"damage_healed":0.0,"max_hp_gain":0.0,"max_hp_loss":0.0,"gold_gain":0.0,"event_name":"WeMeetAgain","player_choice":"Gave Card","floor":19.0,"gold_loss":0.0,"damage_taken":0.0,"relics_obtained":["hubris:MobiusCoin"]},{"damage_healed":0,"gold_gain":0,"player_choice":"Fight","damage_taken":0,"max_hp_gain":0,"max_hp_loss":0,"event_name":"Mysterious Sphere","floor":38,"gold_loss":0},{"cards_removed":["Caltrops"],"damage_healed":0,"gold_gain":0,"player_choice":"Purged","damage_taken":0,"max_hp_gain":0,"max_hp_loss":0,"event_name":"Purifier","floor":44,"gold_loss":0}],"is_beta":false,"boss_relics":[{"not_picked":["ReplayTheSpireMod:DimensionalGlitch","Painkiller Herb"],"picked":"aspiration:RunicSpoon"},{"not_picked":[]}],"items_purged_floors":[20,39,41],"is_endless":true,"potions_floor_spawned":[1,3,22,29,32,48,50],"killed_by":"Replay:Hell Engine","ascension_level":0}}