{"host":"w811868i7dqaax32","time":1607585844,"event":{"gold_per_floor":[110,110,110,35,35,35,57,57,105,117,148,192,204,236,248,383,395,424,453,518,544,556,601,628,640,733,774,906,948,960,1008,1020,1145,1157,1188,1227,1239,1251,1265,525,525,587,587,651,651,694,807,844,844,954,954,954,189,295,423],"floor_reached":56,"playtime":3794,"items_purged":["Regret"],"score":1397,"play_id":"d39110cd-4d2f-456b-befb-d8dbcbe77fcd","local_time":"20201210083724","is_ascension_mode":true,"metric_token":402,"campfire_choices":[{"data":"PokerPlayerMod:TrumpStrike","floor":6.0,"key":"SMITH"},{"floor":8.0,"key":"RECALL"},{"data":"PokerPlayerMod:Mulligan","floor":10.0,"key":"SMITH"},{"floor":25.0,"key":"REST"},{"data":"PokerPlayerMod:ItsShowtime","floor":32.0,"key":"SMITH"},{"data":"infinitespire:NeuralNetwork","floor":41,"key":"SMITH"},{"floor":49,"key":"REST"},{"data":"Jack Of All Trades","floor":52,"key":"SMITH"}],"neow_cost":"CURSE","seed_source_timestamp":0,"circlet_count":0,"master_deck":["PokerPlayerMod:Diamond2","PokerPlayerMod:Diamond3","PokerPlayerMod:Diamond4","PokerPlayerMod:Diamond5","PokerPlayerMod:Spade2","PokerPlayerMod:Spade3","PokerPlayerMod:Spade4","PokerPlayerMod:Club1","PokerPlayerMod:Club2","PokerPlayerMod:Heart2","PokerPlayerMod:TrumpStrike+1","PokerPlayerMod:BadJoker+1","PokerPlayerMod:Mulligan+1","Metamorphosis+1","PokerPlayerMod:Club2","PokerPlayerMod:Club3","PokerPlayerMod:Club4","PokerPlayerMod:Club5","PokerPlayerMod:Club6","PokerPlayerMod:ClubDance+1","PokerPlayerMod:ClubsClub","PokerPlayerMod:Club7","PokerPlayerMod:ItsShowtime+1","PokerPlayerMod:Heart10+","PokerPlayerMod:Club8","PokerPlayerMod:FillThePot","PokerPlayerMod:Diamond6","PokerPlayerMod:Configure","infinitespire:NeuralNetwork+1","PokerPlayerMod:DiamondStrike","PokerPlayerMod:MagicTrick","PokerPlayerMod:Club5","PokerPlayerMod:ClubsClub","PokerPlayerMod:HeartStrike","PokerPlayerMod:Manipulation","PokerPlayerMod:ThinkingTime","PokerPlayerMod:SpadeStrike","PokerPlayerMod:Diamond9","PokerPlayerMod:SecondChance+1","Jack Of All Trades+1","Replay:Bootleg Shield Generator","Secret Weapon+1","PokerPlayerMod:JackOfSpades","PokerPlayerMod:Spade8","Master of Strategy","PokerPlayerMod:SecretDealer","PokerPlayerMod:DiamondStrike+1","PokerPlayerMod:FlyingCard+1","PokerPlayerMod:HeartStrike+1","PokerPlayerMod:PoorCopy+1","PokerPlayerMod:ClubsClub+1","PokerPlayerMod:Spade8","PokerPlayerMod:Diamond9","Blind+1","Panache+1","PokerPlayerMod:ChangeRules"],"special_seed":0,"relics":["PokerPlayerMod:DeckCase","Replay:Bandana","MawBank","War Paint","Quantum Egg","Empty Cage","Replay:Rubber Ducky","Dream Catcher","infinitespire:Midas Blood","Incense Burner","Bottled Flame","Letter Opener","SacredBark","Philosopher\u0027s Stone","Bottled Lightning","Guide Book","Iron Hammer","Frozen Egg 2","Toxic Egg 2","infinitespire:Bottled Soul","MealTicket","Simple Rune","Thread and Needle","Kunai"],"potions_floor_usage":[44,50,50,54,55,55,55],"damage_taken":[{"damage":0.0,"enemies":"Small Slimes","floor":1.0,"turns":2.0},{"damage":1.0,"enemies":"2 Louse","floor":7.0,"turns":2.0},{"damage":7.0,"enemies":"Jaw Worm","floor":11.0,"turns":2.0},{"damage":3.0,"enemies":"3 Sentries","floor":12.0,"turns":2.0},{"damage":10.0,"enemies":"Lots of Slimes","floor":14.0,"turns":2.0},{"damage":0.0,"enemies":"Slime Boss","floor":16.0,"turns":3.0},{"damage":0.0,"enemies":"Spheric Guardian","floor":18.0,"turns":2.0},{"damage":0.0,"enemies":"3 Byrds","floor":19.0,"turns":1.0},{"damage":39.0,"enemies":"Snake Plant","floor":21.0,"turns":4.0},{"damage":38.0,"enemies":"Nightmare","floor":23.0,"turns":6.0},{"damage":8.0,"enemies":"Centurion and Healer","floor":24.0,"turns":4.0},{"damage":10.0,"enemies":"Cultist and Chosen","floor":27.0,"turns":2.0},{"damage":12.0,"enemies":"Colosseum Slavers","floor":28.0,"turns":2.0},{"damage":7.0,"enemies":"Colosseum Nobs","floor":28.0,"turns":3.0},{"damage":22.0,"enemies":"Shelled Parasite and Fungi","floor":29.0,"turns":4.0},{"damage":13.0,"enemies":"Slavers","floor":31.0,"turns":3.0},{"damage":32.0,"enemies":"Collector","floor":33.0,"turns":6.0},{"damage":15,"enemies":"Orb Walker","floor":35,"turns":2},{"damage":0,"enemies":"3 Shapes","floor":36,"turns":3},{"damage":0,"enemies":"Reptomancer","floor":42,"turns":4},{"damage":18,"enemies":"Nemesis","floor":44,"turns":3},{"damage":60,"enemies":"Nightmare","floor":47,"turns":7},{"damage":14,"enemies":"Spire Growth","floor":48,"turns":3},{"damage":44,"enemies":"Donu and Deca","floor":50,"turns":6},{"damage":15,"enemies":"Shield and Spear","floor":54,"turns":4},{"damage":36,"enemies":"The Heart","floor":55,"turns":6}],"seed_played":"1329901910884676120","potions_obtained":[{"floor":1.0,"key":"FearPotion"},{"floor":7.0,"key":"Toxic Potion"},{"floor":16.0,"key":"FairyPotion"},{"floor":19.0,"key":"AttackPotion"},{"floor":29.0,"key":"Regen Potion"},{"floor":31.0,"key":"DuplicationPotion"},{"floor":33.0,"key":"LiquidMemories"},{"floor":36,"key":"Swift Potion"},{"floor":46,"key":"GamblersBrew"},{"floor":48,"key":"Strength Potion"},{"floor":54,"key":"Doom Potion"}],"is_trial":false,"path_per_floor":["M","?","?","$","?","R","M","R","T","R","M","E","T","M","R","B",null,"M","M","T","M","T","NM","M","R","T","M","?","M","?","E","R","B",null,"M","M","?","AVR","?","$","R","E","T","E","?","?","NM","M","R","B",null,"R","$","E","B",null],"character_chosen":"THE_POKER_PLAYER","items_purchased":["PokerPlayerMod:JackOfSpades","PokerPlayerMod:Spade8","Guide Book","Iron Hammer","Master of Strategy","Thread and Needle","PokerPlayerMod:Spade8","PokerPlayerMod:Diamond9","Blind+1","Panache+1"],"campfire_rested":2,"item_purchase_floors":[40,40,40,40,40,53,53,53,53,53],"current_hp_per_floor":[52,52,52,52,52,52,51,51,51,51,46,43,43,33,33,52,49,49,49,49,31,31,5,21,35,35,25,46,38,38,40,40,33,49,49,49,49,49,39,39,39,49,49,31,31,12,29,32,46,26,49,49,49,34,18],"gold":423,"neow_bonus":"RANDOM_COLORLESS_2","is_prod":false,"is_daily":false,"chose_seed":false,"campfire_upgraded":5,"win_rate":0,"timestamp":1607585844,"path_taken":["M","?","?","$","?","R","?","R","T","R","M","E","?","M","R","BOSS","M","M","?","M","?","NM","?","R","T","M","?","M","?","E","R","BOSS","M","M","?","AVR","?","$","R","E","T","E","?","?","NM","M","R","BOSS","R","$","E","BOSS"],"build_version":"2020-11-30","purchased_purges":1,"victory":true,"max_hp_per_floor":[52,52,52,52,52,52,52,52,52,52,52,52,52,52,52,52,49,49,49,49,49,49,49,49,49,49,49,49,49,49,49,49,49,49,49,49,49,49,49,49,49,49,49,49,49,49,49,49,49,49,49,49,49,49,49],"card_choices":[{"not_picked":["Violence","The Bomb"],"picked":"Metamorphosis","floor":0.0},{"not_picked":["PokerPlayerMod:Fold","PokerPlayerMod:Diamond1"],"picked":"PokerPlayerMod:MagicTrick","floor":1.0},{"not_picked":["PokerPlayerMod:Sharpen","PokerPlayerMod:Raise"],"picked":"PokerPlayerMod:ClubDance","floor":7.0},{"not_picked":["PokerPlayerMod:Diamond3","PokerPlayerMod:Diamond1"],"picked":"PokerPlayerMod:ClubsClub","floor":11.0},{"not_picked":["PokerPlayerMod:SpadeStrike","PokerPlayerMod:Club4"],"picked":"PokerPlayerMod:Club7","floor":12.0},{"not_picked":["PokerPlayerMod:SecondChance","PokerPlayerMod:HotShotCut"],"picked":"PokerPlayerMod:ItsShowtime","floor":14.0},{"not_picked":["PokerPlayerMod:VarietyAttack","PokerPlayerMod:FakeSymbols"],"picked":"PokerPlayerMod:Club8","floor":16.0},{"not_picked":["PokerPlayerMod:ClubsClub","PokerPlayerMod:Fold"],"picked":"PokerPlayerMod:FillThePot","floor":18.0},{"not_picked":["PokerPlayerMod:Diamond3","PokerPlayerMod:Harden"],"picked":"PokerPlayerMod:Diamond6","floor":19.0},{"not_picked":["PokerPlayerMod:Spade3","PokerPlayerMod:DartThrow"],"picked":"PokerPlayerMod:Configure","floor":21.0},{"not_picked":["infinitespire:SevenWalls","infinitespire:FinalStrike"],"picked":"infinitespire:NeuralNetwork","floor":23.0},{"not_picked":["PokerPlayerMod:DamnStraight","PokerPlayerMod:Spade1"],"picked":"PokerPlayerMod:DiamondStrike","floor":23.0},{"not_picked":["PokerPlayerMod:Heart3","PokerPlayerMod:Club1"],"picked":"PokerPlayerMod:MagicTrick","floor":24.0},{"not_picked":["PokerPlayerMod:CardBurn","PokerPlayerMod:Raise"],"picked":"PokerPlayerMod:Club5","floor":25.0},{"not_picked":["PokerPlayerMod:Fold","PokerPlayerMod:Heart2"],"picked":"PokerPlayerMod:ClubsClub","floor":27.0},{"not_picked":["PokerPlayerMod:Diamond1","PokerPlayerMod:Spade4"],"picked":"PokerPlayerMod:HeartStrike","floor":28.0},{"not_picked":["PokerPlayerMod:Sharpen","PokerPlayerMod:StackedDeck"],"picked":"PokerPlayerMod:Manipulation","floor":29.0},{"not_picked":["PokerPlayerMod:Trickery","PokerPlayerMod:Diamond2"],"picked":"PokerPlayerMod:SpadeStrike","floor":31.0},{"not_picked":["PokerPlayerMod:SecretDealer","PokerPlayerMod:Spade8"],"picked":"PokerPlayerMod:Diamond9","floor":33.0},{"not_picked":["PokerPlayerMod:Heart1","PokerPlayerMod:Spade3","PokerPlayerMod:Club2"],"picked":"SKIP","floor":35},{"not_picked":["PokerPlayerMod:Diamond4","PokerPlayerMod:DiamondStrike+1"],"picked":"PokerPlayerMod:SecondChance+1","floor":36},{"not_picked":["Finesse","Replay:Bootleg Shield Generator"],"picked":"Jack Of All Trades","floor":39},{"not_picked":["Blind","Replay:Sssssssssstrike"],"picked":"Replay:Bootleg Shield Generator","floor":39},{"not_picked":["Bandage Up","Trip"],"picked":"Secret Weapon","floor":39},{"not_picked":["PokerPlayerMod:Club1","PokerPlayerMod:Diamond1"],"picked":"PokerPlayerMod:SecretDealer","floor":42},{"not_picked":["PokerPlayerMod:DartThrow","PokerPlayerMod:Spade2"],"picked":"PokerPlayerMod:DiamondStrike+1","floor":44},{"not_picked":["PokerPlayerMod:ClubsClub+1","PokerPlayerMod:CardPrinter+1"],"picked":"PokerPlayerMod:FlyingCard+1","floor":46},{"not_picked":["PokerPlayerMod:HotShotCut+1","PokerPlayerMod:SpadeStrike+1"],"picked":"PokerPlayerMod:HeartStrike+1","floor":46},{"not_picked":["PokerPlayerMod:Diamond3","PokerPlayerMod:Club3","PokerPlayerMod:Spade1"],"picked":"SKIP","floor":47},{"not_picked":["PokerPlayerMod:SpadeStrike","PokerPlayerMod:Harden+1"],"picked":"PokerPlayerMod:PoorCopy+1","floor":48},{"not_picked":["PokerPlayerMod:DartThrow+1","PokerPlayerMod:Diamond2"],"picked":"PokerPlayerMod:ClubsClub+1","floor":49},{"not_picked":["PokerPlayerMod:Spade1","PokerPlayerMod:Diamond9"],"picked":"PokerPlayerMod:ChangeRules","floor":54}],"player_experience":713691,"relics_obtained":[{"floor":9.0,"key":"MawBank"},{"floor":12.0,"key":"War Paint"},{"floor":13.0,"key":"Quantum Egg"},{"floor":20.0,"key":"Replay:Rubber Ducky"},{"floor":22.0,"key":"Dream Catcher"},{"floor":23.0,"key":"infinitespire:Midas Blood"},{"floor":28.0,"key":"Incense Burner"},{"floor":28.0,"key":"Bottled Flame"},{"floor":31.0,"key":"Letter Opener"},{"floor":42,"key":"Frozen Egg 2"},{"floor":43,"key":"Toxic Egg 2"},{"floor":44,"key":"infinitespire:Bottled Soul"},{"floor":46,"key":"MealTicket"},{"floor":47,"key":"Simple Rune"},{"floor":54,"key":"Kunai"}],"event_choices":[{"damage_healed":0.0,"max_hp_gain":0.0,"max_hp_loss":0.0,"gold_gain":0.0,"event_name":"PokerPlayerMod:ExordiumClub","player_choice":"Jackpot","floor":2.0,"gold_loss":0.0,"damage_taken":0.0,"cards_obtained":["PokerPlayerMod:Club2","PokerPlayerMod:Club3","PokerPlayerMod:Club4","PokerPlayerMod:Club5","PokerPlayerMod:Club6"]},{"damage_healed":0.0,"max_hp_gain":0.0,"max_hp_loss":0.0,"gold_gain":0.0,"event_name":"PokerPlayerMod:ExordiumClub","player_choice":"Jackpot","floor":2.0,"gold_loss":0.0,"damage_taken":0.0,"cards_obtained":["PokerPlayerMod:Club2","PokerPlayerMod:Club3","PokerPlayerMod:Club4","PokerPlayerMod:Club5","PokerPlayerMod:Club6"]},{"damage_healed":0.0,"max_hp_gain":0.0,"max_hp_loss":0.0,"gold_gain":0.0,"event_name":"PokerPlayerMod:ExordiumClub","player_choice":"Jackpot","floor":2.0,"gold_loss":0.0,"damage_taken":0.0,"cards_obtained":["PokerPlayerMod:Club2","PokerPlayerMod:Club3","PokerPlayerMod:Club4","PokerPlayerMod:Club5","PokerPlayerMod:Club6"]},{"damage_healed":0.0,"max_hp_gain":0.0,"max_hp_loss":0.0,"gold_gain":0.0,"event_name":"PokerPlayerMod:ExordiumClub","player_choice":"Jackpot","floor":2.0,"gold_loss":0.0,"damage_taken":0.0,"cards_obtained":["PokerPlayerMod:Club2","PokerPlayerMod:Club3","PokerPlayerMod:Club4","PokerPlayerMod:Club5","PokerPlayerMod:Club6"]},{"damage_healed":0.0,"max_hp_gain":0.0,"max_hp_loss":0.0,"gold_gain":0.0,"event_name":"PokerPlayerMod:ExordiumClub","player_choice":"Jackpot","floor":2.0,"gold_loss":0.0,"damage_taken":0.0,"cards_obtained":["PokerPlayerMod:Club2","PokerPlayerMod:Club3","PokerPlayerMod:Club4","PokerPlayerMod:Club5","PokerPlayerMod:Club6"]},{"damage_healed":0.0,"max_hp_gain":0.0,"max_hp_loss":0.0,"gold_gain":0.0,"event_name":"Big Fish","player_choice":"Box","floor":3.0,"gold_loss":0.0,"damage_taken":0.0,"relics_obtained":["Replay:Bandana"],"cards_obtained":["Regret"]},{"damage_healed":0.0,"max_hp_gain":0.0,"max_hp_loss":0.0,"gold_gain":0.0,"event_name":"Upgrade Shrine","player_choice":"Upgraded","floor":5.0,"gold_loss":0.0,"damage_taken":0.0,"cards_upgraded":["Metamorphosis"]},{"damage_healed":0.0,"max_hp_gain":0.0,"max_hp_loss":0.0,"gold_gain":0.0,"event_name":"Colosseum","player_choice":"Fight","floor":28.0,"gold_loss":0.0,"damage_taken":0.0},{"damage_healed":0.0,"max_hp_gain":0.0,"max_hp_loss":0.0,"gold_gain":0.0,"event_name":"Colosseum","player_choice":"Fought Nobs","floor":28.0,"gold_loss":0.0,"damage_taken":0.0},{"damage_healed":0.0,"max_hp_gain":0.0,"max_hp_loss":0.0,"gold_gain":0.0,"event_name":"PokerPlayerMod:Vampires","player_choice":"Think Hard","floor":30.0,"gold_loss":0.0,"damage_taken":0.0,"cards_obtained":["PokerPlayerMod:ThinkingTime"]},{"cards_removed":["PokerPlayerMod:MagicTrick"],"damage_healed":0,"gold_gain":0,"player_choice":"Removed Skill","damage_taken":0,"max_hp_gain":0,"max_hp_loss":0,"event_name":"Falling","floor":37,"gold_loss":0},{"damage_healed":0,"gold_gain":0,"player_choice":"Memory 3","damage_taken":10,"max_hp_gain":0,"max_hp_loss":0,"event_name":"SensoryStone","floor":39,"gold_loss":0},{"damage_healed":0,"gold_gain":0,"player_choice":"Ignored","damage_taken":0,"max_hp_gain":0,"max_hp_loss":0,"event_name":"Tomb of Lord Red Mask","floor":45,"gold_loss":0}],"is_beta":false,"boss_relics":[{"not_picked":["Replay:Ancient Bell","Replay:Bronze Core"],"picked":"Empty Cage"},{"not_picked":["Kintsugi","Replay:Drink Me"],"picked":"SacredBark"}],"items_purged_floors":[4],"is_endless":false,"potions_floor_spawned":[1,7,16,19,28,29,31,33,36,48,54],"ascension_level":1}}