{"host":"1hv1kueuvc4r3rdp","time":1607637309,"event":{"mods":["BaseMod","StSLib","Highlight Path","Minty Spire (QoL Compilation)","Permanent Neow","DeckTracker","AchievementEnabler"],"gold_per_floor":[116,129,145,145,155,155,155,169,169,181,224,252,264,292,304,393,405,437,461,483,35,35,35,64,64,64,64,64,64,64,64],"floor_reached":30,"playtime":956,"items_purged":["Defend_P"],"score":413,"play_id":"6c2d312e-42f2-4edf-acd2-6a960b2ca6ac","local_time":"20201210155509","is_ascension_mode":true,"campfire_choices":[{"floor":7,"key":"REST"},{"floor":13,"key":"REST"},{"data":"Eruption","floor":15,"key":"SMITH"},{"floor":23,"key":"REST"},{"floor":25,"key":"REST"},{"data":"Wallop","floor":28,"key":"SMITH"}],"circlet_count":0,"master_deck":["AscendersBane","Strike_P","Strike_P+1","Strike_P","Defend_P","Defend_P+1","Defend_P","Eruption+1","Vigilance","Consecrate","EmptyFist","BowlingBash","WheelKick","CurseOfTheBell","Halt","Wallop+1"],"relics":["Philosopher\u0027s Stone","MawBank","Ancient Tea Set","Calling Bell","Vajra","Matryoshka","StoneCalendar","Ornamental Fan","Sling","Eternal Feather","Pen Nib","MealTicket"],"acts_visited":["Exordium","TheCity"],"potions_floor_usage":[16,24],"damage_taken":[{"damage":5,"enemies":"Small Slimes","floor":1,"turns":3},{"damage":0,"enemies":"Jaw Worm","floor":2,"turns":2},{"damage":6,"enemies":"2 Louse","floor":3,"turns":3},{"damage":12,"enemies":"Looter","floor":5,"turns":4},{"damage":15,"enemies":"Red Slaver","floor":8,"turns":4},{"damage":9,"enemies":"Gremlin Nob","floor":11,"turns":3},{"damage":0,"enemies":"2 Fungi Beasts","floor":12,"turns":2},{"damage":0,"enemies":"Gremlin Gang","floor":14,"turns":3},{"damage":38,"enemies":"The Guardian","floor":16,"turns":10},{"damage":25,"enemies":"Spheric Guardian","floor":18,"turns":4},{"damage":13,"enemies":"Shell Parasite","floor":19,"turns":5},{"damage":6,"enemies":"Cultist and Chosen","floor":20,"turns":4},{"damage":37,"enemies":"Slavers","floor":24,"turns":5},{"damage":75,"enemies":"Book of Stabbing","floor":30,"turns":5}],"seed_played":"-6817617932198168485","potions_obtained":[{"floor":3,"key":"ColorlessPotion"},{"floor":5,"key":"SpeedPotion"},{"floor":18,"key":"AttackPotion"}],"is_trial":false,"path_per_floor":["M","M","M","?","M","?","R","M","T","?","E","M","R","M","R","B",null,"M","M","M","$","?","R","E","R","T","?","R","?","E"],"character_chosen":"WATCHER","items_purchased":["Ornamental Fan","Sling"],"campfire_rested":4,"item_purchase_floors":[21,21],"current_hp_per_floor":[60,60,54,59,47,32,55,40,40,33,24,24,47,47,47,9,60,35,22,16,16,41,64,27,59,59,59,68,68,0,0],"gold":64,"neow_bonus":"BOSS_RELIC","is_daily":false,"chose_seed":false,"campfire_upgraded":2,"win_rate":0,"timestamp":1607637309,"path_taken":["M","M","M","?","M","?","R","M","T","?","E","M","R","?","R","BOSS","M","M","M","$","?","R","E","R","T","?","R","?","E"],"build_version":"2020-11-30","purchased_purges":1,"victory":false,"max_hp_per_floor":[72,72,72,77,77,77,77,77,77,77,77,77,77,77,77,77,77,77,77,77,77,77,77,77,77,77,77,77,77,77,77],"card_choices":[{"not_picked":["Crescendo","Collect"],"picked":"Consecrate","floor":1},{"not_picked":["Pray","Meditate"],"picked":"EmptyFist","floor":2},{"not_picked":["Consecrate","ThirdEye"],"picked":"BowlingBash","floor":3},{"not_picked":["Consecrate","FearNoEvil","Crescendo"],"picked":"SKIP","floor":5},{"not_picked":["CutThroughFate","ForeignInfluence"],"picked":"WheelKick","floor":8},{"not_picked":["FlurryOfBlows","ClearTheMind","WindmillStrike"],"picked":"SKIP","floor":11},{"not_picked":["Evaluate","Crescendo","WindmillStrike"],"picked":"SKIP","floor":12},{"not_picked":["Scrawl","Study","WaveOfTheHand"],"picked":"SKIP","floor":14},{"not_picked":["SignatureMove","Swivel","InnerPeace"],"picked":"SKIP","floor":18},{"not_picked":["PathToVictory","Crescendo","Vengeance"],"picked":"SKIP","floor":19},{"not_picked":["ThirdEye","FlurryOfBlows+1"],"picked":"Halt","floor":20},{"not_picked":["Collect","Weave"],"picked":"Wallop","floor":24}],"player_experience":949694,"relics_obtained":[{"floor":9,"key":"MawBank"},{"floor":11,"key":"Ancient Tea Set"},{"floor":17,"key":"Vajra"},{"floor":17,"key":"Matryoshka"},{"floor":17,"key":"StoneCalendar"},{"floor":24,"key":"Eternal Feather"},{"floor":26,"key":"Pen Nib"},{"floor":26,"key":"MealTicket"}],"event_choices":[{"damage_healed":0,"gold_gain":0,"player_choice":"Donut","damage_taken":0,"max_hp_gain":5,"max_hp_loss":0,"event_name":"Big Fish","floor":4,"gold_loss":0},{"damage_healed":0,"gold_gain":0,"player_choice":"Entered Light","damage_taken":15,"max_hp_gain":0,"max_hp_loss":0,"event_name":"Shining Light","floor":6,"gold_loss":0,"cards_upgraded":["Defend_P","Strike_P"]},{"cards_removed":["Strike_P"],"damage_healed":0,"gold_gain":0,"player_choice":"Card Removal","damage_taken":7,"max_hp_gain":0,"max_hp_loss":0,"event_name":"Golden Wing","floor":10,"gold_loss":0},{"damage_healed":25,"gold_gain":0,"player_choice":"Heal","damage_taken":0,"max_hp_gain":0,"max_hp_loss":0,"event_name":"The Library","floor":22,"gold_loss":0},{"damage_healed":0,"gold_gain":0,"player_choice":"Ignored","damage_taken":0,"max_hp_gain":0,"max_hp_loss":0,"event_name":"Ghosts","floor":27,"gold_loss":0},{"damage_healed":0,"gold_gain":0,"player_choice":"Ignored","damage_taken":0,"max_hp_gain":0,"max_hp_loss":0,"event_name":"Vampires","floor":29,"gold_loss":0}],"is_beta":false,"boss_relics":[{"not_picked":["Velvet Choker","Ectoplasm"],"picked":"Calling Bell"}],"items_purged_floors":[21],"is_endless":false,"potions_floor_spawned":[3,5,12,14,18,20],"killed_by":"Book of Stabbing","ascension_level":13}}