{"host":"hf83sijwe64ts2lm","time":1607566087,"event":{"gold_per_floor":[112,112,112,126,51,51,86,104,174,174,30,41,62,78,78,78,78],"floor_reached":16,"playtime":264,"items_purged":["Burn"],"score":120,"play_id":"8e73962c-70a9-4508-8fcf-b0eb31210beb","local_time":"20201209210807","is_ascension_mode":true,"campfire_choices":[{"floor":6.0,"key":"RECALL"},{"data":"Replay:Undeath\u0027s Touch","floor":10.0,"key":"SMITH"},{"floor":15,"key":"REST"}],"neow_cost":"NONE","seed_source_timestamp":403390714100,"circlet_count":0,"master_deck":["Strike_R","Strike_R","Strike_R","Strike_R","Strike_R","Defend_R","Defend_R","Defend_R","Defend_R","Bash","Replay:Undeath\u0027s Touch+1","ReplayTheSpireMod:Strike From Hell","Perfected Strike","Impervious","Twin Strike","Defy Death","Combust","Replay:Many Hands"],"special_seed":0,"relics":["Burning Blood","hubris:Towel","Quantum Egg","Molten Egg 2","Anchor","Odd Mushroom"],"potions_floor_usage":[],"damage_taken":[{"damage":6.0,"enemies":"2 Louse","floor":1.0,"turns":2.0},{"damage":6.0,"enemies":"Small Slimes","floor":4.0,"turns":3.0},{"damage":29.0,"enemies":"Gremlin Nob","floor":7.0,"turns":4.0},{"damage":0.0,"enemies":"Cultist","floor":8.0,"turns":2.0},{"damage":8.0,"enemies":"Large Slime","floor":12.0,"turns":5.0},{"damage":28.0,"enemies":"The Mushroom Lair","floor":13.0,"turns":5.0},{"damage":4,"enemies":"Red Slaver","floor":14,"turns":3},{"damage":70,"enemies":"The Guardian","floor":16,"turns":8}],"seed_played":"6509803871917567497","potions_obtained":[{"floor":4.0,"key":"Venom Potion"},{"floor":8.0,"key":"SpeedPotion"},{"floor":12.0,"key":"Venom Potion"}],"is_trial":false,"path_per_floor":["M","?","?","M","$","R","E","M","T","R","$","M","?","M","R","B"],"character_chosen":"IRONCLAD","items_purchased":["Anchor"],"campfire_rested":1,"item_purchase_floors":[11],"current_hp_per_floor":[80,80,80,80,80,80,57,63,63,63,63,61,39,41,65,0,0],"gold":78,"neow_bonus":"THREE_CARDS","is_prod":false,"is_daily":false,"chose_seed":false,"campfire_upgraded":1,"win_rate":0,"timestamp":1607566087,"path_taken":["M","?","?","M","$","R","E","M","T","R","$","M","?","M","R","BOSS"],"build_version":"2020-11-30","purchased_purges":1,"victory":false,"max_hp_per_floor":[80,80,80,80,80,80,80,80,80,80,80,80,80,80,80,80,80],"relic_stats":{"counters":[8,32],"obtain_stats":[{"Anchor":11,"Quantum Egg":7,"Molten Egg 2":9,"hubris:Towel":3,"Odd Mushroom":13,"Burning Blood":0},{"Anchor":4,"Quantum Egg":3,"Molten Egg 2":4,"hubris:Towel":1,"Odd Mushroom":6,"Burning Blood":0},{"Anchor":11,"Quantum Egg":9,"Molten Egg 2":11,"hubris:Towel":2,"Odd Mushroom":21,"Burning Blood":0}],"Burning Blood":42},"card_choices":[{"not_picked":["Flex","Rage"],"picked":"Replay:Undeath\u0027s Touch","floor":0.0},{"not_picked":["hubris:ReadiedAction","Clash"],"picked":"ReplayTheSpireMod:Strike From Hell","floor":1.0},{"not_picked":["ReplayReversal","Heavy Blade"],"picked":"Perfected Strike","floor":4.0},{"not_picked":["Second Wind","hubris:CleavingFinish"],"picked":"Impervious","floor":7.0},{"not_picked":["Iron Wave","Havoc"],"picked":"Twin Strike","floor":8.0},{"not_picked":["Clash+1","hubris:ReadiedAction"],"picked":"Defy Death","floor":12.0},{"not_picked":["Dual Wield","Pommel Strike+1"],"picked":"Combust","floor":13.0},{"not_picked":["hubris:SharpeningStone","Pommel Strike+1"],"picked":"Replay:Many Hands","floor":14}],"player_experience":119059,"relics_obtained":[{"floor":7.0,"key":"Quantum Egg"},{"floor":9.0,"key":"Molten Egg 2"},{"floor":13.0,"key":"Odd Mushroom"}],"event_choices":[{"damage_healed":80.0,"max_hp_gain":0.0,"max_hp_loss":80.0,"gold_gain":0.0,"event_name":"betterThird:BetterShining","player_choice":"Embrace Burn","floor":2.0,"gold_loss":0.0,"damage_taken":0.0},{"damage_healed":0.0,"max_hp_gain":0.0,"max_hp_loss":0.0,"gold_gain":0.0,"event_name":"Mushrooms","player_choice":"Fought Mushrooms","floor":13.0,"gold_loss":0.0,"damage_taken":0.0}],"is_beta":false,"boss_relics":[],"items_purged_floors":[5],"is_endless":false,"potions_floor_spawned":[4,8,12],"killed_by":"The Guardian","ascension_level":4}}