{"host":"w3inebsqralru4zj","time":1607617554,"event":{"mods":["BaseMod","AchievementEnabler","StSLib","Aspiration","Better Altar","Better Match","Better Note","Better Sensory Stone","Better Skull","Better Third Choice","BetterRewards","CCEM","Colored Map","Conspire","Downfall","GifTheSpireLib","Googly Eyes","Halation","Highlight Path","Hubris","Infinite Spire","Jedi Mod","Marisa????????","Mimic Mod","Minty Spire (QoL Compilation)","Permanent Neow","Replay The Spire","Shade Mod","Shop Mod","Spicy Shops","Stuff the Spire","everything is the same but u backflip on backflip"],"gold_per_floor":[112,154,174,194,207,235,248,248,248,266,279,279,311,329,329,429,429,440,457,457,75,75,75],"floor_reached":22,"playtime":2095,"items_purged":[],"score":200,"play_id":"477eb3db-b1dd-4dd8-bc77-b92681be0e65","local_time":"20201210172554","is_ascension_mode":false,"campfire_choices":[{"floor":8,"key":"REST"},{"floor":12,"key":"REST"},{"data":"Rampage","floor":15,"key":"SMITH"}],"circlet_count":0,"master_deck":["Defend_R","Bash","Pommel Strike","Run Through","conspire:Purge","Cleave","Twin Strike","Demonic Infusion","StuffTheSpire:Incineration","Sword Boomerang+1","Rampage+1"],"relics":["Burning Blood","aspiration:DSix","Mirror","Nunchaku","infinitespire:Lychee Nut","Mark of Pain","hubris:EmptyBottle","StuffTheSpire:Mouthbags","MerchantsRug"],"acts_visited":["Exordium","TheCity"],"potions_floor_usage":[13,18,19,22],"damage_taken":[{"damage":4,"enemies":"conspire:RoseBush","floor":1,"turns":4},{"damage":6,"enemies":"Cultist","floor":3,"turns":3},{"damage":11,"enemies":"Jaw Worm","floor":4,"turns":3},{"damage":18,"enemies":"Exordium Thugs","floor":5,"turns":3},{"damage":13,"enemies":"Replay:BlueRogue","floor":6,"turns":7},{"damage":20,"enemies":"Exordium Wildlife","floor":7,"turns":4},{"damage":6,"enemies":"2 Fungi Beasts","floor":10,"turns":3},{"damage":10,"enemies":"Gremlin Gang","floor":11,"turns":3},{"damage":18,"enemies":"Lagavulin","floor":13,"turns":5},{"damage":5,"enemies":"Looter","floor":14,"turns":2},{"damage":17,"enemies":"Fading Forest","floor":16,"turns":11},{"damage":37,"enemies":"2 Thieves","floor":18,"turns":4},{"damage":25,"enemies":"Shell Parasite","floor":19,"turns":3},{"damage":28,"enemies":"Cultist and Chosen","floor":22,"turns":4}],"seed_played":"-294630686747538909","potions_obtained":[{"floor":1,"key":"PowerPotion"},{"floor":2,"key":"Doom Potion"},{"floor":4,"key":"Energy Potion"},{"floor":16,"key":"Fire Potion"},{"floor":18,"key":"DistilledChaos"}],"is_trial":false,"path_per_floor":["M","?","M","M","M","E","M","R","T","M","M","R","E","M","R","B",null,"M","M","?","$","M"],"character_chosen":"IRONCLAD","items_purchased":["hubris:EmptyBottle","StuffTheSpire:Mouthbags","MerchantsRug"],"campfire_rested":2,"item_purchase_floors":[21,21,21],"current_hp_per_floor":[80,48,48,43,31,24,10,34,34,34,30,54,42,46,46,49,60,32,18,18,18,0,0],"gold":75,"neow_bonus":"DSIX","is_daily":false,"chose_seed":false,"campfire_upgraded":1,"win_rate":0,"timestamp":1607617554,"path_taken":["M","?","M","?","M","E","M","R","T","M","M","R","E","M","R","BOSS","M","?","?","?","?"],"build_version":"2020-11-30","purchased_purges":0,"victory":false,"max_hp_per_floor":[80,80,80,80,80,80,80,80,80,80,80,80,60,60,60,60,60,60,60,60,60,60,60],"card_choices":[{"not_picked":["Run Through","Battle Trance"],"picked":"Pommel Strike","floor":1},{"not_picked":["Carnage","Anger"],"picked":"Run Through","floor":2},{"not_picked":["Fire Breathing","ReplayTheSpireMod:Strike From Hell"],"picked":"conspire:Purge","floor":2},{"not_picked":["Havoc","Armaments"],"picked":"Cleave","floor":3},{"not_picked":["Run Through","True Grit","Wild Strike"],"picked":"SKIP","floor":4},{"not_picked":["StuffTheSpire:RockThrow","Armaments","Anger"],"picked":"SKIP","floor":5},{"not_picked":["Immolate","Eclipse"],"picked":"Rampage","floor":6},{"not_picked":["Iron Wave","ReplayTheSpireMod:Strike From Hell"],"picked":"Twin Strike","floor":7},{"not_picked":["Run Through","jedi:suffering","True Grit"],"picked":"SKIP","floor":10},{"not_picked":["Entrench","Shrug It Off","Wild Strike"],"picked":"SKIP","floor":11},{"not_picked":["jedi:fear","Ghostly Armor","Massacre"],"picked":"SKIP","floor":13},{"not_picked":["Headbutt","Flame Barrier","Run Through"],"picked":"SKIP","floor":14},{"not_picked":["Fiend Fire","hubris:StunningStrike"],"picked":"Demonic Infusion","floor":16},{"not_picked":["Iron Wave","Pommel Strike"],"picked":"StuffTheSpire:Incineration","floor":18},{"not_picked":["Heavy Blade","jedi:hate"],"picked":"Sword Boomerang+1","floor":19}],"player_experience":164571,"relics_obtained":[{"floor":2,"key":"Mirror"},{"floor":6,"key":"Nunchaku"},{"floor":13,"key":"infinitespire:Lychee Nut"}],"event_choices":[{"cards_removed":["Rampage"],"damage_healed":0,"gold_gain":0,"player_choice":"Give","damage_taken":0,"max_hp_gain":0,"max_hp_loss":0,"event_name":"betterNote:BetterNote","floor":20,"gold_loss":0,"cards_obtained":["None"]}],"is_beta":false,"boss_relics":[{"not_picked":["halation:HeavySnake","ReplayTheSpireMod:SealedPack"],"picked":"Mark of Pain"}],"items_purged_floors":[],"is_endless":false,"potions_floor_spawned":[1,4,6,10,16,18],"killed_by":"Cultist and Chosen","ascension_level":0}}