{"host":"p7j7o00jacnw7qzt","time":1607585990,"event":{"gold_per_floor":[113,113,123,198,222,257,257,283,309,309,339,364,364,377,377,451,451,470,70,70,86,86,97,129,149,149,149,182,97,126,126,126,205,205,225,238,238,238,252,252,278,278,278,332,3,18,50,67,67,67,67],"floor_reached":50,"playtime":1893,"items_purged":["Strike_R"],"score":1548,"play_id":"380db7a6-e90b-4f40-8ae8-52abcc3f493a","local_time":"20201210023950","is_ascension_mode":true,"campfire_choices":[{"data":"Hemokinesis","floor":7.0,"key":"SMITH"},{"data":"Shockwave","floor":10.0,"key":"SMITH"},{"data":"Fiend Fire","floor":13.0,"key":"SMITH"},{"data":"Dark Embrace","floor":15.0,"key":"SMITH"},{"data":"Burning Pact","floor":27.0,"key":"SMITH"},{"floor":32.0,"key":"REST"},{"data":"1","floor":40.0,"key":"LIFT"},{"floor":42.0,"key":"RECALL"},{"data":"2","floor":49,"key":"LIFT"}],"neow_cost":"NONE","seed_source_timestamp":2172857313582200,"circlet_count":0,"master_deck":["AscendersBane","Strike_R+1","Strike_R","Strike_R","Defend_R","Defend_R","Defend_R","Defend_R+1","Bash","Hemokinesis+1","Shockwave+1","Pommel Strike","Fiend Fire+1","Dark Embrace+1","Offering+1","Evolve","Shrug It Off","Burning Pact+1","Seeing Red","Impervious","Reaper+1","Sentinel","Feel No Pain+1","Offering"],"special_seed":0,"relics":["Burning Blood","NeowsBlessing","Anchor","Juzu Bracelet","Boot","Red Skull","Vajra","Odd Mushroom","Happy Flower","Black Star","Omamori","OrangePellets","Lantern","Oddly Smooth Stone","Girya","Mummified Hand","Paper Frog","Orichalcum","StoneCalendar","War Paint","Enchiridion","Runic Pyramid","Torii","Pantograph","Unceasing Top","Gambling Chip","TungstenRod","Whetstone"],"potions_floor_usage":[],"damage_taken":[{"damage":0.0,"enemies":"Small Slimes","floor":1.0,"turns":1.0},{"damage":0.0,"enemies":"2 Louse","floor":3.0,"turns":1.0},{"damage":0.0,"enemies":"Gremlin Nob","floor":6.0,"turns":1.0},{"damage":26.0,"enemies":"Lagavulin","floor":8.0,"turns":5.0},{"damage":5.0,"enemies":"The Mushroom Lair","floor":11.0,"turns":3.0},{"damage":14.0,"enemies":"3 Sentries","floor":12.0,"turns":4.0},{"damage":2.0,"enemies":"Jaw Worm","floor":14.0,"turns":1.0},{"damage":4.0,"enemies":"Slime Boss","floor":16.0,"turns":3.0},{"damage":13.0,"enemies":"3 Byrds","floor":18.0,"turns":5.0},{"damage":11.0,"enemies":"Shell Parasite","floor":21.0,"turns":2.0},{"damage":4.0,"enemies":"Centurion and Healer","floor":23.0,"turns":4.0},{"damage":22.0,"enemies":"Book of Stabbing","floor":24.0,"turns":2.0},{"damage":14.0,"enemies":"3 Cultists","floor":25.0,"turns":3.0},{"damage":11.0,"enemies":"Gremlin Leader","floor":28.0,"turns":3.0},{"damage":19.0,"enemies":"Book of Stabbing","floor":30.0,"turns":3.0},{"damage":10.0,"enemies":"Collector","floor":33.0,"turns":2.0},{"damage":2.0,"enemies":"3 Shapes","floor":35.0,"turns":7.0},{"damage":14.0,"enemies":"3 Darklings","floor":36.0,"turns":4.0},{"damage":8.0,"enemies":"Transient","floor":39.0,"turns":6.0},{"damage":2.0,"enemies":"Reptomancer","floor":41.0,"turns":2.0},{"damage":13.0,"enemies":"2 Orb Walkers","floor":44.0,"turns":4.0},{"damage":8.0,"enemies":"Sphere and 2 Shapes","floor":46.0,"turns":1.0},{"damage":15.0,"enemies":"Nemesis","floor":47.0,"turns":3.0},{"damage":5,"enemies":"Writhing Mass","floor":48,"turns":2},{"damage":0,"enemies":"Donu and Deca","floor":50,"turns":1}],"seed_played":"-2539529516353569468","potions_obtained":[{"floor":6.0,"key":"FearPotion"},{"floor":8.0,"key":"BloodPotion"},{"floor":11.0,"key":"AttackPotion"},{"floor":24.0,"key":"Fire Potion"},{"floor":28.0,"key":"AttackPotion"},{"floor":35.0,"key":"AttackPotion"}],"is_trial":false,"path_per_floor":["M","?","M","?","T","E","R","E","T","R","?","E","R","M","R","B",null,"M","$","?","M","?","M","E","M","T","R","E","?","E","?","R","B",null,"M","M","?","?","M","R","E","R","T","?","$","M","E","M","R","B"],"character_chosen":"IRONCLAD","items_purchased":["Omamori","OrangePellets","Gambling Chip"],"campfire_rested":1,"item_purchase_floors":[19,19,45],"current_hp_per_floor":[74,48,54,43,43,49,49,29,29,29,45,37,37,41,41,43,67,60,60,60,55,70,72,56,48,48,48,43,43,30,9,31,27,63,67,59,59,59,65,65,75,75,75,68,68,66,57,58,58,75,75],"gold":67,"neow_bonus":"THREE_ENEMY_KILL","is_prod":false,"is_daily":false,"chose_seed":false,"campfire_upgraded":5,"win_rate":0,"timestamp":1607585990,"path_taken":["M","?","M","?","?","E","R","E","T","R","?","E","R","M","R","BOSS","M","$","?","M","?","M","E","M","T","R","E","?","E","?","R","BOSS","M","M","?","?","M","R","E","R","T","?","$","M","E","M","R","BOSS"],"build_version":"2020-11-30","purchased_purges":1,"victory":false,"max_hp_per_floor":[75,75,75,75,75,75,75,75,75,75,75,75,75,75,75,75,75,75,75,75,75,75,75,75,75,75,75,75,75,75,75,75,75,75,75,75,75,75,75,75,75,75,75,75,75,75,75,75,75,75,75],"relic_stats":{"Happy Flower":[19],"Torii":4,"counters":[25,73],"StoneCalendar":[95],"Juzu Bracelet":2,"Whetstone":["Reaper","Strike_R"],"Orichalcum":[24],"War Paint":["Offering","Defend_R"],"Boot":[5],"Burning Blood":140,"OrangePellets":[0],"Mummified Hand":[30],"Pantograph":17,"Gambling Chip":[13],"Black Star":5,"obtain_stats":[{"Lantern":24,"Torii":41,"Vajra":9,"Enchiridion":31,"StoneCalendar":30,"Juzu Bracelet":5,"Whetstone":47,"Boot":6,"Burning Blood":0,"Mummified Hand":28,"Pantograph":41,"Gambling Chip":45,"Red Skull":8,"Paper Frog":28,"Runic Pyramid":34,"Girya":26,"NeowsBlessing":0,"Happy Flower":12,"Oddly Smooth Stone":24,"Omamori":19,"Odd Mushroom":11,"Orichalcum":29,"War Paint":30,"OrangePellets":19,"Anchor":2,"Black Star":17,"Unceasing Top":44,"TungstenRod":47},{"Lantern":12,"Torii":20,"Vajra":4,"Enchiridion":15,"StoneCalendar":15,"Juzu Bracelet":2,"Whetstone":23,"Boot":3,"Burning Blood":0,"Mummified Hand":14,"Pantograph":20,"Gambling Chip":21,"Red Skull":4,"Paper Frog":14,"Runic Pyramid":16,"Girya":13,"NeowsBlessing":0,"Happy Flower":6,"Oddly Smooth Stone":12,"Omamori":9,"Odd Mushroom":5,"Orichalcum":14,"War Paint":15,"OrangePellets":9,"Anchor":1,"Black Star":8,"Unceasing Top":21,"TungstenRod":23},{"Lantern":32,"Torii":62,"Vajra":8,"Enchiridion":41,"StoneCalendar":41,"Juzu Bracelet":2,"Whetstone":70,"Boot":3,"Burning Blood":0,"Mummified Hand":38,"Pantograph":62,"Gambling Chip":66,"Red Skull":8,"Paper Frog":38,"Runic Pyramid":43,"Girya":35,"NeowsBlessing":0,"Happy Flower":15,"Oddly Smooth Stone":32,"Omamori":24,"Odd Mushroom":11,"Orichalcum":38,"War Paint":41,"OrangePellets":24,"Anchor":1,"Black Star":19,"Unceasing Top":66,"TungstenRod":70}],"Unceasing Top":[2],"TungstenRod":1},"card_choices":[{"not_picked":["Wild Strike","Infernal Blade","Uppercut"],"picked":"SKIP","floor":1.0},{"not_picked":["Rupture","Clothesline"],"picked":"Hemokinesis","floor":3.0},{"not_picked":["Sword Boomerang","Warcry"],"picked":"Shockwave","floor":6.0},{"not_picked":["Headbutt","Shockwave","Wild Strike"],"picked":"SKIP","floor":8.0},{"not_picked":["Clash","Ghostly Armor"],"picked":"Pommel Strike","floor":11.0},{"not_picked":["Shockwave","Pommel Strike"],"picked":"Fiend Fire","floor":12.0},{"not_picked":["Flex","Fire Breathing"],"picked":"Dark Embrace","floor":14.0},{"not_picked":["Fiend Fire","Berserk"],"picked":"Offering","floor":16.0},{"not_picked":["True Grit","Searing Blow"],"picked":"Evolve","floor":18.0},{"not_picked":["Clash","Body Slam"],"picked":"Shrug It Off","floor":21.0},{"not_picked":["Evolve","Thunderclap","Inflame"],"picked":"SKIP","floor":23.0},{"not_picked":["Armaments+1","True Grit"],"picked":"Burning Pact","floor":24.0},{"not_picked":["Sever Soul","Clash"],"picked":"Seeing Red","floor":25.0},{"not_picked":["Body Slam","Reckless Charge","Shockwave+1"],"picked":"SKIP","floor":28.0},{"not_picked":["Perfected Strike","Headbutt","Juggernaut"],"picked":"SKIP","floor":30.0},{"not_picked":["Fiend Fire","Demon Form"],"picked":"Impervious","floor":33.0},{"not_picked":["Rage","Clash","Evolve+1"],"picked":"SKIP","floor":35.0},{"not_picked":["Evolve+1","Headbutt+1","Flex"],"picked":"SKIP","floor":36.0},{"not_picked":["Fire Breathing","Metallicize+1"],"picked":"Feel No Pain+1","floor":39.0},{"not_picked":["Wild Strike","Anger","Headbutt"],"picked":"SKIP","floor":41.0},{"not_picked":["Burning Pact+1","Entrench"],"picked":"Offering","floor":44.0},{"not_picked":["Disarm","Whirlwind","True Grit+1"],"picked":"SKIP","floor":46.0},{"not_picked":["Reckless Charge","Thunderclap","Fire Breathing+1"],"picked":"SKIP","floor":47.0},{"not_picked":["Power Through+1","Pommel Strike","Sever Soul+1"],"picked":"SKIP","floor":48}],"player_experience":731042,"relics_obtained":[{"floor":5.0,"key":"Juzu Bracelet"},{"floor":6.0,"key":"Boot"},{"floor":8.0,"key":"Red Skull"},{"floor":9.0,"key":"Vajra"},{"floor":11.0,"key":"Odd Mushroom"},{"floor":12.0,"key":"Happy Flower"},{"floor":24.0,"key":"Lantern"},{"floor":24.0,"key":"Oddly Smooth Stone"},{"floor":26.0,"key":"Girya"},{"floor":28.0,"key":"Mummified Hand"},{"floor":28.0,"key":"Paper Frog"},{"floor":30.0,"key":"StoneCalendar"},{"floor":30.0,"key":"War Paint"},{"floor":31.0,"key":"Enchiridion"},{"floor":41.0,"key":"Torii"},{"floor":41.0,"key":"Pantograph"},{"floor":44.0,"key":"Unceasing Top"},{"floor":47.0,"key":"TungstenRod"},{"floor":47.0,"key":"Whetstone"}],"event_choices":[{"damage_healed":0.0,"max_hp_gain":0.0,"max_hp_loss":0.0,"gold_gain":0.0,"event_name":"Scrap Ooze","player_choice":"Success","floor":2.0,"gold_loss":0.0,"damage_taken":26.0,"relics_obtained":["Anchor"]},{"damage_healed":0.0,"max_hp_gain":0.0,"max_hp_loss":0.0,"gold_gain":75.0,"event_name":"World of Goop","player_choice":"Gather Gold","floor":4.0,"gold_loss":0.0,"damage_taken":11.0},{"damage_healed":0.0,"max_hp_gain":0.0,"max_hp_loss":0.0,"gold_gain":0.0,"event_name":"Mushrooms","player_choice":"Fought Mushrooms","floor":11.0,"gold_loss":0.0,"damage_taken":0.0},{"cards_removed":["Strike_R"],"damage_healed":0.0,"max_hp_gain":0.0,"max_hp_loss":0.0,"gold_gain":0.0,"event_name":"Back to Basics","player_choice":"Elegance","floor":20.0,"gold_loss":0.0,"damage_taken":0.0},{"damage_healed":15.0,"max_hp_gain":0.0,"max_hp_loss":0.0,"gold_gain":0.0,"event_name":"The Library","player_choice":"Heal","floor":22.0,"gold_loss":0.0,"damage_taken":0.0},{"damage_healed":0.0,"max_hp_gain":0.0,"max_hp_loss":0.0,"gold_gain":0.0,"event_name":"Addict","player_choice":"Obtained Relic","floor":29.0,"gold_loss":85.0,"damage_taken":0.0,"relics_obtained":["Orichalcum"]},{"damage_healed":0.0,"max_hp_gain":0.0,"max_hp_loss":0.0,"gold_gain":0.0,"event_name":"Cursed Tome","player_choice":"Obtained Book","floor":31.0,"gold_loss":0.0,"damage_taken":21.0},{"damage_healed":0.0,"max_hp_gain":0.0,"max_hp_loss":0.0,"gold_gain":0.0,"event_name":"Tomb of Lord Red Mask","player_choice":"Ignored","floor":37.0,"gold_loss":0.0,"damage_taken":0.0},{"damage_healed":0.0,"max_hp_gain":0.0,"max_hp_loss":0.0,"gold_gain":0.0,"event_name":"Match and Keep!","player_choice":"2 cards matched","floor":38.0,"gold_loss":0.0,"damage_taken":0.0,"cards_obtained":["Reaper","Sentinel"]},{"damage_healed":0.0,"max_hp_gain":0.0,"max_hp_loss":0.0,"gold_gain":0.0,"event_name":"Mysterious Sphere","player_choice":"Fight","floor":44.0,"gold_loss":0.0,"damage_taken":0.0}],"is_beta":false,"boss_relics":[{"not_picked":["Black Blood","Pandora\u0027s Box"],"picked":"Black Star"},{"not_picked":["SacredBark","Mark of Pain"],"picked":"Runic Pyramid"}],"items_purged_floors":[19],"is_endless":false,"potions_floor_spawned":[6,8,11,12,24,28,35,48],"killed_by":"Donu and Deca","ascension_level":20}}