{"host":"ci7ivtocgfxh0ueo","time":1607576276,"event":{"gold_per_floor":[113,113,127,127,146,173,173,173,173],"floor_reached":8,"playtime":170,"items_purged":[],"score":104,"play_id":"bc5f3f79-ace2-4e83-9414-290637597985","local_time":"20201210125756","is_ascension_mode":true,"campfire_choices":[],"neow_cost":"NONE","seed_source_timestamp":152181527735600,"circlet_count":0,"master_deck":["AscendersBane","Strike_R","Strike_R","Strike_R","Strike_R","Strike_R","Defend_R","Defend_R","Defend_R","Defend_R","Bash","Infernal Blade+1","Carnage","Pummel","Dropkick"],"relics":["Burning Blood","NeowsBlessing","Darkstone Periapt"],"potions_floor_usage":[6,6],"damage_taken":[{"damage":0,"enemies":"Jaw Worm","floor":1,"turns":1},{"damage":0,"enemies":"2 Louse","floor":3,"turns":1},{"damage":0,"enemies":"Small Slimes","floor":5,"turns":1},{"damage":40,"enemies":"Lagavulin","floor":6,"turns":5},{"damage":50,"enemies":"3 Sentries","floor":8,"turns":7}],"seed_played":"-200009738052851969","potions_obtained":[{"floor":1,"key":"Swift Potion"},{"floor":3,"key":"Swift Potion"}],"is_trial":false,"path_per_floor":["M","?","M","?","M","E","?","E"],"character_chosen":"IRONCLAD","items_purchased":[],"campfire_rested":0,"item_purchase_floors":[],"current_hp_per_floor":[74,74,75,75,75,41,41,0,0],"gold":173,"neow_bonus":"THREE_ENEMY_KILL","is_prod":false,"is_daily":false,"chose_seed":false,"campfire_upgraded":0,"win_rate":0,"timestamp":1607576276,"path_taken":["M","?","M","?","?","E","?","E"],"build_version":"2020-11-30","purchased_purges":0,"victory":false,"max_hp_per_floor":[75,75,75,75,75,75,75,75,75],"card_choices":[{"not_picked":["Shockwave","Headbutt"],"picked":"Infernal Blade","floor":1},{"not_picked":["True Grit","Sentinel"],"picked":"Carnage","floor":3},{"not_picked":["Heavy Blade","Anger"],"picked":"Pummel","floor":5},{"not_picked":["Heavy Blade","True Grit"],"picked":"Dropkick","floor":6}],"player_experience":1246359,"relics_obtained":[{"floor":6,"key":"Darkstone Periapt"}],"event_choices":[{"damage_healed":0,"gold_gain":0,"player_choice":"Ignored","damage_taken":0,"max_hp_gain":0,"max_hp_loss":0,"event_name":"Golden Wing","floor":2,"gold_loss":0},{"damage_healed":0,"gold_gain":0,"player_choice":"Grow","damage_taken":0,"max_hp_gain":0,"max_hp_loss":0,"event_name":"Living Wall","floor":4,"gold_loss":0,"cards_upgraded":["Infernal Blade"]},{"damage_healed":0,"gold_gain":0,"player_choice":"Ignored","damage_taken":0,"max_hp_gain":0,"max_hp_loss":0,"event_name":"Golden Idol","floor":7,"gold_loss":0}],"is_beta":false,"boss_relics":[],"items_purged_floors":[],"is_endless":false,"potions_floor_spawned":[1,3],"killed_by":"3 Sentries","ascension_level":17}}