{"host":"10hinapzqlh39548","time":1607590903,"event":{"gold_per_floor":[118,131,742,759,759,759,759,759,785,785,811,830,856,876,876,876,876],"floor_reached":16,"playtime":1100,"items_purged":[],"score":236,"play_id":"00da933e-62ac-45fd-b5a2-efddb02053ee","local_time":"20201210100143","is_ascension_mode":true,"campfire_choices":[{"data":"Redo","floor":6.0,"key":"SMITH"},{"floor":8.0,"key":"REST"},{"data":"Blizzard","floor":15,"key":"SMITH"}],"neow_cost":"NONE","seed_source_timestamp":859017095500,"circlet_count":0,"master_deck":["AscendersBane","Strike_B","Strike_B+1","Strike_B","Strike_B","Defend_B","Defend_B","Defend_B","Defend_B","Zap+1","Dualcast","MostiFishMod:Hijack","Coolheaded","Redo+1","FTL","Steam","Redo","Blizzard+1","Steam"],"special_seed":0,"relics":["Cracked Core","DaveBox","The Courier","Question Card","Happy Flower","ReplayTheSpireMod:TigerMarble","Incense Burner"],"potions_floor_usage":[13,16],"damage_taken":[{"damage":1.0,"enemies":"2 Louse","floor":1.0,"turns":3.0},{"damage":7.0,"enemies":"Small Slimes","floor":2.0,"turns":3.0},{"damage":0.0,"enemies":"Cultist","floor":3.0,"turns":3.0},{"damage":15.0,"enemies":"Large Slime","floor":4.0,"turns":7.0},{"damage":10,"enemies":"Lots of Slimes","floor":12,"turns":4},{"damage":15,"enemies":"Gremlin Nob","floor":13,"turns":5},{"damage":12,"enemies":"Exordium Wildlife","floor":14,"turns":4},{"damage":25,"enemies":"Slime Boss","floor":16,"turns":5}],"seed_played":"-2656150809632449252","potions_obtained":[{"floor":1.0,"key":"SkillPotion"},{"floor":3.0,"key":"Fruit Juice"},{"floor":12,"key":"PowerPotion"},{"floor":13,"key":"Milkshake"}],"is_trial":false,"path_per_floor":["M","M","M","M","?","R","?","R","T","?","T","M","E","M","R","B"],"character_chosen":"DEFECT","items_purchased":[],"campfire_rested":1,"item_purchase_floors":[],"current_hp_per_floor":[67,60,65,50,34,34,27,51,51,51,51,41,26,14,14,0,0],"gold":876,"neow_bonus":"ONE_RANDOM_RARE_CARD","is_prod":false,"is_daily":false,"chose_seed":false,"campfire_upgraded":2,"win_rate":0,"timestamp":1607590903,"path_taken":["M","M","M","M","?","R","?","R","T","?","?","M","E","M","R","BOSS"],"build_version":"2020-11-30","purchased_purges":0,"victory":false,"max_hp_per_floor":[75,75,80,80,80,80,80,80,80,80,80,80,80,80,80,80,80],"card_choices":[{"not_picked":["Lockon","ReplaySort"],"picked":"Coolheaded","floor":1.0},{"not_picked":["Barrage","Auto Shields","Static Discharge"],"picked":"Redo","floor":2.0},{"not_picked":["BasicCrystalCard","Barrage","Steam"],"picked":"FTL","floor":3.0},{"not_picked":["Chaos","Barrage","Static Discharge"],"picked":"Steam","floor":4.0},{"not_picked":["Cold Snap","MostiFishMod:DeathFromBelow","Panic Button"],"picked":"Redo","floor":12},{"not_picked":["Compile Driver","Force Field","Sweeping Beam"],"picked":"Blizzard","floor":13},{"not_picked":["MostiFishMod:ReprogramOld","Gash","ReplayTheSpireMod:GoodbyeWorld"],"picked":"Steam","floor":14}],"player_experience":1077981,"relics_obtained":[{"floor":1.0,"key":"Question Card"},{"floor":11.0,"key":"ReplayTheSpireMod:TigerMarble"},{"floor":13,"key":"Incense Burner"}],"event_choices":[{"damage_healed":0.0,"max_hp_gain":0.0,"max_hp_loss":0.0,"gold_gain":0.0,"event_name":"Shining Light","player_choice":"Entered Light","floor":5.0,"gold_loss":0.0,"damage_taken":16.0,"cards_upgraded":["Strike_B","Zap"]},{"damage_healed":0.0,"max_hp_gain":0.0,"max_hp_loss":0.0,"gold_gain":0.0,"event_name":"Scrap Ooze","player_choice":"Success","floor":7.0,"gold_loss":0.0,"damage_taken":7.0,"relics_obtained":["Happy Flower"]},{"damage_healed":0.0,"max_hp_gain":0.0,"max_hp_loss":0.0,"gold_gain":0.0,"event_name":"Liars Game","player_choice":"Ignored","floor":10.0,"gold_loss":0.0,"damage_taken":0.0}],"is_beta":false,"boss_relics":[],"items_purged_floors":[],"is_endless":false,"potions_floor_spawned":[1,3,12,13],"killed_by":"Slime Boss","ascension_level":11}}