{"host":"kw4o7b3ro2ktmmbe","time":1607585958,"event":{"gold_per_floor":[118,293,70,84,84,84,95,95,95,122,122,168,195,213,213,333,333,353,370,370,387,414,451,451,503,512,551,563,575,575],"floor_reached":29,"playtime":3362,"items_purged":["Doubt"],"score":265,"play_id":"6961ce8c-a70a-44a9-aaec-f37530ccea1a","local_time":"20201210203918","is_ascension_mode":false,"campfire_choices":[{"data":"construct:Autoturret","floor":6.0,"key":"SMITH"},{"data":"construct:DefenseMode","floor":8.0,"key":"SMITH"},{"data":"construct:SpinDrive","floor":15.0,"key":"SMITH"},{"floor":28,"key":"REST"}],"neow_cost":"NONE","seed_source_timestamp":720542330455754,"circlet_count":0,"master_deck":["construct:Strike_Gold","construct:Strike_Gold","construct:Strike_Gold","construct:Strike_Gold","construct:Strike_Gold","construct:Defend_Gold","construct:Defend_Gold","construct:Defend_Gold","construct:Defend_Gold","construct:Defend_Gold","construct:DefenseMode+1","construct:Autoturret+1","construct:Synchronize","TH:DeckOfManyThings","construct:SpinDrive+1","construct:ChargeShot","TH:TreasureMap","construct:SpinDrive","construct:Backup","TH:Mimic","construct:Bunker","construct:Autoturret+1","construct:GuardCore","TH:EnergyPotion","TH:ElvenBoots","construct:Forcefield+1","TH:BikiniMail","construct:SaveState+1"],"special_seed":0,"relics":["construct:Cogwheel","Sling","Potion Belt","Blue Candle","Odd Mushroom","CeramicFish","Busted Crown","construct:BoolHorns","Toxic Egg 2","MawBank"],"potions_floor_usage":[25,27,27],"damage_taken":[{"damage":1.0,"enemies":"Jaw Worm","floor":1.0,"turns":4.0},{"damage":2.0,"enemies":"Small Slimes","floor":4.0,"turns":3.0},{"damage":1.0,"enemies":"2 Louse","floor":7.0,"turns":6.0},{"damage":17.0,"enemies":"The Mushroom Lair","floor":10.0,"turns":5.0},{"damage":4.0,"enemies":"Lagavulin","floor":12.0,"turns":6.0},{"damage":11.0,"enemies":"Blue Slaver","floor":13.0,"turns":8.0},{"damage":12.0,"enemies":"Gremlin Gang","floor":14.0,"turns":5.0},{"damage":40.0,"enemies":"The Guardian","floor":16.0,"turns":9.0},{"damage":11.0,"enemies":"Chosen","floor":18.0,"turns":5.0},{"damage":21.0,"enemies":"Shell Parasite","floor":19.0,"turns":6.0},{"damage":2.0,"enemies":"3 Cultists","floor":21.0,"turns":4.0},{"damage":0.0,"enemies":"Snake Plant","floor":22.0,"turns":4.0},{"damage":29.0,"enemies":"Gremlin Leader","floor":23.0,"turns":5.0},{"damage":24,"enemies":"Book of Stabbing","floor":25,"turns":10},{"damage":10,"enemies":"Centurion and Healer","floor":27,"turns":9},{"damage":35,"enemies":"Gremlin Leader","floor":29,"turns":4}],"seed_played":"1433445988908129153","potions_obtained":[{"floor":4.0,"key":"LiquidMemories"},{"floor":7.0,"key":"Fruit Juice"},{"floor":10.0,"key":"Fire Potion"},{"floor":16.0,"key":"DistilledChaos"},{"floor":19.0,"key":"EssenceOfSteel"},{"floor":21.0,"key":"PowerPotion"},{"floor":22.0,"key":"GamblersBrew"}],"is_trial":false,"path_per_floor":["M","?","$","M","?","R","M","R","T","?","?","E","M","M","R","B",null,"M","M","?","M","M","E","?","E","T","M","R","E"],"character_chosen":"THE_CONSTRUCT_MOD","items_purchased":["Sling"],"campfire_rested":1,"item_purchase_floors":[3],"current_hp_per_floor":[92,92,92,90,87,87,91,91,91,74,74,70,59,47,47,7,98,87,66,66,64,64,35,35,11,11,1,30,0,0],"gold":575,"neow_bonus":"TEN_PERCENT_HP_BONUS","is_prod":false,"is_daily":false,"chose_seed":false,"campfire_upgraded":3,"win_rate":0.0,"timestamp":1607585958,"path_taken":["M","?","$","M","?","R","?","R","T","?","?","E","M","M","R","BOSS","M","?","?","?","M","E","?","E","T","M","R","E"],"build_version":"2020-11-30","purchased_purges":1,"victory":false,"max_hp_per_floor":[93,93,93,93,93,93,98,98,98,98,98,98,98,98,98,98,98,98,98,98,98,98,98,98,98,98,98,98,98,98],"card_choices":[{"not_picked":["construct:SaveState","construct:Accumulate","construct:HeavyBolt"],"picked":"SKIP","floor":1.0},{"not_picked":["construct:Isolate","construct:Impenetrable"],"picked":"construct:Autoturret","floor":4.0},{"not_picked":["construct:VentSteam","construct:SaveState"],"picked":"construct:Synchronize","floor":7.0},{"not_picked":["TH:Mimic"],"picked":"TH:DeckOfManyThings","floor":9.0},{"not_picked":["construct:Autoturret","construct:Backfire"],"picked":"construct:SpinDrive","floor":10.0},{"not_picked":["TH:BikiniMail"],"picked":"TH:TreasureMap","floor":12.0},{"not_picked":["construct:Boost","construct:OneWayMirror"],"picked":"construct:SpinDrive","floor":12.0},{"not_picked":["construct:Accumulate","construct:SuppressiveFire"],"picked":"construct:Backup","floor":13.0},{"not_picked":["construct:Accumulate","construct:GuardCore","construct:SuppressiveFire"],"picked":"SKIP","floor":14.0},{"not_picked":["TH:PixieDust"],"picked":"TH:Mimic","floor":16.0},{"not_picked":["construct:ShiftingStance","construct:SiegeForm"],"picked":"construct:Bunker","floor":16.0},{"not_picked":[],"picked":"construct:Autoturret+1","floor":18.0},{"not_picked":["construct:Anticipate"],"picked":"SKIP","floor":19.0},{"not_picked":["construct:Electrocute"],"picked":"SKIP","floor":21.0},{"not_picked":[],"picked":"construct:GuardCore","floor":22.0},{"not_picked":[],"picked":"TH:EnergyPotion","floor":23.0},{"not_picked":["construct:Forcefield"],"picked":"SKIP","floor":23.0},{"not_picked":[],"picked":"TH:ElvenBoots","floor":25},{"not_picked":[],"picked":"construct:Forcefield+1","floor":25},{"not_picked":[],"picked":"TH:BikiniMail","floor":26},{"not_picked":[],"picked":"construct:SaveState+1","floor":27}],"player_experience":1723902,"relics_obtained":[{"floor":9.0,"key":"Blue Candle"},{"floor":10.0,"key":"Odd Mushroom"},{"floor":12.0,"key":"CeramicFish"},{"floor":23.0,"key":"construct:BoolHorns"},{"floor":25,"key":"Toxic Egg 2"},{"floor":26,"key":"MawBank"}],"event_choices":[{"damage_healed":0.0,"max_hp_gain":0.0,"max_hp_loss":0.0,"gold_gain":175.0,"event_name":"Liars Game","player_choice":"AGREE","floor":2.0,"gold_loss":0.0,"damage_taken":0.0,"cards_obtained":["Doubt"]},{"damage_healed":0.0,"max_hp_gain":0.0,"max_hp_loss":0.0,"gold_gain":0.0,"event_name":"Scrap Ooze","player_choice":"Success","floor":5.0,"gold_loss":0.0,"damage_taken":3.0,"relics_obtained":["Potion Belt"]},{"damage_healed":0.0,"max_hp_gain":0.0,"max_hp_loss":0.0,"gold_gain":0.0,"event_name":"Mushrooms","player_choice":"Fought Mushrooms","floor":10.0,"gold_loss":0.0,"damage_taken":0.0},{"damage_healed":0.0,"max_hp_gain":0.0,"max_hp_loss":0.0,"gold_gain":0.0,"event_name":"Match and Keep!","player_choice":"1 cards matched","floor":11.0,"gold_loss":0.0,"damage_taken":0.0,"cards_obtained":["construct:ChargeShot"]},{"cards_removed":["construct:AttackMode"],"damage_healed":0.0,"max_hp_gain":0.0,"max_hp_loss":0.0,"gold_gain":0.0,"event_name":"Purifier","player_choice":"Purged","floor":20.0,"gold_loss":0.0,"damage_taken":0.0},{"damage_healed":0,"gold_gain":0,"player_choice":"Ignored","damage_taken":0,"max_hp_gain":0,"max_hp_loss":0,"event_name":"Transmorgrifier","floor":24,"gold_loss":0}],"is_beta":false,"boss_relics":[{"not_picked":["Empty Cage","SlaversCollar"],"picked":"Busted Crown"}],"items_purged_floors":[3],"is_endless":false,"potions_floor_spawned":[4,7,10,16,19,21,22],"killed_by":"Gremlin Leader","ascension_level":0}}