{"host":"52jmisti11ysmja4","time":1607642089,"event":{"mods":["BaseMod","StSLib","Remove Card Discount Mod","Minty Spire (QoL Compilation)","Better Third Choice","Aspiration","Hermit","The Servant 0.9.4","Shade Mod","The Vixen","Koishi","The Cursed"],"gold_per_floor":[112,112,49,59,79,109,109,130,130,159,159,159,184,201,201,298,298,318,336,336,332,344,344,191,106,106,139,25,35,29,59,71,187,199,226,252,282,344,366,405,417,457,469,526,548,560,572,613,625,637],"floor_reached":51,"playtime":3443,"items_purged":["Defend_S","Defend_S","Defend_S","Defend_S","Strike_S","Strike_S","Strike_S","Strike_S","Ricochet","ReturningBlade","Ricochet"],"score":1274,"play_id":"693a2754-42e5-4078-9602-e1941791e45e","local_time":"20201210151449","is_ascension_mode":true,"campfire_choices":[{"data":"SilverMatrix","floor":7,"key":"SMITH"},{"data":"Rearm","floor":11,"key":"SMITH"},{"data":"InstantArmor","floor":15,"key":"SMITH"},{"data":"FlawlessForm","floor":23,"key":"SMITH"},{"floor":32,"key":"REST"},{"floor":41,"key":"REST"},{"data":"TheWorld","floor":47,"key":"SMITH"},{"floor":49,"key":"REST"}],"circlet_count":0,"master_deck":["AscendersBane","Exchange","ShatteredReality","Rearm+1","SilverMatrix+1","Contraction","BottledTime","InstantArmor+1","Orbit","FlawlessForm+1","RealityMarble+1","ShatteredReality","KillingDoll","Luminosity","Luminosity","Orbit","Barrier","SilverBlades+1","BottledTime","BestPractice+1","BestPractice+1","TheWorld+1","DancingSilver+1","BottledTime","BottledTime+1"],"relics":["SplendidAttire","NeowsBlessing","Mercury Hourglass","Odd Mushroom","Akabeko","Letter Opener","Ancient Tea Set","Strawberry","Centennial Puzzle","aspiration:HiddenCompartment","MawBank","Empty Cage","Prayer Wheel","Pen Nib","Broom","TungstenRod","Calipers","Ginger"],"acts_visited":["Exordium","TheCity","TheBeyond"],"potions_floor_usage":[10,16,16,31],"damage_taken":[{"damage":0,"enemies":"2 Louse","floor":1,"turns":1},{"damage":0,"enemies":"Small Slimes","floor":4,"turns":1},{"damage":0,"enemies":"Jaw Worm","floor":5,"turns":1},{"damage":9,"enemies":"Gremlin Nob","floor":6,"turns":4},{"damage":0,"enemies":"The Mushroom Lair","floor":8,"turns":1},{"damage":9,"enemies":"Lagavulin","floor":10,"turns":5},{"damage":0,"enemies":"Gremlin Nob","floor":13,"turns":3},{"damage":0,"enemies":"Exordium Wildlife","floor":14,"turns":2},{"damage":47,"enemies":"The Guardian","floor":16,"turns":8},{"damage":0,"enemies":"3 Byrds","floor":18,"turns":3},{"damage":0,"enemies":"Spheric Guardian","floor":19,"turns":2},{"damage":0,"enemies":"Snecko","floor":22,"turns":3},{"damage":17,"enemies":"Book of Stabbing","floor":27,"turns":4},{"damage":0,"enemies":"Sentry and Sphere","floor":29,"turns":1},{"damage":0,"enemies":"Slavers","floor":31,"turns":2},{"damage":3,"enemies":"Automaton","floor":33,"turns":5},{"damage":10,"enemies":"3 Shapes","floor":35,"turns":1},{"damage":0,"enemies":"Orb Walker","floor":36,"turns":3},{"damage":9,"enemies":"Spire Growth","floor":37,"turns":2},{"damage":3,"enemies":"Mind Bloom Boss Battle","floor":38,"turns":4},{"damage":0,"enemies":"Maw","floor":39,"turns":5},{"damage":3,"enemies":"Reptomancer","floor":40,"turns":4},{"damage":0,"enemies":"Nemesis","floor":42,"turns":3},{"damage":1,"enemies":"2 Orb Walkers","floor":44,"turns":3},{"damage":3,"enemies":"Jaw Worm Horde","floor":45,"turns":2},{"damage":20,"enemies":"Giant Head","floor":48,"turns":7},{"damage":38,"enemies":"Awakened One","floor":50,"turns":7}],"seed_played":"-253168578756554214","potions_obtained":[{"floor":4,"key":"Regen Potion"},{"floor":8,"key":"Explosive Potion"},{"floor":10,"key":"Regen Potion"},{"floor":13,"key":"SkillPotion"},{"floor":16,"key":"DistilledChaos"},{"floor":27,"key":"DistilledChaos"},{"floor":31,"key":"GamblersBrew"},{"floor":36,"key":"Energy Potion"}],"is_trial":false,"path_per_floor":["M","?","$","M","M","E","R","?","T","E","R","?","E","M","R","B",null,"M","M","?","$","M","R","$","?","T","E","$","M","$","E","R","B",null,"M","M","M","?","M","E","R","E","T","?","M","$","R","E","R","B",null],"character_chosen":"THE_SERVANT","items_purchased":["ShatteredReality","KillingDoll","Luminosity","Luminosity","Orbit"],"campfire_rested":3,"item_purchase_floors":[3,24,24,28,28],"current_hp_per_floor":[59,65,65,65,65,56,56,56,56,60,60,60,60,60,60,18,53,53,53,53,53,53,53,53,60,60,43,43,43,43,43,64,61,69,59,59,50,47,47,44,65,65,65,64,61,61,61,41,62,24],"gold":649,"neow_bonus":"THREE_ENEMY_KILL","is_daily":false,"chose_seed":false,"campfire_upgraded":5,"win_rate":0,"timestamp":1607642089,"path_taken":["M","?","$","M","M","E","R","?","T","E","R","?","E","?","R","BOSS","M","M","?","?","M","R","$","?","T","E","$","?","$","E","R","BOSS","M","M","?","?","M","E","R","E","T","?","M","$","R","E","R","BOSS"],"build_version":"2020-11-30","purchased_purges":11,"victory":true,"max_hp_per_floor":[65,65,65,65,65,65,65,65,65,65,65,65,65,65,65,65,65,65,65,65,65,65,65,65,72,72,72,72,72,72,72,72,72,72,72,72,72,72,72,72,72,72,72,72,72,72,72,72,72,72],"card_choices":[{"not_picked":["Alleviate","Shuttle"],"picked":"Ricochet","floor":1},{"not_picked":["Snipe","Spin"],"picked":"Rearm","floor":4},{"not_picked":["Comet","Rearm"],"picked":"SilverMatrix","floor":5},{"not_picked":["DualDimension","Starlight"],"picked":"Ricochet","floor":6},{"not_picked":["Starlight","Rearm"],"picked":"Contraction","floor":8},{"not_picked":["Starlight","FanOfKnives"],"picked":"BottledTime","floor":10},{"not_picked":["FastForward","DualDimension"],"picked":"InstantArmor","floor":13},{"not_picked":["Spin","TimeWarp"],"picked":"Orbit","floor":14},{"not_picked":["SoulSculpture","FloweringNight"],"picked":"FlawlessForm","floor":16},{"not_picked":["Sabotage+1","Moonlight"],"picked":"RealityMarble+1","floor":18},{"not_picked":["RealityMarble","Revamp","Manipulate"],"picked":"SKIP","floor":19},{"not_picked":["Spin+1","Read"],"picked":"ShatteredReality","floor":22},{"not_picked":["DoubleEdge","Rewind","Foresight"],"picked":"SKIP","floor":27},{"not_picked":["DoubleEdge","Hightail+1"],"picked":"Barrier","floor":29},{"not_picked":["Sabotage","Unruled","Foresight"],"picked":"SKIP","floor":31},{"not_picked":["FlawlessForm","FloweringNight"],"picked":"SoulSculpture","floor":33},{"not_picked":["Spin+1","Rearm+1"],"picked":"SilverBlades+1","floor":35},{"not_picked":["DualDimension+1","DoubleEdge+1"],"picked":"BottledTime","floor":36},{"not_picked":["Starlight","Sabotage+1","TimeWarp"],"picked":"SKIP","floor":37},{"not_picked":["WasteNot","Rewind"],"picked":"BestPractice+1","floor":39},{"not_picked":["Ricochet","Contraction"],"picked":"BestPractice+1","floor":39},{"not_picked":["Rearm","Ricochet","Spin"],"picked":"SKIP","floor":40},{"not_picked":["Rewind+1","Read"],"picked":"TheWorld","floor":42},{"not_picked":["Ricochet+1","Contraction+1"],"picked":"DancingSilver+1","floor":44},{"not_picked":["MoonPhase","Revamp"],"picked":"BottledTime","floor":45},{"not_picked":["ShatteredReality","ShiftingGears+1"],"picked":"BottledTime+1","floor":45},{"not_picked":["Gouge+1","Potential","Deadline+1"],"picked":"SKIP","floor":48}],"player_experience":592094,"relics_obtained":[{"floor":6,"key":"Mercury Hourglass"},{"floor":8,"key":"Odd Mushroom"},{"floor":9,"key":"Akabeko"},{"floor":10,"key":"Letter Opener"},{"floor":13,"key":"Ancient Tea Set"},{"floor":26,"key":"Centennial Puzzle"},{"floor":27,"key":"aspiration:HiddenCompartment"},{"floor":31,"key":"MawBank"},{"floor":38,"key":"Prayer Wheel"},{"floor":40,"key":"Pen Nib"},{"floor":42,"key":"Broom"},{"floor":43,"key":"TungstenRod"},{"floor":44,"key":"Calipers"},{"floor":48,"key":"Ginger"}],"event_choices":[{"damage_healed":0,"gold_gain":0,"player_choice":"Fought Mushrooms","damage_taken":0,"max_hp_gain":0,"max_hp_loss":0,"event_name":"Mushrooms","floor":8,"gold_loss":0},{"damage_healed":0,"gold_gain":0,"player_choice":"Ignored","damage_taken":0,"max_hp_gain":0,"max_hp_loss":0,"event_name":"Golden Wing","floor":12,"gold_loss":0},{"damage_healed":0,"gold_gain":0,"player_choice":"1 cards matched","damage_taken":0,"max_hp_gain":0,"max_hp_loss":0,"event_name":"Match and Keep!","floor":20,"gold_loss":0,"cards_obtained":["ReturningBlade"]},{"damage_healed":0,"gold_gain":0,"player_choice":"Obtained Relic","damage_taken":0,"relics_obtained":["Strawberry"],"max_hp_gain":0,"max_hp_loss":0,"event_name":"Addict","floor":25,"gold_loss":85},{"damage_healed":0,"gold_gain":0,"player_choice":"Fight","damage_taken":0,"max_hp_gain":0,"max_hp_loss":0,"event_name":"MindBloom","floor":38,"gold_loss":0},{"damage_healed":0,"gold_gain":0,"player_choice":"Fight","damage_taken":0,"max_hp_gain":0,"max_hp_loss":0,"event_name":"Mysterious Sphere","floor":44,"gold_loss":0}],"is_beta":false,"boss_relics":[{"not_picked":["MysterySword","StoneMask"],"picked":"SplendidAttire"},{"not_picked":["Snecko Eye","Astrolabe"],"picked":"Empty Cage"}],"items_purged_floors":[3,3,3,3,3,3,21,21,30,30,30],"is_endless":false,"potions_floor_spawned":[4,8,10,13,16,27,31,33,36,37,45,48],"ascension_level":10}}