{"host":"ormi09wwzv7sq47a","time":1607603383,"event":{"gold_per_floor":[119,119,132,60,60,60,93,93,93,93,111,141,141,152,152,256,256,274,274,287,305,321,321,321],"floor_reached":23,"playtime":804,"items_purged":[],"score":312,"play_id":"6a057fe5-3b69-4546-874b-d7033cc1269b","local_time":"20201210092943","is_ascension_mode":true,"campfire_choices":[{"data":"Crippling Poison","floor":6.0,"key":"SMITH"},{"data":"Flechettes","floor":8.0,"key":"SMITH"},{"floor":10.0,"key":"REST"},{"floor":13.0,"key":"REST"},{"data":"Bane","floor":15.0,"key":"SMITH"}],"neow_cost":"NONE","seed_source_timestamp":2214032257580200,"circlet_count":0,"master_deck":["AscendersBane","Strike_G","Strike_G","Defend_G","Defend_G","Defend_G","Defend_G","Defend_G","Survivor","Neutralize","PiercingWail","Bane+1","Crippling Poison+1","Flechettes+1","Cloak And Dagger","Dagger Spray","Malaise","Corpse Explosion","Expertise+1","Crippling Poison+1","Well Laid Plans","Caltrops"],"special_seed":0,"relics":["Ring of the Snake","Snake Skull","Pen Nib","The Specimen","StrikeDummy","Empty Cage"],"potions_floor_usage":[22,23],"damage_taken":[{"damage":0.0,"enemies":"Small Slimes","floor":1.0,"turns":4.0},{"damage":0.0,"enemies":"Cultist","floor":3.0,"turns":4.0},{"damage":48.0,"enemies":"Gremlin Nob","floor":7.0,"turns":5.0},{"damage":1.0,"enemies":"Jaw Worm","floor":11.0,"turns":4.0},{"damage":22.0,"enemies":"Lagavulin","floor":12.0,"turns":7.0},{"damage":2.0,"enemies":"Red Slaver","floor":14.0,"turns":4.0},{"damage":11.0,"enemies":"Hexaghost","floor":16.0,"turns":12.0},{"damage":4.0,"enemies":"Chosen","floor":18.0,"turns":4.0},{"damage":12.0,"enemies":"Shell Parasite","floor":20.0,"turns":6.0},{"damage":23,"enemies":"Sentry and Sphere","floor":21,"turns":5},{"damage":21,"enemies":"3 Cultists","floor":22,"turns":4},{"damage":12,"enemies":"Book of Stabbing","floor":23,"turns":2}],"seed_played":"-3648930036511355707","potions_obtained":[{"floor":1.0,"key":"Energy Potion"},{"floor":14.0,"key":"Regen Potion"},{"floor":20.0,"key":"BlessingOfTheForge"},{"floor":22,"key":"Explosive Potion"}],"is_trial":false,"path_per_floor":["M","?","M","$","?","R","E","R","T","R","M","E","R","M","R","B",null,"M","?","M","M","M","E"],"character_chosen":"THE_SILENT","items_purchased":["Crippling Poison"],"campfire_rested":2,"item_purchase_floors":[4],"current_hp_per_floor":[70,70,70,70,70,70,22,22,22,45,44,22,45,43,43,47,70,66,66,54,31,10,0,0],"gold":321,"neow_bonus":"TEN_PERCENT_HP_BONUS","is_prod":false,"is_daily":false,"chose_seed":false,"campfire_upgraded":3,"win_rate":0,"timestamp":1607603383,"path_taken":["M","?","M","?","?","R","E","R","T","R","?","E","R","M","R","BOSS","M","?","?","M","M","E"],"build_version":"2020-11-30","purchased_purges":0,"victory":false,"max_hp_per_floor":[77,77,77,77,77,77,77,77,77,77,77,77,77,77,77,77,77,77,77,77,77,77,77,77],"relic_stats":{"counters":[12,61],"Snake Skull":[20],"Pen Nib":[7],"obtain_stats":[{"The Specimen":9,"Snake Skull":2,"Pen Nib":7,"StrikeDummy":12,"Empty Cage":17,"Ring of the Snake":0},{"The Specimen":3,"Snake Skull":1,"Pen Nib":3,"StrikeDummy":5,"Empty Cage":7,"Ring of the Snake":0},{"The Specimen":13,"Snake Skull":4,"Pen Nib":13,"StrikeDummy":24,"Empty Cage":40,"Ring of the Snake":0}],"Ring of the Snake":[24]},"card_choices":[{"not_picked":["Heel Hook","Cloak And Dagger"],"picked":"PiercingWail","floor":1.0},{"not_picked":["Flying Knee","Underhanded Strike"],"picked":"Bane","floor":3.0},{"not_picked":["Terror","Quick Slash"],"picked":"Flechettes","floor":7.0},{"not_picked":["Infinite Blades","Outmaneuver"],"picked":"Cloak And Dagger","floor":11.0},{"not_picked":["Underhanded Strike","Masterful Stab"],"picked":"Dagger Spray","floor":12.0},{"not_picked":["Bane","Acrobatics"],"picked":"Malaise","floor":14.0},{"not_picked":["After Image","Glass Knife"],"picked":"Corpse Explosion","floor":16.0},{"not_picked":["Masterful Stab","Outmaneuver"],"picked":"Expertise+1","floor":18.0},{"not_picked":["Dagger Throw","Tactician"],"picked":"Well Laid Plans","floor":20.0},{"not_picked":["Dagger Throw","Sucker Punch","Outmaneuver"],"picked":"SKIP","floor":21},{"not_picked":["Cloak And Dagger+1","Poisoned Stab"],"picked":"Caltrops","floor":22}],"player_experience":724926,"relics_obtained":[{"floor":7.0,"key":"Pen Nib"},{"floor":9.0,"key":"The Specimen"},{"floor":12.0,"key":"StrikeDummy"}],"event_choices":[{"damage_healed":0.0,"max_hp_gain":0.0,"max_hp_loss":0.0,"gold_gain":0.0,"event_name":"WeMeetAgain","player_choice":"Gave Potion","floor":2.0,"gold_loss":0.0,"damage_taken":0.0,"relics_obtained":["Snake Skull"]},{"cards_removed":["Strike_G"],"damage_healed":0.0,"max_hp_gain":0.0,"max_hp_loss":0.0,"gold_gain":0.0,"event_name":"Bonfire Elementals","player_choice":"Offered Basic","floor":5.0,"gold_loss":0.0,"damage_taken":0.0},{"damage_healed":0.0,"max_hp_gain":0.0,"max_hp_loss":0.0,"gold_gain":0.0,"event_name":"Duplicator","player_choice":"Copied","floor":19.0,"gold_loss":0.0,"damage_taken":0.0,"cards_obtained":["Crippling Poison"]}],"is_beta":false,"boss_relics":[{"not_picked":["Ring of the Serpent","Sozu"],"picked":"Empty Cage"}],"items_purged_floors":[],"is_endless":false,"potions_floor_spawned":[1,14,20,22],"killed_by":"Book of Stabbing","ascension_level":11}}