{"host":"3xls0xm49ftugio7","time":1607612557,"event":{"mods":["2.2 Compatiblity","BaseMod","AchievementEnabler","Act Like it!","Colored Powertips","GifTheSpireLib","Minty Spire (QoL Compilation)","Quick Restart","StSLib","Relic Stats","The Florist","The Hierophant","Hermit"],"gold_per_floor":[119,99,7,29,51,87,121,160,160,160,130,130],"floor_reached":11,"playtime":620,"items_purged":[],"score":79,"play_id":"a1bd131f-4970-4b87-a704-9d20d80941ee","local_time":"20201210170237","is_ascension_mode":true,"campfire_choices":[{"data":"hierophant:SecretStash","floor":10,"key":"SMITH"}],"circlet_count":0,"master_deck":["hierophant:Strike_Hierophant","hierophant:Strike_Hierophant","hierophant:Strike_Hierophant","hierophant:Punish","hierophant:Defend_Hierophant","hierophant:Defend_Hierophant","hierophant:Defend_Hierophant","hierophant:Defend_Hierophant","hierophant:ChurchCoffers","hierophant:Community","hierophant:OrnateBuckler","hierophant:HolyVerse","hierophant:AuricBeam","hierophant:DisplayOfPower","hierophant:Repentance","hierophant:SecretStash+1","hierophant:Doubloon","hierophant:RustyCrate","hierophant:Doubloon","hierophant:Doubloon"],"relics":["hierophant:PropheticMaskRelic","Dead Branch","Bottled Tornado"],"acts_visited":["Exordium"],"potions_floor_usage":[6,8],"damage_taken":[{"damage":1,"enemies":"Jaw Worm","floor":1,"turns":3},{"damage":1,"enemies":"Cultist","floor":4,"turns":4},{"damage":0,"enemies":"Small Slimes","floor":5,"turns":3},{"damage":10,"enemies":"Gremlin Nob","floor":6,"turns":3},{"damage":5,"enemies":"3 Louse","floor":7,"turns":4},{"damage":18,"enemies":"Large Slime","floor":8,"turns":6},{"damage":55,"enemies":"Lagavulin","floor":11,"turns":8}],"seed_played":"8960607468776560542","potions_obtained":[{"floor":1,"key":"Fire Potion"},{"floor":2,"key":"BlessingOfTheForge"},{"floor":5,"key":"Dexterity Potion"},{"floor":6,"key":"Weak Potion"}],"is_trial":false,"path_per_floor":["M","?","$","M","M","E","M","M","T","R","E"],"character_chosen":"HIEROPHANT","items_purchased":["hierophant:HolyVerse","hierophant:AuricBeam"],"campfire_rested":0,"item_purchase_floors":[3,3],"current_hp_per_floor":[74,74,74,73,73,63,58,40,40,40,0,0],"gold":130,"neow_bonus":"TRANSFORM_CARD","is_daily":false,"chose_seed":false,"campfire_upgraded":1,"win_rate":0,"timestamp":1607612557,"path_taken":["M","?","?","?","M","E","?","M","T","R","E"],"build_version":"2020-11-30","purchased_purges":0,"victory":false,"max_hp_per_floor":[75,75,75,75,75,75,75,75,75,75,75,75],"relic_stats":{"counters":[7,31],"Dead Branch":[4],"obtain_stats":[{"hierophant:PropheticMaskRelic":0,"Dead Branch":6,"Bottled Tornado":9},{"hierophant:PropheticMaskRelic":0,"Dead Branch":4,"Bottled Tornado":6},{"hierophant:PropheticMaskRelic":0,"Dead Branch":13,"Bottled Tornado":23}]},"card_choices":[{"not_picked":["hierophant:ArchangelShield","hierophant:DisplayOfPower"],"picked":"hierophant:OrnateBuckler","floor":1},{"not_picked":["hierophant:Purify","hierophant:HammerAndAnvil"],"picked":"hierophant:DisplayOfPower","floor":4},{"not_picked":["hierophant:PassingBell","hierophant:Sermon"],"picked":"hierophant:Repentance","floor":5},{"not_picked":["hierophant:Blessing","hierophant:Remorse"],"picked":"hierophant:SecretStash","floor":6},{"not_picked":["hierophant:HolyVerse","hierophant:Racketeering"],"picked":"hierophant:Doubloon","floor":7},{"not_picked":["hierophant:MorningPrayer","hierophant:Chorus"],"picked":"hierophant:RustyCrate","floor":8}],"player_experience":803417,"relics_obtained":[{"floor":6,"key":"Dead Branch"},{"floor":9,"key":"Bottled Tornado"}],"event_choices":[{"damage_healed":0,"gold_gain":0,"player_choice":"Bought 1 Potion","damage_taken":0,"max_hp_gain":0,"max_hp_loss":0,"event_name":"The Woman in Blue","floor":2,"gold_loss":0}],"is_beta":false,"boss_relics":[],"items_purged_floors":[],"is_endless":false,"potions_floor_spawned":[1,5,6,7],"killed_by":"Lagavulin","ascension_level":1}}