{"host":"i4eavuqabbk5mi94","time":1607596985,"event":{"gold_per_floor":[113,24,43,43,60,86,86,114,114,114,177,63,63,80,80,175,175,189,199,219,232,232,261,261,287,287,287,41,61,93,93,93,93,93],"floor_reached":33,"playtime":1626,"items_purged":["Defend_G","Strike_G"],"score":344,"play_id":"56638b5b-0291-4376-9c68-925d74929c6f","local_time":"20201210104305","is_ascension_mode":true,"campfire_choices":[{"floor":7,"key":"REST"},{"floor":10,"key":"DIG"},{"floor":13,"key":"REST"},{"floor":15,"key":"REST"},{"floor":24,"key":"REST"},{"floor":27,"key":"REST"},{"floor":32,"key":"REST"}],"neow_cost":"NONE","seed_source_timestamp":1458545497500,"circlet_count":0,"master_deck":["Strike_G","Strike_G","Strike_G","Defend_G","Defend_G","Defend_G","Defend_G","Survivor","Neutralize","Dagger Spray","Noxious Fumes","Blade Dance","Footwork","PiercingWail","Bane","Riddle With Holes","Footwork","Escape Plan+1","Footwork","Cloak And Dagger+1","Envenom","Crippling Poison+1","Poisoned Stab","Catalyst+1","Backflip+1","Blur+1","Crippling Poison+1","Catalyst+1","Dash"],"relics":["Sozu","Toy Ornithopter","Shovel","Singing Bowl","Prayer Wheel","Toxic Egg 2","SlaversCollar","Bottled Flame","Blue Candle","Frozen Egg 2","Strange Spoon","Bronze Scales"],"potions_floor_usage":[],"damage_taken":[{"damage":4,"enemies":"Cultist","floor":1,"turns":5},{"damage":7,"enemies":"Small Slimes","floor":3,"turns":3},{"damage":0,"enemies":"Jaw Worm","floor":5,"turns":3},{"damage":26,"enemies":"Gremlin Nob","floor":6,"turns":6},{"damage":12,"enemies":"3 Sentries","floor":8,"turns":7},{"damage":21,"enemies":"Gremlin Nob","floor":11,"turns":4},{"damage":0,"enemies":"3 Louse","floor":14,"turns":3},{"damage":32,"enemies":"Slime Boss","floor":16,"turns":12},{"damage":20,"enemies":"2 Thieves","floor":18,"turns":5},{"damage":4,"enemies":"Shell Parasite","floor":19,"turns":6},{"damage":11,"enemies":"Centurion and Healer","floor":20,"turns":6},{"damage":12,"enemies":"Shelled Parasite and Fungi","floor":21,"turns":7},{"damage":25,"enemies":"Slavers","floor":23,"turns":4},{"damage":5,"enemies":"Book of Stabbing","floor":25,"turns":6},{"damage":9,"enemies":"Snecko","floor":29,"turns":6},{"damage":25,"enemies":"Gremlin Leader","floor":30,"turns":5},{"damage":47,"enemies":"Automaton","floor":33,"turns":6}],"seed_played":"346240907940712800","potions_obtained":[],"is_trial":false,"path_per_floor":["M","$","M","?","M","E","R","E","T","R","?","$","R","M","R","B",null,"M","M","M","M","?","E","R","E","T","R","$","M","E","?","R","B"],"character_chosen":"THE_SILENT","items_purchased":["Noxious Fumes","Blade Dance","Escape Plan+1","Strange Spoon"],"campfire_rested":6,"item_purchase_floors":[2,2,12,28],"current_hp_per_floor":[66,66,59,52,52,26,47,35,35,35,14,14,35,35,56,24,70,50,46,37,27,27,4,26,23,23,46,46,39,14,14,38,0,0],"gold":93,"neow_bonus":"BOSS_RELIC","is_prod":false,"is_daily":false,"chose_seed":false,"campfire_upgraded":0,"win_rate":0,"timestamp":1607596985,"path_taken":["M","?","M","?","M","E","R","E","T","R","?","$","R","M","R","BOSS","M","M","M","M","?","E","R","E","T","R","$","M","E","?","R","BOSS"],"build_version":"2020-11-30","purchased_purges":2,"victory":false,"max_hp_per_floor":[70,70,70,70,70,70,70,70,70,70,70,70,70,70,70,70,70,70,70,72,74,74,76,76,78,78,78,78,80,80,80,80,80,80],"card_choices":[{"not_picked":["Endless Agony","Deflect"],"picked":"Dagger Spray","floor":1},{"not_picked":["Dagger Throw","Well Laid Plans"],"picked":"Footwork","floor":3},{"not_picked":["Expertise","Acrobatics"],"picked":"PiercingWail","floor":5},{"not_picked":["Underhanded Strike","Night Terror"],"picked":"Bane","floor":6},{"not_picked":["Underhanded Strike","Dagger Throw"],"picked":"Riddle With Holes","floor":8},{"not_picked":["Acrobatics+1","Flying Knee"],"picked":"Footwork","floor":11},{"not_picked":["Deadly Poison+1","Unload"],"picked":"Footwork","floor":14},{"not_picked":["Deflect+1","Deadly Poison+1"],"picked":"Cloak And Dagger+1","floor":14},{"not_picked":["Phantasmal Killer+1","Doppelganger+1"],"picked":"Envenom","floor":16},{"not_picked":["Escape Plan+1","Infinite Blades"],"picked":"Crippling Poison+1","floor":18},{"not_picked":["Flying Knee","Dagger Throw"],"picked":"Poisoned Stab","floor":18},{"not_picked":["Choke","Deadly Poison+1"],"picked":"Catalyst+1","floor":19},{"not_picked":["PiercingWail+1","Sucker Punch"],"picked":"Backflip+1","floor":19},{"not_picked":["Footwork","Wraith Form v2"],"picked":"Blur+1","floor":20},{"not_picked":["All Out Attack","Cloak And Dagger+1","Heel Hook"],"picked":"Singing Bowl","floor":20},{"not_picked":["Slice","Sucker Punch","Poisoned Stab"],"picked":"Singing Bowl","floor":21},{"not_picked":["Finisher","Bane+1"],"picked":"Crippling Poison+1","floor":21},{"not_picked":["Calculated Gamble+1","Endless Agony","Burst+1"],"picked":"Singing Bowl","floor":23},{"not_picked":["Deadly Poison+1","Bane","Cloak And Dagger+1"],"picked":"Singing Bowl","floor":25},{"not_picked":["Calculated Gamble+1","Distraction+1"],"picked":"Catalyst+1","floor":29},{"not_picked":["Deflect+1","Poisoned Stab+1","Dash"],"picked":"Singing Bowl","floor":29},{"not_picked":["Infinite Blades+1","Quick Slash"],"picked":"Dash","floor":30}],"player_experience":286953,"relics_obtained":[{"floor":6,"key":"Toy Ornithopter"},{"floor":8,"key":"Shovel"},{"floor":9,"key":"Singing Bowl"},{"floor":10,"key":"Prayer Wheel"},{"floor":11,"key":"Toxic Egg 2"},{"floor":23,"key":"Bottled Flame"},{"floor":25,"key":"Blue Candle"},{"floor":26,"key":"Frozen Egg 2"},{"floor":30,"key":"Bronze Scales"}],"event_choices":[{"cards_removed":["Strike_G"],"damage_healed":0,"gold_gain":0,"player_choice":"Card Removal","damage_taken":7,"max_hp_gain":0,"max_hp_loss":0,"event_name":"Golden Wing","floor":4,"gold_loss":0},{"damage_healed":0,"gold_gain":30,"player_choice":"Searched \u00272\u0027 times","damage_taken":0,"max_hp_gain":0,"max_hp_loss":0,"event_name":"Dead Adventurer","floor":11,"gold_loss":0},{"damage_healed":0,"gold_gain":0,"player_choice":"Ignored","damage_taken":0,"max_hp_gain":0,"max_hp_loss":0,"event_name":"Cursed Tome","floor":22,"gold_loss":0},{"damage_healed":0,"gold_gain":0,"player_choice":"Got Potions","damage_taken":0,"max_hp_gain":0,"max_hp_loss":0,"event_name":"Lab","floor":31,"gold_loss":0}],"is_beta":false,"boss_relics":[{"not_picked":["Black Star","SacredBark"],"picked":"SlaversCollar"}],"items_purged_floors":[12,28],"is_endless":false,"potions_floor_spawned":[1,8,11,20,23,25,29,30],"killed_by":"Automaton","ascension_level":2}}