{"host":"dntw6kil9p09eemm","time":1607594644,"event":{"gold_per_floor":[99,113,126,126,184,200,232,147,147,174,34,46,62,62,74,74,169,169,180,190,205,205,219,250,250,10,10,20,20,20,20,36,36,36,36],"floor_reached":34,"playtime":1890,"items_purged":[],"score":299,"play_id":"4b2ed7e3-617a-45a5-807c-9575423e8162","local_time":"20201210190404","is_ascension_mode":false,"campfire_choices":[{"floor":14,"key":"REST"},{"floor":16,"key":"REST"},{"floor":31,"key":"REST"},{"data":"Dualcast","floor":33,"key":"SMITH"}],"neow_cost":"TEN_PERCENT_HP_LOSS","seed_source_timestamp":3879485061900,"circlet_count":0,"master_deck":["Strike_B","Strike_B","Defend_B","Defend_B","Zap+1","Dualcast+1","Hyperbeam","Leap","Double Energy","Redo","aspiration:Polymerization","Hologram","Leap","Ball Lightning","Auto Shields","FTL+1","Steam Power","Conserve Battery","Core Surge","Hologram","Sweeping Beam","Blur","Endless Agony","Acrobatics","Sweeping Beam","Beam Cell","Hologram","ReplayTheSpireMod:System Scan"],"relics":["Cracked Core","Bag of Marbles","MerchantsRug","Blood Vial","Replay:Wax Seal","ChewingGum","Replay:Baseball","hubris:DisguiseKit","Durian"],"potions_floor_usage":[19,32,34],"damage_taken":[{"damage":0,"enemies":"3 Shapes","floor":2,"turns":1},{"damage":6,"enemies":"Jaw Worm","floor":3,"turns":3},{"damage":0,"enemies":"2 Louse","floor":6,"turns":2},{"damage":23,"enemies":"3 Sentries","floor":7,"turns":7},{"damage":1,"enemies":"2 Fungi Beasts","floor":12,"turns":2},{"damage":0,"enemies":"Red Slaver","floor":13,"turns":2},{"damage":0,"enemies":"Large Slime","floor":15,"turns":2},{"damage":19,"enemies":"Slime Boss","floor":17,"turns":7},{"damage":5,"enemies":"Shell Parasite","floor":19,"turns":6},{"damage":0,"enemies":"Spheric Guardian","floor":20,"turns":3},{"damage":0,"enemies":"Snake Plant","floor":21,"turns":2},{"damage":10,"enemies":"Chosen and Byrds","floor":23,"turns":2},{"damage":21,"enemies":"Replay:Snechameleon","floor":24,"turns":5},{"damage":13,"enemies":"3 Cultists","floor":28,"turns":5},{"damage":4,"enemies":"Centurion and Healer","floor":32,"turns":4},{"damage":96,"enemies":"Champ","floor":34,"turns":11}],"seed_played":"8116792997941724844","potions_obtained":[{"floor":5,"key":"FairyPotion"},{"floor":6,"key":"Energy Potion"},{"floor":7,"key":"EssenceOfSteel"},{"floor":13,"key":"Block Potion"},{"floor":24,"key":"Block Potion"},{"floor":28,"key":"ColorlessPotion"}],"is_trial":false,"path_per_floor":["M","M","M","?","?","M","E","$","?","T","$","M","M","R","M","R","B",null,"M","M","M","?","M","E","?","$","T","M","?","?","R","M","R","B"],"character_chosen":"DEFECT","items_purchased":["MerchantsRug","Replay:Wax Seal","FTL+1","hubris:DisguiseKit"],"campfire_rested":3,"item_purchase_floors":[8,11,11,26],"current_hp_per_floor":[68,68,62,62,35,35,12,12,12,12,12,13,15,35,37,57,40,68,63,65,67,67,58,39,39,39,44,33,33,33,54,52,52,0,0],"gold":36,"neow_bonus":"THREE_RARE_CARDS","is_prod":false,"is_daily":false,"chose_seed":false,"campfire_upgraded":1,"win_rate":0,"timestamp":1607594644,"path_taken":["M","M","?","?","M","E","$","?","T","$","M","M","R","M","R","BOSS","M","M","M","?","M","E","?","$","T","M","?","?","R","M","R","BOSS"],"build_version":"2020-11-30","purchased_purges":0,"victory":false,"max_hp_per_floor":[68,68,68,68,68,68,68,68,68,68,68,68,68,68,68,68,68,68,68,68,68,68,68,68,68,68,73,73,73,73,73,73,73,73,73],"card_choices":[{"not_picked":["Mirror Shield","ReplayRNGCard"],"picked":"Hyperbeam","floor":0},{"not_picked":["Auto Shields","Tempest"],"picked":"Leap","floor":2},{"not_picked":["ReplayGash","Loop"],"picked":"Double Energy","floor":3},{"not_picked":["Compile Driver","Storm"],"picked":"aspiration:Polymerization","floor":5},{"not_picked":["Capacitor","Cold Snap"],"picked":"Hologram","floor":5},{"not_picked":["ReplayTheSpireMod:GoodbyeWorld","Cold Snap"],"picked":"Leap","floor":6},{"not_picked":["Undo","Rainbow"],"picked":"Ball Lightning","floor":7},{"not_picked":["Static Discharge","Beam Cell"],"picked":"Steam Power","floor":12},{"not_picked":["Tempest","Stack","Go for the Eyes"],"picked":"SKIP","floor":13},{"not_picked":["Rebound","Compile Driver"],"picked":"Conserve Battery","floor":15},{"not_picked":["Biased Cognition","ReplayTheSpireMod:Omega Cannon"],"picked":"Core Surge","floor":17},{"not_picked":["BasicCrystalCard","Coolheaded"],"picked":"Hologram","floor":19},{"not_picked":["ReplayTheSpireMod:Reroute Power","Go for the Eyes","Rebound"],"picked":"SKIP","floor":20},{"not_picked":["Cold Snap","BasicCrystalCard+1"],"picked":"Sweeping Beam","floor":21},{"not_picked":["Reinforced Body","Coolheaded"],"picked":"Sweeping Beam","floor":23},{"not_picked":["hubris:DoWhile","ReplayTheSpireMod:GoodbyeWorld"],"picked":"Beam Cell","floor":24},{"not_picked":["Panic Button","Cold Snap","Rampage"],"picked":"Hologram","floor":28},{"not_picked":["Cold Snap+1","Gash+1","Barricade"],"picked":"ReplayTheSpireMod:System Scan","floor":32}],"player_experience":92942,"relics_obtained":[{"floor":5,"key":"Bag of Marbles"},{"floor":7,"key":"hubris:ToyBattleship"},{"floor":10,"key":"Blood Vial"},{"floor":24,"key":"Replay:Baseball"},{"floor":27,"key":"Durian"}],"event_choices":[{"damage_healed":0,"gold_gain":0,"cards_transformed":["Strike_B"],"player_choice":"Change","damage_taken":0,"max_hp_gain":0,"max_hp_loss":0,"event_name":"Living Wall","floor":9,"gold_loss":0,"cards_obtained":["Auto Shields"]},{"damage_healed":0,"gold_gain":0,"player_choice":"Ignored","damage_taken":0,"max_hp_gain":0,"max_hp_loss":0,"event_name":"The Mausoleum","floor":25,"gold_loss":0},{"damage_healed":0,"gold_gain":0,"player_choice":"Upgraded","damage_taken":0,"max_hp_gain":0,"max_hp_loss":0,"event_name":"Upgrade Shrine","floor":30,"gold_loss":0,"cards_upgraded":["Zap"]}],"is_beta":false,"boss_relics":[{"not_picked":["aspiration:SecretTechniqueScroll","ReplayTheSpireMod:DimensionalGlitch"],"picked":"ChewingGum"}],"items_purged_floors":[],"is_endless":false,"potions_floor_spawned":[6,7,13,17,24,28],"killed_by":"Champ","ascension_level":0}}