{"host":"j06fkfseroga8i8e","time":1607565805,"event":{"gold_per_floor":[119,131,111,128,144,144,175,175,202,221,231,11,11,40,40,40,40],"floor_reached":16,"playtime":695,"items_purged":["hermit:Strike_Hermit"],"score":112,"play_id":"fd4f64d1-42bd-4eed-85b4-dee8c5b87a4c","local_time":"20201209210325","is_ascension_mode":false,"campfire_choices":[{"data":"hermit:HighCaliber","floor":6,"key":"SMITH"},{"floor":8,"key":"REST"},{"floor":13,"key":"REST"},{"data":"hermit:DeadOrAlive","floor":15,"key":"SMITH"}],"neow_cost":"NONE","seed_source_timestamp":10929410139400,"circlet_count":0,"master_deck":["hermit:Strike_Hermit","hermit:Strike_Hermit","hermit:Strike_Hermit","hermit:Defend_Hermit","hermit:Defend_Hermit","hermit:Defend_Hermit","hermit:Defend_Hermit","hermit:Snapshot+1","hermit:Covet","hermit:HighCaliber+1","hermit:Virtue","hermit:WideOpen","hermit:Ricochet","hermit:Dive","hermit:DeadOrAlive+1","hermit:Feint","hermit:Snipe"],"relics":["hermit:Momento","Dream Catcher","Bronze Scales","Bag of Preparation","Toy Ornithopter"],"potions_floor_usage":[3,7,14],"damage_taken":[{"damage":1,"enemies":"Jaw Worm","floor":1,"turns":3},{"damage":0,"enemies":"Cultist","floor":2,"turns":2},{"damage":2,"enemies":"Small Slimes","floor":4,"turns":4},{"damage":0,"enemies":"2 Fungi Beasts","floor":5,"turns":4},{"damage":27,"enemies":"3 Sentries","floor":7,"turns":7},{"damage":14,"enemies":"Gremlin Gang","floor":10,"turns":5},{"damage":0,"enemies":"3 Louse","floor":11,"turns":3},{"damage":11,"enemies":"Gremlin Nob","floor":14,"turns":3},{"damage":23,"enemies":"Slime Boss","floor":16,"turns":5}],"seed_played":"-3831711144368154121","potions_obtained":[{"floor":3,"key":"EntropicBrew"},{"floor":10,"key":"ColorlessPotion"},{"floor":14,"key":"EntropicBrew"}],"is_trial":false,"path_per_floor":["M","M","?","M","M","R","E","R","T","M","M","$","R","E","R","B"],"character_chosen":"HERMIT","items_purchased":["Bag of Preparation"],"campfire_rested":2,"item_purchase_floors":[12],"current_hp_per_floor":[74,74,74,72,72,72,45,67,67,53,53,53,75,64,64,41,41],"gold":40,"neow_bonus":"UPGRADE_CARD","is_prod":false,"is_daily":false,"chose_seed":false,"campfire_upgraded":2,"win_rate":0.0,"timestamp":1607565805,"path_taken":["M","M","?","M","M","R","E","R","T","?","M","$","R","E","R","BOSS"],"build_version":"2020-11-30","purchased_purges":1,"victory":false,"max_hp_per_floor":[75,75,75,75,75,75,75,75,75,75,75,75,75,75,75,75,75],"relic_stats":{"Dream Catcher":2,"counters":[9,36],"Bronze Scales":[15],"Bag of Preparation":[4],"obtain_stats":[{"Dream Catcher":7,"Bronze Scales":9,"Bag of Preparation":12,"hermit:Momento":0,"Toy Ornithopter":14},{"Dream Catcher":5,"Bronze Scales":5,"Bag of Preparation":7,"hermit:Momento":0,"Toy Ornithopter":8},{"Dream Catcher":20,"Bronze Scales":20,"Bag of Preparation":28,"hermit:Momento":0,"Toy Ornithopter":31}],"Toy Ornithopter":0},"card_choices":[{"not_picked":["hermit:Dive","hermit:Glare"],"picked":"hermit:HighCaliber","floor":1},{"not_picked":["hermit:Misfire","hermit:ItchyTrigger"],"picked":"hermit:Virtue","floor":2},{"not_picked":["hermit:FullyLoaded","hermit:Desperado"],"picked":"hermit:WideOpen","floor":4},{"not_picked":["hermit:LowProfile","hermit:Vantage"],"picked":"hermit:Ricochet","floor":5},{"not_picked":["hermit:WideOpen","hermit:TakeAim"],"picked":"hermit:Dive","floor":7},{"not_picked":["hermit:Desperado","hermit:SprayPray","hermit:FullyLoaded"],"picked":"SKIP","floor":10},{"not_picked":["hermit:Misfire","hermit:Grudge"],"picked":"hermit:DeadOrAlive","floor":11},{"not_picked":["hermit:Ricochet","hermit:Misfire"],"picked":"hermit:Feint","floor":13},{"not_picked":["hermit:Misfire","hermit:SprayPray"],"picked":"hermit:Snipe","floor":14}],"player_experience":498008,"relics_obtained":[{"floor":7,"key":"Dream Catcher"},{"floor":9,"key":"Bronze Scales"},{"floor":14,"key":"Toy Ornithopter"}],"event_choices":[{"damage_healed":0,"gold_gain":0,"player_choice":"Bought 1 Potion","damage_taken":0,"max_hp_gain":0,"max_hp_loss":0,"event_name":"The Woman in Blue","floor":3,"gold_loss":0}],"is_beta":false,"boss_relics":[],"items_purged_floors":[12],"is_endless":false,"potions_floor_spawned":[5,10,14],"killed_by":"Slime Boss","ascension_level":0}}