{"host":"j0a1jfichhxu8b8p","time":1607607036,"event":{"gold_per_floor":[362,437,437,458,483,504,540,540,566,77,120,120,135,54,54,150,150,169,169,169,183,383,421,421,9,9,9,27,70,83,126,126,222,222,235,266,287,300,323,363,363,402,452,55,116,116,154,154,154,154],"floor_reached":51,"playtime":2550,"items_purged":["Strike_R","Defend_R","Defend_R"],"score":1511,"play_id":"7e07f4c0-9855-47b6-9b7f-97059d3aa21e","local_time":"20201210223036","is_ascension_mode":true,"campfire_choices":[{"data":"Shrug It Off","floor":8.0,"key":"SMITH"},{"data":"Apotheosis","floor":12.0,"key":"SMITH"},{"data":"Flex","floor":15.0,"key":"SMITH"},{"data":"Power Through","floor":24.0,"key":"SMITH"},{"data":"Heavy Blade","floor":27.0,"key":"SMITH"},{"data":"Thunderclap","floor":32.0,"key":"SMITH"},{"data":"Double Tap","floor":41,"key":"SMITH"},{"data":"Flex","floor":46,"key":"SMITH"},{"data":"Exhume","floor":49,"key":"SMITH"}],"neow_cost":"TEN_PERCENT_HP_LOSS","seed_source_timestamp":52099530584400,"circlet_count":0,"master_deck":["AscendersBane","Defend_R","Defend_R","Bash","Shrug It Off+1","Pummel+1","Flex+1","Second Wind","Apotheosis+1","Thunderclap+1","Reaper","Feed","Power Through+1","Bite","Bite","Bite+1","Bite","Bite","Heavy Blade+1","Apotheosis+1","Shrug It Off+1","Battle Trance+1","Offering","Double Tap+1","Exhume+1","Seeing Red+1","Flex+1","Shockwave","Inflame+1"],"special_seed":0,"relics":["Burning Blood","Golden Idol","Omamori","PreservedInsect","Ancient Tea Set","ClockworkSouvenir","Toy Ornithopter","Black Star","MutagenicStrength","Vajra","MealTicket","Red Skull","DollysMirror","White Beast Statue","Bronze Scales","Matryoshka","Akabeko","Smiling Mask","Coffee Dripper","Mango","Pen Nib","Nunchaku","Gambling Chip","Kunai","Meat on the Bone","Anchor","FossilizedHelix","Bird Faced Urn","Shuriken","Whetstone"],"potions_floor_usage":[39],"damage_taken":[{"damage":9.0,"enemies":"Jaw Worm","floor":1.0,"turns":4.0},{"damage":2.0,"enemies":"2 Louse","floor":4.0,"turns":3.0},{"damage":1.0,"enemies":"Small Slimes","floor":6.0,"turns":5.0},{"damage":51.0,"enemies":"Lagavulin","floor":7.0,"turns":8.0},{"damage":1.0,"enemies":"3 Sentries","floor":11.0,"turns":5.0},{"damage":12.0,"enemies":"Exordium Thugs","floor":13.0,"turns":4.0},{"damage":40.0,"enemies":"The Guardian","floor":16.0,"turns":14.0},{"damage":18.0,"enemies":"Spheric Guardian","floor":18.0,"turns":6.0},{"damage":26.0,"enemies":"2 Thieves","floor":21.0,"turns":4.0},{"damage":44.0,"enemies":"Book of Stabbing","floor":23.0,"turns":5.0},{"damage":31.0,"enemies":"Snake Plant","floor":28.0,"turns":6.0},{"damage":42.0,"enemies":"Gremlin Leader","floor":29.0,"turns":5.0},{"damage":6.0,"enemies":"Centurion and Healer","floor":30.0,"turns":5.0},{"damage":32.0,"enemies":"Book of Stabbing","floor":31.0,"turns":5.0},{"damage":65.0,"enemies":"Champ","floor":33.0,"turns":12.0},{"damage":25.0,"enemies":"3 Shapes","floor":35.0,"turns":5.0},{"damage":29.0,"enemies":"Mind Bloom Boss Battle","floor":36.0,"turns":6.0},{"damage":25.0,"enemies":"3 Darklings","floor":37.0,"turns":6.0},{"damage":11.0,"enemies":"Sphere and 2 Shapes","floor":38.0,"turns":3.0},{"damage":19,"enemies":"Writhing Mass","floor":39,"turns":3},{"damage":7,"enemies":"Nemesis","floor":40,"turns":3},{"damage":24,"enemies":"Reptomancer","floor":42,"turns":3},{"damage":2,"enemies":"2 Orb Walkers","floor":45,"turns":3},{"damage":49,"enemies":"Nemesis","floor":47,"turns":5},{"damage":63,"enemies":"Time Eater","floor":50,"turns":8}],"seed_played":"-1312110412701052180","potions_obtained":[{"floor":1.0,"key":"Fruit Juice"},{"floor":7.0,"key":"SkillPotion"},{"floor":11.0,"key":"ElixirPotion"},{"floor":21.0,"key":"Block Potion"},{"floor":28.0,"key":"DuplicationPotion"},{"floor":29.0,"key":"Regen Potion"},{"floor":30.0,"key":"DistilledChaos"},{"floor":35.0,"key":"Strength Potion"},{"floor":39,"key":"DistilledChaos"},{"floor":40,"key":"EntropicBrew"},{"floor":45,"key":"EntropicBrew"}],"is_trial":false,"path_per_floor":["M","?","?","M","T","M","E","R","T","$","E","R","M","$","R","B",null,"M","?","?","M","?","E","R","$","T","R","M","E","M","E","R","B",null,"M","?","M","M","M","E","R","E","T","$","?","R","E","?","R","B",null],"character_chosen":"IRONCLAD","items_purchased":["Apotheosis","ClockworkSouvenir","BloodPotion","Dexterity Potion","Reaper","Red Skull","DollysMirror","Flex","FossilizedHelix"],"campfire_rested":0,"item_purchase_floors":[10,10,10,10,14,25,25,44,44],"current_hp_per_floor":[65,54,54,58,58,62,17,22,22,35,40,40,34,34,34,18,55,47,47,47,49,49,35,35,50,50,50,41,31,50,42,42,18,56,66,85,94,98,98,102,102,106,106,106,110,110,81,81,81,62],"gold":154,"neow_bonus":"TWO_FIFTY_GOLD","is_prod":false,"is_daily":false,"chose_seed":false,"campfire_upgraded":9,"win_rate":0,"timestamp":1607607036,"path_taken":["M","?","?","M","?","M","E","R","T","$","E","R","M","$","R","BOSS","M","?","?","M","?","E","R","$","T","R","?","E","M","E","R","BOSS","M","?","M","M","M","E","R","E","T","$","?","R","E","?","R","BOSS"],"build_version":"2020-11-30","purchased_purges":3,"victory":true,"max_hp_per_floor":[68,68,62,62,62,62,62,67,67,67,67,67,67,67,67,67,67,71,49,49,53,53,53,53,53,53,53,57,61,65,69,69,69,69,72,90,94,98,98,102,102,106,106,106,110,110,110,110,110,110],"card_choices":[{"not_picked":["Burning Pact","Warcry"],"picked":"Shrug It Off","floor":1.0},{"not_picked":["Rampage","Sentinel"],"picked":"Pummel","floor":4.0},{"not_picked":["Clothesline","Fire Breathing"],"picked":"Flex","floor":6.0},{"not_picked":["Armaments","Burning Pact"],"picked":"Second Wind","floor":7.0},{"not_picked":["Body Slam","Whirlwind"],"picked":"Thunderclap","floor":11.0},{"not_picked":["Dark Embrace","Clash"],"picked":"Feel No Pain","floor":13.0},{"not_picked":["Immolate","Berserk"],"picked":"Feed","floor":16.0},{"not_picked":["Perfected Strike","Combust"],"picked":"Power Through","floor":18.0},{"not_picked":["Iron Wave","Clash"],"picked":"Heavy Blade","floor":21.0},{"not_picked":["Sentinel","Juggernaut","Anger+1"],"picked":"SKIP","floor":23.0},{"not_picked":["Clothesline+1","Feel No Pain","Havoc"],"picked":"SKIP","floor":28.0},{"not_picked":["Rupture","Warcry"],"picked":"Shrug It Off+1","floor":29.0},{"not_picked":["Sever Soul","Infernal Blade"],"picked":"Battle Trance+1","floor":30.0},{"not_picked":["Entrench","Disarm","Pommel Strike"],"picked":"SKIP","floor":31.0},{"not_picked":["Corruption","Reaper"],"picked":"Offering","floor":33.0},{"not_picked":["Hemokinesis","Thunderclap","Clothesline"],"picked":"SKIP","floor":35.0},{"not_picked":["Cleave","True Grit","Warcry+1"],"picked":"SKIP","floor":37.0},{"not_picked":["Iron Wave","True Grit+1","Havoc+1"],"picked":"SKIP","floor":38.0},{"not_picked":["Iron Wave","Twin Strike"],"picked":"Double Tap","floor":39},{"not_picked":["Warcry","Shrug It Off"],"picked":"Exhume","floor":40},{"not_picked":["Flame Barrier","Searing Blow"],"picked":"Seeing Red+1","floor":42},{"not_picked":["Iron Wave","Clothesline"],"picked":"Shockwave","floor":45},{"not_picked":["Havoc","Metallicize+1"],"picked":"Inflame+1","floor":47}],"player_experience":270899,"relics_obtained":[{"floor":5.0,"key":"Omamori"},{"floor":7.0,"key":"PreservedInsect"},{"floor":9.0,"key":"Ancient Tea Set"},{"floor":11.0,"key":"Toy Ornithopter"},{"floor":23.0,"key":"Vajra"},{"floor":23.0,"key":"MealTicket"},{"floor":26.0,"key":"White Beast Statue"},{"floor":29.0,"key":"Bronze Scales"},{"floor":29.0,"key":"Matryoshka"},{"floor":31.0,"key":"Akabeko"},{"floor":31.0,"key":"Smiling Mask"},{"floor":36.0,"key":"Mango"},{"floor":40,"key":"Pen Nib"},{"floor":40,"key":"Nunchaku"},{"floor":42,"key":"Gambling Chip"},{"floor":42,"key":"Kunai"},{"floor":43,"key":"Meat on the Bone"},{"floor":43,"key":"Anchor"},{"floor":45,"key":"Bird Faced Urn"},{"floor":47,"key":"Shuriken"},{"floor":47,"key":"Whetstone"}],"event_choices":[{"damage_healed":0.0,"max_hp_gain":0.0,"max_hp_loss":0.0,"gold_gain":75.0,"event_name":"World of Goop","player_choice":"Gather Gold","floor":2.0,"gold_loss":0.0,"damage_taken":11.0},{"damage_healed":0.0,"max_hp_gain":0.0,"max_hp_loss":6.0,"gold_gain":0.0,"event_name":"Golden Idol","player_choice":"Lose Max HP","floor":3.0,"gold_loss":0.0,"damage_taken":0.0,"relics_obtained":["Golden Idol"]},{"damage_healed":0.0,"max_hp_gain":0.0,"max_hp_loss":22.0,"gold_gain":0.0,"event_name":"Vampires","player_choice":"Became a vampire","floor":19.0,"gold_loss":0.0,"damage_taken":0.0,"cards_obtained":["Bite","Bite","Bite","Bite","Bite"]},{"damage_healed":0.0,"max_hp_gain":0.0,"max_hp_loss":0.0,"gold_gain":0.0,"event_name":"Drug Dealer","player_choice":"Inject Mutagens","floor":20.0,"gold_loss":0.0,"damage_taken":0.0,"relics_obtained":["MutagenicStrength"]},{"damage_healed":0.0,"max_hp_gain":0.0,"max_hp_loss":0.0,"gold_gain":250.0,"event_name":"The Joust","player_choice":"Bet on Owner","floor":22.0,"gold_loss":50.0,"damage_taken":0.0},{"damage_healed":0.0,"max_hp_gain":0.0,"max_hp_loss":0.0,"gold_gain":0.0,"event_name":"MindBloom","player_choice":"Fight","floor":36.0,"gold_loss":0.0,"damage_taken":0.0},{"damage_healed":0,"gold_gain":0,"player_choice":"Fight","damage_taken":0,"max_hp_gain":0,"max_hp_loss":0,"event_name":"Mysterious Sphere","floor":45,"gold_loss":0},{"cards_removed":["Feel No Pain"],"damage_healed":0,"gold_gain":0,"player_choice":"Removed Power","damage_taken":0,"max_hp_gain":0,"max_hp_loss":0,"event_name":"Falling","floor":48,"gold_loss":0}],"is_beta":false,"boss_relics":[{"not_picked":["Philosopher\u0027s Stone","Ectoplasm"],"picked":"Black Star"},{"not_picked":["SlaversCollar","Runic Dome"],"picked":"Coffee Dripper"}],"items_purged_floors":[10,25,44],"is_endless":false,"potions_floor_spawned":[1,7,11,21,28,29,30,31,33,35,36,37,38,39,40,42,45,47],"ascension_level":15}}