{"host":"v0kr0xkqfgnh389p","time":1607623462,"event":{"mods":["BaseMod","StSLib","2.2 Compatiblity","AchievementEnabler","BetterRewards","Colored Map","Custom Start","Highlight Path","Hubris","Infinite Spire","Minty Spire (QoL Compilation)","Quick Restart","Replay The Spire","Shop Mod"],"gold_per_floor":[109,124,49,49,49,79,99,99,99,114,139,139,155,181,181,281,281,348,348,348],"floor_reached":19,"playtime":591,"items_purged":["Defend_P"],"score":359,"play_id":"7d7fb34b-3502-4f0c-a81e-aaf8c9814c34","local_time":"20201210130422","is_ascension_mode":true,"campfire_choices":[{"floor":8,"key":"RECALL"},{"data":"Bludgeon","floor":15,"key":"SMITH"}],"circlet_count":0,"master_deck":["Strike_P","Strike_P","Strike_P","Defend_P","Defend_P","Defend_P","Eruption+1","Bash","Replay:Cycle","Prostrate","Bludgeon+1","ConjureBlade"],"relics":["NeowsBlessing","Replay:M_SmolderingBlood","StrikeDummy","hubris:MobiusCoin","hubris:SphereOfDissonance","hubris:CrackedHourglass"],"acts_visited":["Exordium","TheCity"],"potions_floor_usage":[11,14,14,16],"damage_taken":[{"damage":0,"enemies":"Cultist","floor":1,"turns":1},{"damage":0,"enemies":"2 Louse","floor":2,"turns":1},{"damage":0,"enemies":"Lagavulin","floor":6,"turns":1},{"damage":0,"enemies":"Small Slimes","floor":7,"turns":3},{"damage":2,"enemies":"Looter","floor":10,"turns":4},{"damage":0,"enemies":"Gremlin Nob","floor":11,"turns":2},{"damage":0,"enemies":"Large Slime","floor":13,"turns":3},{"damage":22,"enemies":"3 Sentries","floor":14,"turns":6},{"damage":0,"enemies":"Fading Forest","floor":16,"turns":10},{"damage":56,"enemies":"3 Byrds","floor":18,"turns":6}],"seed_played":"-8291243216547611684","potions_obtained":[{"floor":7,"key":"FearPotion"},{"floor":11,"key":"Adrenaline Potion"},{"floor":13,"key":"SkillPotion"},{"floor":14,"key":"SneckoOil"},{"floor":18,"key":"Flashbang"}],"is_trial":false,"path_per_floor":["M","M","$","?","?","E","M","R","T","M","E","?","M","E","R","B",null,"M","?"],"character_chosen":"WATCHER","items_purchased":[],"campfire_rested":0,"item_purchase_floors":[],"current_hp_per_floor":[72,72,72,72,72,72,72,72,72,70,70,70,70,48,48,66,72,16,0,0],"gold":348,"neow_bonus":"THREE_ENEMY_KILL","is_daily":false,"chose_seed":false,"campfire_upgraded":1,"win_rate":0,"timestamp":1607623462,"path_taken":["M","M","$","?","?","E","M","R","T","M","E","?","?","E","R","BOSS","M","?"],"build_version":"2020-11-30","purchased_purges":1,"victory":false,"max_hp_per_floor":[72,72,72,72,72,72,72,72,72,72,72,72,72,72,72,72,72,72,72,72],"card_choices":[{"not_picked":["BowlingBash","SashWhip","FlurryOfBlows"],"picked":"SKIP","floor":1},{"not_picked":["CutThroughFate","EmptyMind","CrushJoints"],"picked":"SKIP","floor":2},{"not_picked":["Replay:BluntJabs","CutThroughFate","BowlingBash"],"picked":"SKIP","floor":6},{"not_picked":["Replay:LoomingThreat","Replay:ManipulateFuture"],"picked":"Replay:Cycle","floor":7},{"not_picked":["Replay:BluntJabs","Crescendo","Replay:AtTheReady"],"picked":"SKIP","floor":10},{"not_picked":["Replay:Vibes","Uppercut","Replay:Hum"],"picked":"SKIP","floor":11},{"not_picked":["Crescendo","Consecrate"],"picked":"Prostrate","floor":13},{"not_picked":["PathToVictory","Halt"],"picked":"Bludgeon","floor":14},{"not_picked":["Feed","Ragnarok"],"picked":"ConjureBlade","floor":16},{"not_picked":["EmptyBody","Replay:Battleflow","Protect"],"picked":"SKIP","floor":18}],"player_experience":710127,"relics_obtained":[{"floor":6,"key":"StrikeDummy"},{"floor":11,"key":"hubris:MobiusCoin"},{"floor":14,"key":"hubris:SphereOfDissonance"}],"event_choices":[{"cards_removed":["Strike_P"],"damage_healed":0,"gold_gain":0,"player_choice":"Forget","damage_taken":0,"max_hp_gain":0,"max_hp_loss":0,"event_name":"Living Wall","floor":5,"gold_loss":0},{"damage_healed":0,"gold_gain":0,"player_choice":"Upgraded","damage_taken":0,"max_hp_gain":0,"max_hp_loss":0,"event_name":"Upgrade Shrine","floor":12,"gold_loss":0,"cards_upgraded":["Eruption"]}],"is_beta":false,"boss_relics":[{"not_picked":["SlaversCollar","Runic Pyramid"],"picked":"hubris:CrackedHourglass"}],"items_purged_floors":[3],"is_endless":false,"potions_floor_spawned":[7,11,13,14,18],"ascension_level":3}}