{"host":"x6tlfgqpy55vgxdn","time":1607610368,"event":{"mods":["BaseMod","StSLib","SuperFastMode","AchievementEnabler","Minty Spire (QoL Compilation)","DeckTracker","Permanent Neow"],"gold_per_floor":[114,114,128,144,144,144,173,173,197,197,147,160,29,45,45,118,118,128,128,128,138,155,155,155],"floor_reached":23,"playtime":707,"items_purged":["Defend_R","Strike_R"],"score":344,"play_id":"dd84caba-7105-42e0-afa4-5659ce6f346a","local_time":"20201210232608","is_ascension_mode":true,"campfire_choices":[{"data":"Carnage","floor":6.0,"key":"SMITH"},{"data":"Hemokinesis","floor":8.0,"key":"SMITH"},{"data":"Shockwave","floor":10.0,"key":"SMITH"},{"data":"Metallicize","floor":15.0,"key":"SMITH"}],"circlet_count":0,"master_deck":["AscendersBane","Strike_R","Strike_R","Defend_R","Defend_R","Defend_R","Bash","Shockwave+1","Hemokinesis+1","Carnage+1","Metallicize+1","Berserk","Battle Trance"],"special_seed":0,"relics":["Burning Blood","Smiling Mask","Art of War","SlaversCollar","The Courier"],"acts_visited":["Exordium","TheCity"],"potions_floor_usage":[21,23],"damage_taken":[{"damage":12.0,"enemies":"Jaw Worm","floor":1.0,"turns":5.0},{"damage":3.0,"enemies":"2 Louse","floor":3.0,"turns":3.0},{"damage":2.0,"enemies":"Cultist","floor":4.0,"turns":4.0},{"damage":17.0,"enemies":"Gremlin Nob","floor":7.0,"turns":3.0},{"damage":13.0,"enemies":"Looter","floor":12.0,"turns":2.0},{"damage":7.0,"enemies":"Gremlin Gang","floor":14.0,"turns":3.0},{"damage":24.0,"enemies":"Hexaghost","floor":16.0,"turns":7.0},{"damage":2.0,"enemies":"Chosen","floor":18.0,"turns":4.0},{"damage":25,"enemies":"3 Byrds","floor":21,"turns":5},{"damage":28,"enemies":"Cultist and Chosen","floor":22,"turns":5},{"damage":24,"enemies":"Book of Stabbing","floor":23,"turns":4}],"seed_played":"-5814003202695195957","potions_obtained":[{"floor":7.0,"key":"Explosive Potion"},{"floor":12.0,"key":"DuplicationPotion"},{"floor":18.0,"key":"BlessingOfTheForge"}],"is_trial":false,"path_per_floor":["M","?","M","M","?","R","E","R","T","R","$","M","$","M","R","B",null,"M","?","?","M","M","E"],"character_chosen":"IRONCLAD","items_purchased":["Metallicize"],"campfire_rested":0,"item_purchase_floors":[13],"current_hp_per_floor":[62,62,65,69,69,69,58,58,58,58,58,51,51,50,50,32,64,68,68,68,49,27,3,3],"gold":155,"neow_bonus":"TRANSFORM_CARD","is_daily":false,"chose_seed":false,"campfire_upgraded":4,"win_rate":0,"timestamp":1607610368,"path_taken":["M","?","M","M","?","R","E","R","T","R","?","M","$","M","R","BOSS","M","?","?","M","M","E"],"build_version":"2020-11-30","purchased_purges":2,"victory":false,"max_hp_per_floor":[75,75,75,75,75,75,75,75,75,75,75,75,75,75,75,75,75,75,75,75,75,75,75,75],"card_choices":[{"not_picked":["Anger","Heavy Blade"],"picked":"Hemokinesis","floor":1.0},{"not_picked":["Infernal Blade","Armaments","Body Slam"],"picked":"SKIP","floor":3.0},{"not_picked":["Armaments","Uppercut"],"picked":"Carnage","floor":4.0},{"not_picked":["Heavy Blade","Whirlwind","Exhume"],"picked":"SKIP","floor":7.0},{"not_picked":["Heavy Blade","Cleave","Flex"],"picked":"SKIP","floor":12.0},{"not_picked":["Heavy Blade","Perfected Strike","Headbutt"],"picked":"SKIP","floor":14.0},{"not_picked":["Bludgeon","Offering"],"picked":"Berserk","floor":16.0},{"not_picked":["Burning Pact","Warcry","Dropkick"],"picked":"SKIP","floor":18.0},{"not_picked":["Burning Pact","Warcry","Dropkick"],"picked":"SKIP","floor":18.0},{"not_picked":["Pommel Strike","Evolve","Havoc"],"picked":"SKIP","floor":21},{"not_picked":["Pommel Strike","Evolve","Havoc"],"picked":"SKIP","floor":21},{"not_picked":["Pommel Strike","Iron Wave"],"picked":"Battle Trance","floor":22}],"player_experience":113427,"relics_obtained":[{"floor":7.0,"key":"Smiling Mask"},{"floor":9.0,"key":"Art of War"},{"floor":20.0,"key":"The Courier"}],"event_choices":[{"damage_healed":0.0,"max_hp_gain":0.0,"max_hp_loss":0.0,"gold_gain":0.0,"event_name":"Liars Game","player_choice":"Ignored","floor":2.0,"gold_loss":0.0,"damage_taken":0.0},{"cards_removed":["Strike_R"],"damage_healed":0.0,"max_hp_gain":0.0,"max_hp_loss":0.0,"gold_gain":0.0,"event_name":"Living Wall","player_choice":"Forget","floor":5.0,"gold_loss":0.0,"damage_taken":0.0},{"damage_healed":0.0,"max_hp_gain":0.0,"max_hp_loss":0.0,"gold_gain":0.0,"event_name":"Ghosts","player_choice":"Ignored","floor":19.0,"gold_loss":0.0,"damage_taken":0.0},{"damage_healed":0.0,"max_hp_gain":0.0,"max_hp_loss":0.0,"gold_gain":0.0,"event_name":"Wheel of Change","player_choice":"Relic","floor":20.0,"gold_loss":0.0,"damage_taken":0.0}],"is_beta":false,"boss_relics":[{"not_picked":["Calling Bell","Pandora\u0027s Box"],"picked":"SlaversCollar"}],"items_purged_floors":[11,13],"is_endless":false,"potions_floor_spawned":[7,12,18],"killed_by":"Book of Stabbing","ascension_level":16}}