{"host":"ve1tu2pxpq596wfw","time":1607562171,"event":{"gold_per_floor":[115,131,145,145,145,180,82,82,163,182,182,202,240,265,265,379,379,400,409,429,429,114,114,114],"floor_reached":23,"playtime":2348,"items_purged":["Regret","Defend_P"],"score":249,"play_id":"3a5ab870-b3ad-4ee5-85dd-0047cd7fde27","local_time":"20201210010251","is_ascension_mode":true,"campfire_choices":[{"floor":8.0,"key":"REST"},{"floor":11,"key":"REST"},{"floor":15,"key":"RECALL"}],"neow_cost":"NONE","seed_source_timestamp":105871563056729,"circlet_count":0,"master_deck":["Strike_P","Strike_P","Strike_P","Strike_P","Defend_P","Defend_P","Defend_P","Eruption+1","Vigilance","Indignation+1","Adaptation","InnerPeace","EmptyMind","FollowUp","EmptyBody","Study+1","ClearTheMind","Replay:Battleflow","Replay:LoomingThreat+1","EmptyFist","ReplayTheSpireMod:Uncanny Aura","TalkToTheHand","Study+1"],"special_seed":0,"relics":["PureWater","Replay:Baseball","Frozen Egg 2","Matryoshka","CeramicFish","Sozu","infinitespire:Lucky Rock","PreservedInsect"],"potions_floor_usage":[16,16],"damage_taken":[{"damage":3.0,"enemies":"Small Slimes","floor":1.0,"turns":5.0},{"damage":0.0,"enemies":"Jaw Worm","floor":2.0,"turns":4.0},{"damage":1.0,"enemies":"Cultist","floor":3.0,"turns":3.0},{"damage":50.0,"enemies":"Lagavulin","floor":6.0,"turns":8.0},{"damage":0,"enemies":"3 Louse","floor":10,"turns":3},{"damage":21,"enemies":"Exordium Thugs","floor":12,"turns":5},{"damage":0,"enemies":"Replay:BlueRogue","floor":13,"turns":6},{"damage":12,"enemies":"2 Fungi Beasts","floor":14,"turns":4},{"damage":29,"enemies":"Fading Forest","floor":16,"turns":11},{"damage":24,"enemies":"3 Byrds","floor":18,"turns":5},{"damage":7,"enemies":"Chosen","floor":20,"turns":4},{"damage":69,"enemies":"Nightmare","floor":23,"turns":6}],"seed_played":"-1435784739047682943","potions_obtained":[{"floor":1.0,"key":"Flashbang"},{"floor":3.0,"key":"Elixir"},{"floor":10,"key":"GamblersBrew"},{"floor":12,"key":"Toxic Potion"},{"floor":13,"key":"blueLaboratory:BottleOfRum"}],"is_trial":false,"path_per_floor":["M","M","M","?","?","E","$","R","T","M","R","M","E","M","R","B",null,"M","?","M","?","$","NM"],"character_chosen":"WATCHER","items_purchased":["FollowUp","PreservedInsect","Study+1"],"campfire_rested":2,"item_purchase_floors":[7,22,22],"current_hp_per_floor":[76,76,75,75,59,9,9,32,32,32,55,34,34,22,22,9,79,55,55,48,48,48,0,0],"gold":114,"neow_bonus":"TEN_PERCENT_HP_BONUS","is_prod":false,"is_daily":false,"chose_seed":false,"campfire_upgraded":0,"win_rate":0,"timestamp":1607562171,"path_taken":["M","M","M","?","?","E","$","R","T","M","R","M","E","M","R","BOSS","M","?","?","?","$","NM"],"build_version":"2020-11-30","purchased_purges":2,"victory":false,"max_hp_per_floor":[79,79,79,79,79,79,79,79,79,79,79,79,79,79,79,79,79,79,79,79,79,79,79,79],"card_choices":[{"not_picked":["Halt","CrushJoints"],"picked":"Indignation","floor":1.0},{"not_picked":["FollowUp","ClearTheMind"],"picked":"Adaptation","floor":2.0},{"not_picked":["Wallop","Swivel"],"picked":"InnerPeace","floor":3.0},{"not_picked":["Replay:Anticipation","Nirvana+1"],"picked":"EmptyMind","floor":6.0},{"not_picked":["Adaptation+1","FlyingSleeves"],"picked":"EmptyBody","floor":10},{"not_picked":["WheelKick","EmptyFist"],"picked":"Study+1","floor":12},{"not_picked":["Replay:ManipulateFuture","Prostrate"],"picked":"ClearTheMind","floor":13},{"not_picked":["WreathOfFlame","FollowUp"],"picked":"Replay:Battleflow","floor":14},{"not_picked":["Devotion+1","Wish"],"picked":"Replay:LoomingThreat+1","floor":16},{"not_picked":["Consecrate+1","Replay:Anticipation+1"],"picked":"EmptyFist","floor":18},{"not_picked":["Prostrate","Replay:AtTheReady"],"picked":"TalkToTheHand","floor":20}],"player_experience":182480,"relics_obtained":[{"floor":6.0,"key":"Frozen Egg 2"},{"floor":9.0,"key":"Matryoshka"},{"floor":13,"key":"CeramicFish"}],"event_choices":[{"damage_healed":0.0,"max_hp_gain":0.0,"max_hp_loss":0.0,"gold_gain":0.0,"event_name":"Big Fish","player_choice":"Box","floor":4.0,"gold_loss":0.0,"damage_taken":0.0,"relics_obtained":["Replay:Baseball"],"cards_obtained":["Regret"]},{"damage_healed":0.0,"max_hp_gain":0.0,"max_hp_loss":0.0,"gold_gain":0.0,"event_name":"Shining Light","player_choice":"Entered Light","floor":5.0,"gold_loss":0.0,"damage_taken":16.0,"cards_upgraded":["Indignation","Eruption"]},{"damage_healed":0,"gold_gain":0,"player_choice":"1 cards matched","damage_taken":0,"max_hp_gain":0,"max_hp_loss":0,"event_name":"Match and Keep!","floor":19,"gold_loss":0,"cards_obtained":["ReplayTheSpireMod:Uncanny Aura"]},{"damage_healed":0,"gold_gain":0,"player_choice":"Gave Potion","damage_taken":0,"relics_obtained":["infinitespire:Lucky Rock"],"max_hp_gain":0,"max_hp_loss":0,"event_name":"WeMeetAgain","floor":21,"gold_loss":0}],"is_beta":false,"boss_relics":[{"not_picked":["Black Star","Philosopher\u0027s Stone"],"picked":"Sozu"}],"items_purged_floors":[7,22],"is_endless":false,"potions_floor_spawned":[1,3,10,12,13,18],"killed_by":"Nightmare","ascension_level":2}}