{"host":"kyy1kus4tsuq869y","time":1607613646,"event":{"mods":["BaseMod","StSLib","READ ME - Guardian Mod","Replay The Spire","READ ME - Snecko Mod","Td1madao Mod","The Animator","The Construct","The Senshi","The Servant 0.9.4","Downfall","HololiveMod","Hubris","Jorbs\u0027s Wanderer Trilogy","Marisa£®ÏF”Í°°ƒß¿Ì…≥£©","Minty Spire (QoL Compilation)","Remilia£®¿Ÿ√◊¿Ú—«£©","The Bug Knight","The Cursed","The Hierophant","The Runesmith","GifTheSpireLib","Reimu£®≤©¿ˆ¡È√Œ£©","The Administrix","Youmu£®ªÍ∆«—˝√Œ£©","Quick Restart"],"gold_per_floor":[115,115,140,158,183,183,183],"floor_reached":6,"playtime":218,"items_purged":[],"score":68,"play_id":"437771a5-2a0f-48c3-a7c9-478947562356","local_time":"20201210232046","is_ascension_mode":true,"campfire_choices":[],"circlet_count":0,"master_deck":["AscendersBane","Strike_R","Strike_R","Strike_R","Strike_R","Strike_R","Defend_R","Defend_R","Defend_R","Defend_R","Bash","expansioncontent:PrepareCrush","Whirlwind"],"relics":["Burning Blood","Golden Idol"],"acts_visited":["Exordium"],"potions_floor_usage":[6,6],"damage_taken":[{"damage":1,"enemies":"Cultist","floor":1,"turns":3},{"damage":2,"enemies":"Jaw Worm","floor":3,"turns":4},{"damage":1,"enemies":"2 Louse","floor":4,"turns":3},{"damage":35,"enemies":"Large Slime","floor":5,"turns":7},{"damage":41,"enemies":"Lagavulin","floor":6,"turns":6}],"seed_played":"-3295118028017259040","potions_obtained":[{"floor":1,"key":"Languid Potion"},{"floor":3,"key":"EntropicBrew"}],"is_trial":false,"path_per_floor":["M","?","M","M","M","E"],"character_chosen":"IRONCLAD","items_purchased":[],"campfire_rested":0,"item_purchase_floors":[],"current_hp_per_floor":[73,68,68,68,39,0,0],"gold":183,"neow_bonus":"RANDOM_COLORLESS","is_daily":false,"chose_seed":false,"campfire_upgraded":0,"win_rate":0,"timestamp":1607613646,"path_taken":["M","?","M","M","M","E"],"build_version":"2020-11-30","purchased_purges":0,"victory":false,"max_hp_per_floor":[75,68,68,68,68,68,68],"card_choices":[{"not_picked":["expansioncontent:SuperHexaguard","Replay:BasicMightCard"],"picked":"expansioncontent:PrepareCrush","floor":0},{"not_picked":["Clothesline","Cleave","Iron Wave"],"picked":"SKIP","floor":1},{"not_picked":["Thunderclap","Iron Wave"],"picked":"Whirlwind","floor":3},{"not_picked":["Clash","Warcry","Run Through"],"picked":"SKIP","floor":4},{"not_picked":["Anger","Perfected Strike","hubris:ReadiedAction"],"picked":"SKIP","floor":5}],"player_experience":433650,"relics_obtained":[],"event_choices":[{"damage_healed":0,"gold_gain":0,"player_choice":"Lose Max HP","damage_taken":0,"relics_obtained":["Golden Idol"],"max_hp_gain":0,"max_hp_loss":7,"event_name":"Golden Idol","floor":2,"gold_loss":0}],"is_beta":false,"boss_relics":[],"items_purged_floors":[],"is_endless":false,"potions_floor_spawned":[1,3,4],"killed_by":"Lagavulin","ascension_level":16}}