{"host":"2pgz2fctomabfk86","time":1607588312,"event":{"gold_per_floor":[115,135,21,37,56,56,67,101,127,127,127,127,127,146,146,146,146],"floor_reached":16,"playtime":8333,"items_purged":["Strike_P"],"score":284,"play_id":"ce27f430-5328-43de-8bd2-6b71f593bb13","local_time":"20201210171832","is_ascension_mode":true,"campfire_choices":[{"data":"Eruption","floor":6.0,"key":"SMITH"},{"data":"InnerPeace","floor":10.0,"key":"SMITH"},{"floor":12,"key":"REST"},{"data":"CrushJoints","floor":15,"key":"SMITH"}],"neow_cost":"PERCENT_DAMAGE","seed_source_timestamp":0,"circlet_count":0,"master_deck":["AscendersBane","Strike_P","Strike_P","Defend_P","Defend_P","Defend_P","Eruption+1","Vigilance","CrushJoints+1","BowlingBash","WheelKick","EmptyBody","InnerPeace+1"],"special_seed":0,"relics":["PureWater","MealTicket","Blood Vial"],"potions_floor_usage":[11],"damage_taken":[{"damage":2.0,"enemies":"Small Slimes","floor":1.0,"turns":3.0},{"damage":2.0,"enemies":"Jaw Worm","floor":2.0,"turns":3.0},{"damage":0.0,"enemies":"Cultist","floor":4.0,"turns":2.0},{"damage":9.0,"enemies":"3 Louse","floor":5.0,"turns":4.0},{"damage":0.0,"enemies":"Large Slime","floor":7.0,"turns":3.0},{"damage":20.0,"enemies":"Gremlin Nob","floor":8.0,"turns":4.0},{"damage":0,"enemies":"3 Sentries","floor":11,"turns":4},{"damage":1,"enemies":"Blue Slaver","floor":14,"turns":4},{"damage":35,"enemies":"Slime Boss","floor":16,"turns":7}],"seed_played":"4996770822342725583","potions_obtained":[{"floor":1.0,"key":"SmokeBomb"},{"floor":2.0,"key":"AttackPotion"}],"is_trial":false,"path_per_floor":["M","M","$","M","M","R","M","E","T","R","E","R","?","M","R","B"],"character_chosen":"WATCHER","items_purchased":["WheelKick"],"campfire_rested":1,"item_purchase_floors":[3],"current_hp_per_floor":[41,39,39,39,30,30,30,10,10,10,12,32,32,33,33,0,0],"gold":146,"neow_bonus":"REMOVE_TWO","is_prod":false,"is_daily":false,"chose_seed":false,"campfire_upgraded":3,"win_rate":0,"timestamp":1607588312,"path_taken":["M","M","$","M","M","R","M","E","T","R","E","R","?","M","R","BOSS"],"build_version":"2020-11-30","purchased_purges":1,"victory":false,"max_hp_per_floor":[68,68,68,68,68,68,68,68,68,68,68,68,68,68,68,68,68],"card_choices":[{"not_picked":["EmptyBody","Vengeance"],"picked":"CrushJoints","floor":1.0},{"not_picked":["Protect","Meditate"],"picked":"BowlingBash","floor":2.0},{"not_picked":["Weave","BowlingBash"],"picked":"EmptyBody","floor":4.0},{"not_picked":["FlurryOfBlows","BattleHymn"],"picked":"InnerPeace","floor":5.0},{"not_picked":["SandsOfTime","PathToVictory","Crescendo"],"picked":"SKIP","floor":7.0},{"not_picked":["CrushJoints","Evaluate","Protect"],"picked":"SKIP","floor":8.0},{"not_picked":["DeceiveReality","Prostrate","BowlingBash"],"picked":"SKIP","floor":14}],"player_experience":854574,"relics_obtained":[{"floor":8.0,"key":"MealTicket"},{"floor":9.0,"key":"Blood Vial"}],"event_choices":[{"damage_healed":0,"gold_gain":0,"player_choice":"Ignored","damage_taken":0,"max_hp_gain":0,"max_hp_loss":0,"event_name":"Liars Game","floor":13,"gold_loss":0}],"is_beta":false,"boss_relics":[],"items_purged_floors":[3],"is_endless":false,"potions_floor_spawned":[1,2,5,11],"killed_by":"Slime Boss","ascension_level":15}}