{"host":"f14d6hm2349s9jse","time":1607572068,"event":{"gold_per_floor":[114,114,114,127,140,181,181,200,200,241,256,290,310,328,328,459,459,475,574,590,614,614,614,649,664,664,678,678,678,678,692,692,793,793,803,488,488,488,508,535,535,552,552,579,59,69,2,17,17,17,17,17,17,49,49],"floor_reached":56,"playtime":4397,"items_purged":[],"score":1326,"play_id":"4bde087c-98be-4149-a2e3-d48184b5f030","local_time":"20201209224748","is_ascension_mode":false,"campfire_choices":[{"floor":7,"key":"REST"},{"floor":15,"key":"RECALL"},{"data":"Apotheosis","floor":23,"key":"SMITH"},{"data":"Luminous:Erosion_Luminous","floor":32,"key":"SMITH"},{"data":"Luminous:Erosion_Luminous","floor":41,"key":"SMITH"},{"data":"Luminous:Mirror_Force_Luminous","floor":49,"key":"SMITH"},{"data":"Luminous:Ethereal_Form_Luminous","floor":52,"key":"SMITH"}],"neow_cost":"NONE","seed_source_timestamp":1940197222243060,"circlet_count":0,"master_deck":["Luminous:Light_Flash_Shower","Luminous:Light_Flash_Shower","Luminous:Light_Flash_Shower","Luminous:Dark_Abyssal_Drop","Luminous:Dark_Abyssal_Drop","Luminous:Dark_Abyssal_Drop","Luminous:Defend_Luminous","Luminous:Defend_Luminous","Luminous:Defend_Luminous","Luminous:Defend_Luminous","Luminous:Switch_Luminous","Luminous:Light_Glare","Luminous:Light_Glare","Luminous:Erosion_Luminous+1","Luminous:Darkness_Mastery_Luminous","Luminous:Flash_Blink_Luminous","Luminous:Light_Glare","Luminous:Dusk_Guard_Luminous","Luminous:Erosion_Luminous+1","Luminous:Mirror_Force_Luminous+1","Luminous:Hero_Will_Luminous","Luminous:Photic_Meditation_Luminous","Apotheosis+1","Luminous:Light_Glare","Luminous:Light_Gather","Luminous:Balance_Baptism","Luminous:Ethereal_Form_Luminous+1","Luminous:Balance_Ender","Jack Of All Trades","Finesse","Madness","Luminous:Flash_Blink_Luminous","Luminous:Light_Ray_of_Redemption","Luminous:Balance_Baptism","Luminous:Balance_Ender","Luminous:Light_Gather","Luminous:Light_Gather"],"relics":["Luminous:MirrorRelic","NeowsBlessing","Bloody Idol","Bronze Scales","The Courier","Pantograph","HornCleat","Ancient Tea Set","Black Star","Question Card","Bottled Flame","Mercury Hourglass","Luminous:BlackBlessingRelic","Sozu","Gremlin Horn","MealTicket","Sundial","Incense Burner","Pear","Shuriken","ClockworkSouvenir","Kunai","Mummified Hand","Pen Nib","Gambling Chip"],"potions_floor_usage":[33,40,55],"damage_taken":[{"damage":0,"enemies":"Small Slimes","floor":1,"turns":2},{"damage":0,"enemies":"2 Louse","floor":4,"turns":1},{"damage":0,"enemies":"Jaw Worm","floor":5,"turns":1},{"damage":4,"enemies":"Gremlin Nob","floor":6,"turns":5},{"damage":5,"enemies":"Looter","floor":8,"turns":3},{"damage":3,"enemies":"Lagavulin","floor":10,"turns":6},{"damage":0,"enemies":"Exordium Wildlife","floor":11,"turns":4},{"damage":28,"enemies":"3 Sentries","floor":12,"turns":7},{"damage":3,"enemies":"3 Louse","floor":13,"turns":3},{"damage":0,"enemies":"Blue Slaver","floor":14,"turns":4},{"damage":16,"enemies":"Slime Boss","floor":16,"turns":7},{"damage":4,"enemies":"Chosen","floor":18,"turns":7},{"damage":0,"enemies":"Spheric Guardian","floor":20,"turns":5},{"damage":0,"enemies":"Cultist and Chosen","floor":21,"turns":9},{"damage":16,"enemies":"Gremlin Leader","floor":24,"turns":7},{"damage":0,"enemies":"Snecko","floor":25,"turns":5},{"damage":0,"enemies":"Centurion and Healer","floor":27,"turns":5},{"damage":0,"enemies":"Cultist and Chosen","floor":31,"turns":5},{"damage":9,"enemies":"Collector","floor":33,"turns":11},{"damage":0,"enemies":"3 Darklings","floor":35,"turns":7},{"damage":0,"enemies":"3 Shapes","floor":39,"turns":2},{"damage":3,"enemies":"Reptomancer","floor":40,"turns":7},{"damage":0,"enemies":"Maw","floor":42,"turns":5},{"damage":0,"enemies":"Giant Head","floor":44,"turns":8},{"damage":1,"enemies":"Transient","floor":46,"turns":5},{"damage":0,"enemies":"Sphere and 2 Shapes","floor":48,"turns":5},{"damage":19,"enemies":"Donu and Deca","floor":50,"turns":9},{"damage":8,"enemies":"Shield and Spear","floor":54,"turns":6},{"damage":2,"enemies":"The Heart","floor":55,"turns":10}],"seed_played":"-5078094101455686665","potions_obtained":[{"floor":6,"key":"Strength Potion"},{"floor":8,"key":"ColorlessPotion"},{"floor":11,"key":"BlessingOfTheForge"},{"floor":13,"key":"CultistPotion"},{"floor":16,"key":"DistilledChaos"},{"floor":27,"key":"Fruit Juice"}],"is_trial":false,"path_per_floor":["M","?","?","M","M","E","R","M","T","E","M","E","M","M","R","B",null,"M","?","M","M","?","R","E","M","T","M","?","?","?","M","R","B",null,"M","$","?","?","M","E","R","M","T","E","$","M","$","M","R","B",null,"R","$","E","B",null],"character_chosen":"LuminousClass","items_purchased":["Gremlin Horn","MealTicket","ClockworkSouvenir","Kunai","Mummified Hand","Luminous:Balance_Ender","Luminous:Light_Gather"],"campfire_rested":1,"item_purchase_floors":[36,36,45,45,45,47,47],"current_hp_per_floor":[75,57,50,50,50,46,68,63,63,60,60,32,29,29,29,38,75,71,71,71,71,71,71,66,75,75,75,75,75,75,75,75,80,80,80,80,70,70,75,80,80,80,80,90,90,90,90,90,90,78,90,90,90,90,90],"gold":49,"neow_bonus":"THREE_ENEMY_KILL","is_prod":false,"is_daily":false,"chose_seed":false,"campfire_upgraded":5,"win_rate":1,"timestamp":1607572068,"path_taken":["M","?","?","M","M","E","R","M","T","E","M","E","M","?","R","BOSS","M","?","M","M","?","R","E","M","T","?","?","?","?","M","R","BOSS","M","$","?","?","M","E","R","?","T","E","?","M","$","M","R","BOSS","R","$","E","BOSS"],"build_version":"2020-11-30","purchased_purges":0,"victory":true,"max_hp_per_floor":[75,75,75,75,75,75,75,75,75,75,75,75,75,75,75,75,75,75,75,75,75,75,75,75,75,75,75,75,75,75,75,75,80,80,80,80,80,80,80,80,80,80,80,90,90,90,90,90,90,90,90,90,90,90,90],"card_choices":[{"not_picked":["Luminous:Light_Sylvan_Lance","Luminous:Light_Disperse","Luminous:Light_Wash_Luminous"],"picked":"SKIP","floor":1},{"not_picked":["Luminous:Dark_Pressure_Void","Luminous:Dark_Dim_Erosion"],"picked":"Luminous:Light_Glare","floor":4},{"not_picked":["Luminous:Light_Sylvan_Lance","Luminous:Dark_Pressure_Void"],"picked":"Luminous:Light_Glare","floor":5},{"not_picked":["Luminous:Accumulation_Luminous","Luminous:Dark_Raid"],"picked":"Luminous:Erosion_Luminous","floor":6},{"not_picked":["Luminous:Light_Wash_Luminous","Luminous:Shadow_Shell_Luminous"],"picked":"Luminous:Darkness_Mastery_Luminous","floor":8},{"not_picked":["Luminous:Concentrate_Luminous","Luminous:Light_Disperse"],"picked":"Luminous:Flash_Blink_Luminous","floor":10},{"not_picked":["Luminous:Blinding_Pillar_Luminous","Luminous:Lights_Protection_Luminous","Luminous:Dark_Pressure_Void"],"picked":"SKIP","floor":11},{"not_picked":["Luminous:Dark_Moonlight_Spear","Luminous:Accumulation_Luminous"],"picked":"Luminous:Light_Glare","floor":12},{"not_picked":["Luminous:Light_Glare","Luminous:Darkness_Mastery_Luminous"],"picked":"Luminous:Dusk_Guard_Luminous","floor":13},{"not_picked":["Luminous:Dark_Raid","Luminous:Light_Disperse"],"picked":"Luminous:Erosion_Luminous","floor":14},{"not_picked":["Luminous:Freud_Wisdom1_Luminous","Luminous:Equalize_Luminous"],"picked":"Luminous:Mirror_Force_Luminous","floor":16},{"not_picked":["Luminous:Blinding_Pillar_Luminous","Luminous:Dark_Moonlight_Spear","Luminous:Accumulation_Luminous+1"],"picked":"SKIP","floor":18},{"not_picked":["Luminous:Magic_Guard_Luminous","Luminous:Light_Disperse"],"picked":"Luminous:Hero_Will_Luminous","floor":20},{"not_picked":["Luminous:Blinding_Pillar_Luminous","Luminous:Magic_Guard_Luminous"],"picked":"Luminous:Photic_Meditation_Luminous","floor":21},{"not_picked":["Luminous:Sympathy_Luminous+1","Luminous:Light_Wash_Luminous+1"],"picked":"Luminous:Light_Glare","floor":24},{"not_picked":["Luminous:Darkness_Mastery_Luminous","Luminous:Light_Disperse+1","Luminous:Concentrate_Luminous+1"],"picked":"Luminous:Light_Gather","floor":25},{"not_picked":["Luminous:Concentrate_Luminous","Luminous:Light_Wash_Luminous","Luminous:Light_Disperse","Luminous:Dark_Morning_Star"],"picked":"SKIP","floor":27},{"not_picked":["Luminous:Sympathy_Luminous","Luminous:Light_Sylvan_Lance+1","Luminous:Dark_Raid"],"picked":"Luminous:Balance_Baptism","floor":31},{"not_picked":["Luminous:Date_of_Light_Luminous","Luminous:Erosion_Luminous","Luminous:Arcane_Rage_Luminous"],"picked":"Luminous:Ethereal_Form_Luminous","floor":33},{"not_picked":["Luminous:Light_Disperse","Luminous:Tune_Luminous+1","Luminous:Photic_Meditation_Luminous"],"picked":"Luminous:Balance_Ender","floor":35},{"not_picked":["Dramatic Entrance","Secret Technique","Panache"],"picked":"Jack Of All Trades","floor":37},{"not_picked":["Secret Weapon","Bandage Up","Mind Blast"],"picked":"Finesse","floor":37},{"not_picked":["Enlightenment","PanicButton","Thinking Ahead"],"picked":"Madness","floor":37},{"not_picked":["Luminous:Light_Reflection","Luminous:Light_Disperse+1","Luminous:Sympathy_Luminous+1"],"picked":"Luminous:Flash_Blink_Luminous","floor":39},{"not_picked":["Luminous:Light_Reflection+1","Luminous:Light_Sylvan_Lance+1","Luminous:Tune_Luminous"],"picked":"Luminous:Light_Ray_of_Redemption","floor":40},{"not_picked":["Luminous:Dark_Dim_Erosion+1","Luminous:Light_Reflection+1","Luminous:Dark_Apocalypse","Luminous:Dark_Raid"],"picked":"SKIP","floor":42},{"not_picked":["Luminous:Dark_Dim_Erosion+1","Luminous:Chase_Spell_Luminous","Luminous:Tune_Luminous","Luminous:Light_Reflection+1"],"picked":"SKIP","floor":44},{"not_picked":["Luminous:Dark_Dim_Erosion","Luminous:Dark_Pressure_Void","Luminous:Light_Wash_Luminous"],"picked":"Luminous:Balance_Baptism","floor":46},{"not_picked":["Luminous:Dark_Dim_Erosion+1","Luminous:Dark_Pressure_Void+1","Luminous:Light_Sylvan_Lance"],"picked":"Luminous:Light_Gather","floor":48},{"not_picked":["Luminous:Dark_Raid+1","Luminous:Blinding_Pillar_Luminous","Luminous:Light_Disperse+1","Luminous:Darks_Surge_Luminous+1"],"picked":"SKIP","floor":54}],"player_experience":2463875,"relics_obtained":[{"floor":6,"key":"The Courier"},{"floor":9,"key":"Pantograph"},{"floor":10,"key":"HornCleat"},{"floor":12,"key":"Ancient Tea Set"},{"floor":24,"key":"Question Card"},{"floor":24,"key":"Bottled Flame"},{"floor":26,"key":"Mercury Hourglass"},{"floor":40,"key":"Sundial"},{"floor":40,"key":"Incense Burner"},{"floor":44,"key":"Pear"},{"floor":44,"key":"Shuriken"},{"floor":54,"key":"Pen Nib"},{"floor":54,"key":"Gambling Chip"}],"event_choices":[{"damage_healed":0,"gold_gain":0,"player_choice":"Take Damage","damage_taken":18,"relics_obtained":["Golden Idol"],"max_hp_gain":0,"max_hp_loss":0,"event_name":"Golden Idol","floor":2,"gold_loss":0},{"damage_healed":0,"gold_gain":0,"player_choice":"Success","damage_taken":7,"relics_obtained":["Bronze Scales"],"max_hp_gain":0,"max_hp_loss":0,"event_name":"Scrap Ooze","floor":3,"gold_loss":0},{"damage_healed":0,"gold_gain":99,"player_choice":"Stole From Cult","damage_taken":0,"max_hp_gain":0,"max_hp_loss":0,"event_name":"Nest","floor":19,"gold_loss":0},{"damage_healed":0,"gold_gain":0,"player_choice":"Gave Idol","damage_taken":0,"relics_obtained":["Bloody Idol"],"max_hp_gain":0,"max_hp_loss":0,"event_name":"Forgotten Altar","floor":28,"relics_lost":["Golden Idol"],"gold_loss":0},{"damage_healed":0,"gold_gain":0,"player_choice":"Ignored","damage_taken":0,"max_hp_gain":0,"max_hp_loss":0,"event_name":"Beggar","floor":29,"gold_loss":0},{"damage_healed":0,"gold_gain":0,"player_choice":"Opened","damage_taken":0,"relics_obtained":["Luminous:BlackBlessingRelic"],"max_hp_gain":0,"max_hp_loss":0,"event_name":"The Mausoleum","floor":30,"gold_loss":0,"cards_obtained":["Writhe"]},{"damage_healed":0,"gold_gain":0,"player_choice":"Memory 3","damage_taken":10,"max_hp_gain":0,"max_hp_loss":0,"event_name":"SensoryStone","floor":37,"gold_loss":0},{"cards_removed":["Writhe"],"damage_healed":0,"gold_gain":0,"player_choice":"Removed Curses","damage_taken":0,"max_hp_gain":0,"max_hp_loss":0,"event_name":"Fountain of Cleansing","floor":38,"gold_loss":0}],"is_beta":false,"boss_relics":[{"not_picked":["Pandora\u0027s Box","Velvet Choker"],"picked":"Black Star"},{"not_picked":["Empty Cage","SacredBark"],"picked":"Sozu"}],"items_purged_floors":[],"is_endless":false,"potions_floor_spawned":[6,8,11,13,14,16,18,21,25,27,35,39,44,54],"ascension_level":0}}