{"host":"wudi","time":1607589121,"event":{"gold_per_floor":[119,136,136,136,148,163,7,51,51,51,77,63,63,92,128,151,160,267,367,394,394,418,104,132,167,219,264,264,264,273,273,300,341,341,473,473,509,588,258,308,356,412,441,509,577,627,223,291,351,392,392,444,444,444,5,73,113],"floor_reached":58,"playtime":5128,"items_purged":["Parasite"],"score":1407,"play_id":"de4b9538-f070-4d09-8818-d1a58e361ea8","local_time":"20201210163201","is_ascension_mode":false,"campfire_choices":[{"data":"Defy","floor":13.0,"key":"SMITH"},{"data":"Apotheosis","floor":31.0,"key":"SMITH"},{"data":"FlawlessForm","floor":34.0,"key":"SMITH"},{"floor":51.0,"key":"RECALL"},{"data":"RealityMarble","floor":54.0,"key":"SMITH"},{"data":"Advance","floor":54.0,"key":"SMITH"}],"neow_cost":"BASIC_CARDS","seed_source_timestamp":112065787297600,"circlet_count":0,"master_deck":["Strike_S","Strike_S+1","Strike_S","Defend_S","Defend_S","Defend_S","Defend_S","KidneyShot","Exchange","Defend_P","Strike_R","FloweringNight+1","Defy+1","Potential","Reset","SpecialFormula","SilverBlades+1","Spin","Ricochet","DualDimension","SoulSculpture","FlawlessForm+1","Barrier","Sabotage","Apotheosis+1","BottledTime+1","TimeTheft","Luminosity","Misdirection+1","PendulumOfEternity","Advance+1","Initiator","Collapse+1","Sabotage+1","Sabotage","Gouge+1","Deadline+1","MoonPhase+1","Replace","Moonlight+1","Specialist","SurpressingFire","Potential+1","SpecialFormula+1","BestPractice","RealityMarble+1","Misdirection","FastForward+1","SilverBlades","Luminosity+1","Defy","SilverBlades","Misdirection"],"special_seed":0,"relics":["Uniform","OrangePellets","CeramicFish","ReplayFunnel","Happy Flower","Replay:Wanted Poster","Enchiridion","ReplayTheSpireMod:TigerMarble","Replay:Bandana","Onion Ring","StoneMask","Mummified Hand","Replay:Arrowhead","Dream Catcher","PreservedInsect","Orrery","Broom","Bag of Preparation","Whetstone"],"potions_floor_usage":[56,57],"damage_taken":[{"damage":5.0,"enemies":"Cultist","floor":1.0,"turns":5.0},{"damage":5.0,"enemies":"Small Slimes","floor":2.0,"turns":5.0},{"damage":0.0,"enemies":"2 Louse","floor":5.0,"turns":3.0},{"damage":0.0,"enemies":"Red Slaver","floor":6.0,"turns":5.0},{"damage":5.0,"enemies":"Lagavulin","floor":8.0,"turns":10.0},{"damage":0.0,"enemies":"3 Louse","floor":14.0,"turns":1.0},{"damage":0.0,"enemies":"3 Sentries","floor":15.0,"turns":6.0},{"damage":4.0,"enemies":"Looter","floor":16.0,"turns":3.0},{"damage":20.0,"enemies":"The Guardian","floor":18.0,"turns":13.0},{"damage":4.0,"enemies":"3 Byrds","floor":20.0,"turns":6.0},{"damage":0.0,"enemies":"Chosen","floor":22.0,"turns":5.0},{"damage":0.0,"enemies":"Snecko","floor":24.0,"turns":4.0},{"damage":8.0,"enemies":"Book of Stabbing","floor":25.0,"turns":6.0},{"damage":0.0,"enemies":"Centurion and Healer","floor":26.0,"turns":5.0},{"damage":7.0,"enemies":"Snake Plant","floor":27.0,"turns":5.0},{"damage":0.0,"enemies":"Shelled Parasite and Fungi","floor":32.0,"turns":8.0},{"damage":0.0,"enemies":"Cultist and Chosen","floor":33.0,"turns":5.0},{"damage":0.0,"enemies":"Automaton","floor":35.0,"turns":8.0},{"damage":0.0,"enemies":"Orb Walker","floor":37.0,"turns":2.0},{"damage":0.0,"enemies":"3 Shapes","floor":40.0,"turns":4.0},{"damage":0.0,"enemies":"Writhing Mass","floor":41.0,"turns":3.0},{"damage":0.0,"enemies":"Nemesis","floor":42.0,"turns":5.0},{"damage":0.0,"enemies":"Transient","floor":43.0,"turns":5.0},{"damage":16.0,"enemies":"Reptomancer","floor":44.0,"turns":5.0},{"damage":28.0,"enemies":"Maw","floor":46.0,"turns":8.0},{"damage":6.0,"enemies":"Jaw Worm Horde","floor":48.0,"turns":4.0},{"damage":1.0,"enemies":"Sphere and 2 Shapes","floor":49.0,"turns":3.0},{"damage":0.0,"enemies":"Maw","floor":50.0,"turns":6.0},{"damage":38.0,"enemies":"Awakened One","floor":52.0,"turns":10.0},{"damage":0,"enemies":"Shield and Spear","floor":56,"turns":5},{"damage":7,"enemies":"The Heart","floor":57,"turns":8}],"seed_played":"7564968122645724296","potions_obtained":[{"floor":2.0,"key":"GamblersBrew"},{"floor":6.0,"key":"BlessingOfTheForge"},{"floor":8.0,"key":"FairyPotion"},{"floor":14.0,"key":"Block Potion"},{"floor":18.0,"key":"Fruit Juice"},{"floor":24.0,"key":"Block Potion"},{"floor":26.0,"key":"Swift Potion"},{"floor":27.0,"key":"SteroidPotion"},{"floor":35.0,"key":"FearPotion"},{"floor":46.0,"key":"AttackPotion"},{"floor":48.0,"key":"AttackPotion"},{"floor":50.0,"key":"PowerPotion"}],"is_trial":false,"path_per_floor":["M","M","PTL","PTL","M","M","$","E","?","?","T","$","R","M","E","M","R","B",null,"M","?","M","$","M","E","M","M","T","$","?","R","M","M","R","B",null,"M","T","$","M","M","E","M","E","T","M","$","M","M","M","R","B",null,"R","$","E","B",null],"character_chosen":"THE_SERVANT","items_purchased":["OrangePellets","Spin","Apotheosis","ReplayTheSpireMod:TigerMarble","Replay:Arrowhead","Sabotage","Specialist","Languid Potion","SurpressingFire","Orrery","Broom","Bag of Preparation","Defy","SilverBlades","EssenceOfSteel"],"campfire_rested":0,"item_purchase_floors":[7,12,23,23,39,39,47,47,47,47,55,55,55,55,55],"current_hp_per_floor":[60,55,55,55,55,55,55,55,55,55,55,55,55,60,65,61,61,50,70,70,54,59,59,67,67,70,63,63,63,63,63,70,70,70,70,70,71,71,71,74,75,76,77,69,69,49,49,65,73,83,83,56,87,87,87,89,90],"gold":113,"neow_bonus":"THREE_RARE_CARDS","is_prod":false,"is_daily":false,"chose_seed":false,"campfire_upgraded":5,"win_rate":0,"timestamp":1607589121,"path_taken":["M","M","PTL","PTL","M","M","?","E","?","?","T","$","R","?","E","M","R","BOSS","M","?","M","$","M","E","M","M","T","$","?","R","M","M","R","BOSS","M","?","$","M","M","E","M","E","T","M","$","M","M","M","R","BOSS","R","$","E","BOSS"],"build_version":"2020-12-07","purchased_purges":1,"victory":true,"max_hp_per_floor":[65,65,65,65,65,65,65,65,65,65,65,65,65,65,65,65,65,70,70,70,70,70,70,70,70,70,70,70,70,70,70,70,70,70,70,70,71,71,71,74,75,76,77,78,78,79,76,79,82,83,83,87,87,87,87,89,90],"card_choices":[{"not_picked":["ForgedInTime","Dilation"],"picked":"FloweringNight","floor":0.0},{"not_picked":["DoubleEdge","Revamp"],"picked":"Defy","floor":1.0},{"not_picked":["Ricochet","TimeWarp"],"picked":"Potential","floor":2.0},{"not_picked":["Comet","SurpressingFire"],"picked":"Reset","floor":5.0},{"not_picked":["BottledTime","ShatteredReality"],"picked":"SpecialFormula","floor":6.0},{"not_picked":["FloweringNight","GearUp"],"picked":"SilverBlades","floor":8.0},{"not_picked":["Collapse","Revamp"],"picked":"Ricochet","floor":14.0},{"not_picked":["Ricochet","DoubleEdge"],"picked":"DualDimension","floor":15.0},{"not_picked":["Starlight","Ricochet"],"picked":"Rearm","floor":16.0},{"not_picked":["SoulSculpture","Duplication"],"picked":"FlawlessForm","floor":18.0},{"not_picked":["Ricochet","Manipulate"],"picked":"Barrier","floor":20.0},{"not_picked":["Unruled","BottledTime"],"picked":"Sabotage","floor":22.0},{"not_picked":["Advance","InstantArmor"],"picked":"BottledTime+1","floor":24.0},{"not_picked":["Shuttle","Ricochet+1"],"picked":"TimeTheft","floor":25.0},{"not_picked":["StarChef","TimeWarp"],"picked":"Luminosity","floor":26.0},{"not_picked":["Revamp","Alleviate"],"picked":"Misdirection+1","floor":27.0},{"not_picked":["DoubleEdge","Alleviate","ReturningBlade"],"picked":"SKIP","floor":32.0},{"not_picked":["ShatteredReality","Replace"],"picked":"Advance","floor":33.0},{"not_picked":["ForgedInTime","Solidify"],"picked":"Initiator","floor":35.0},{"not_picked":["Moondial","Spin"],"picked":"Collapse+1","floor":37.0},{"not_picked":["Rewind","Shuttle+1"],"picked":"Gouge+1","floor":40.0},{"not_picked":["Alleviate+1","Rewind"],"picked":"Deadline+1","floor":41.0},{"not_picked":["Unruled","ReturningBlade+1"],"picked":"MoonPhase+1","floor":42.0},{"not_picked":["FastForward","FlawlessForm","Rearm"],"picked":"SKIP","floor":43.0},{"not_picked":["Gouge+1","Alleviate"],"picked":"Replace","floor":44.0},{"not_picked":["Revamp+1","Unruled+1"],"picked":"Moonlight+1","floor":46.0},{"not_picked":["Ricochet+1","Starlight"],"picked":"Potential+1","floor":47.0},{"not_picked":["Deny","FastForward"],"picked":"SpecialFormula+1","floor":47.0},{"not_picked":["Rearm","ShatteredReality"],"picked":"BestPractice","floor":47.0},{"not_picked":["Starlight+1","Shuttle"],"picked":"RealityMarble","floor":47.0},{"not_picked":["StarChef","Defy"],"picked":"Misdirection","floor":47.0},{"not_picked":["Contraction","Ricochet"],"picked":"FastForward+1","floor":48.0},{"not_picked":["Unruled+1","FastForward+1"],"picked":"SilverBlades","floor":49.0},{"not_picked":["Desolation+1","ReturningBlade+1"],"picked":"Luminosity+1","floor":50.0},{"not_picked":["TimeTheft+1","Unruled+1"],"picked":"Misdirection","floor":56}],"player_experience":474598,"relics_obtained":[{"floor":8.0,"key":"CeramicFish"},{"floor":11.0,"key":"ReplayFunnel"},{"floor":15.0,"key":"Happy Flower"},{"floor":21.0,"key":"Enchiridion"},{"floor":25.0,"key":"Replay:Bandana"},{"floor":28.0,"key":"Onion Ring"},{"floor":38.0,"key":"Mummified Hand"},{"floor":42.0,"key":"Dream Catcher"},{"floor":44.0,"key":"PreservedInsect"},{"floor":56,"key":"Whetstone"}],"event_choices":[{"damage_healed":0.0,"max_hp_gain":0.0,"max_hp_loss":0.0,"gold_gain":0.0,"event_name":"Living Wall","player_choice":"Grow","floor":9.0,"gold_loss":0.0,"damage_taken":0.0,"cards_upgraded":["FloweringNight"]},{"damage_healed":0.0,"max_hp_gain":0.0,"max_hp_loss":0.0,"gold_gain":0.0,"event_name":"Upgrade Shrine","player_choice":"Upgraded","floor":10.0,"gold_loss":0.0,"damage_taken":0.0,"cards_upgraded":["SilverBlades"]},{"damage_healed":0.0,"max_hp_gain":0.0,"max_hp_loss":0.0,"gold_gain":0.0,"event_name":"Cursed Tome","player_choice":"Obtained Book","floor":21.0,"gold_loss":0.0,"damage_taken":16.0},{"damage_healed":0.0,"max_hp_gain":0.0,"max_hp_loss":0.0,"gold_gain":0.0,"cards_transformed":["Rearm"],"event_name":"Transmorgrifier","player_choice":"Transformed","floor":30.0,"gold_loss":0.0,"damage_taken":0.0,"cards_obtained":["PendulumOfEternity"]}],"is_beta":true,"boss_relics":[{"not_picked":["SlaversCollar","SplendidAttire"],"picked":"Replay:Wanted Poster"},{"not_picked":["Fusion Hammer","Velvet Choker"],"picked":"StoneMask"}],"items_purged_floors":[47],"is_endless":false,"potions_floor_spawned":[2,6,8,14,18,24,26,27,35,41,42,46,48,50],"ascension_level":0}}