{"host":"iy58fyt9wsbv4cf1","time":1607570497,"event":{"gold_per_floor":[76,76,86,9,28,28,61,61,61,76,86,86,115,115,115,216,216,233,233,12,25,37,37,67,67,94,129,129,129,146,164,164,264,264,277,26,0,0,0,0,0,15,15,15,34,34,65,82,82,82],"floor_reached":51,"playtime":1334,"items_purged":[],"score":998,"play_id":"ebf43ac2-5d4c-4efb-868d-9995213a855a","local_time":"20201209222137","is_ascension_mode":false,"campfire_choices":[{"data":"Double Energy","floor":6.0,"key":"SMITH"},{"data":"Genetic Algorithm","floor":8.0,"key":"SMITH"},{"floor":15.0,"key":"REST"},{"data":"Turbo","floor":23.0,"key":"SMITH"},{"data":"Turbo","floor":25.0,"key":"SMITH"},{"data":"Dualcast","floor":28.0,"key":"SMITH"},{"floor":32.0,"key":"REST"},{"data":"Tempest","floor":40.0,"key":"SMITH"},{"data":"Impatience","floor":46.0,"key":"SMITH"},{"floor":49.0,"key":"REST"}],"neow_cost":"","seed_source_timestamp":534763565629599,"circlet_count":0,"master_deck":["Strike_B","Strike_B","Strike_B","Defend_B","Defend_B","Defend_B","Defend_B","Zap","Dualcast+1","Double Energy+1","Master of Strategy+1","Conserve Battery","Genetic Algorithm+1","Conserve Battery","Thunder Strike+1","Turbo+1","Turbo+1","Tempest+1","Impatience+1","Finesse"],"special_seed":0,"relics":["Cracked Core","hubris:Zylophone","Strange Spoon","PreservedInsect","hubris:TinFlute","hubris:BottledRain","Anchor","Molten Egg 2","hubris:RunicObelisk","hubris:BallOfYels","Bronze Scales","Tiny Chest","Ginger","hubris:TerracottaHorce","Bag of Preparation","Red Mask","Happy Flower","Omamori"],"potions_floor_usage":[50,50],"damage_taken":[{"damage":1.0,"enemies":"Jaw Worm","floor":1.0,"turns":4.0},{"damage":1.0,"enemies":"Cultist","floor":3.0,"turns":3.0},{"damage":0.0,"enemies":"Small Slimes","floor":5.0,"turns":3.0},{"damage":16.0,"enemies":"3 Sentries","floor":7.0,"turns":5.0},{"damage":0.0,"enemies":"2 Fungi Beasts","floor":10.0,"turns":3.0},{"damage":0.0,"enemies":"Looter","floor":11.0,"turns":2.0},{"damage":0.0,"enemies":"Lagavulin","floor":13.0,"turns":6.0},{"damage":16.0,"enemies":"The Guardian","floor":16.0,"turns":10.0},{"damage":3.0,"enemies":"2 Thieves","floor":18.0,"turns":4.0},{"damage":0.0,"enemies":"Spheric Guardian","floor":21.0,"turns":1.0},{"damage":5.0,"enemies":"Chosen and Byrds","floor":22.0,"turns":6.0},{"damage":30.0,"enemies":"conspire:SneckoGhost","floor":24.0,"turns":6.0},{"damage":0.0,"enemies":"conspire:Head Lice","floor":27.0,"turns":3.0},{"damage":0.0,"enemies":"Cultist and Chosen","floor":30.0,"turns":2.0},{"damage":0.0,"enemies":"conspire:HollyBat","floor":31.0,"turns":4.0},{"damage":19.0,"enemies":"conspire:MysteriousRune","floor":33.0,"turns":4.0},{"damage":0.0,"enemies":"Orb Walker","floor":35.0,"turns":2.0},{"damage":0.0,"enemies":"3 Shapes","floor":42.0,"turns":1.0},{"damage":0.0,"enemies":"3 Darklings","floor":45.0,"turns":2.0},{"damage":0.0,"enemies":"Giant Head","floor":47.0,"turns":5.0},{"damage":31.0,"enemies":"4 Shapes","floor":48.0,"turns":2.0},{"damage":35,"enemies":"Donu and Deca","floor":50,"turns":4}],"seed_played":"8915038127878293118","potions_obtained":[{"floor":1.0,"key":"SpeedPotion"},{"floor":7.0,"key":"FearPotion"},{"floor":13.0,"key":"Fire Potion"},{"floor":16.0,"key":"Explosive Potion"}],"is_trial":false,"path_per_floor":["M","?","M","$","M","R","E","R","T","M","M","?","E","?","R","B",null,"M","?","$","M","M","R","E","R","T","E","R","$","M","M","R","B",null,"M","$","?","?","T","R","?","M","T","?","M","R","E","M","R","B",null],"character_chosen":"DEFECT","items_purchased":["hubris:Zylophone","Strange Spoon","Double Energy","Master of Strategy","PreservedInsect","Conserve Battery","Genetic Algorithm","Turbo","hubris:BallOfYels","Tempest","Bag of Preparation"],"campfire_rested":3,"item_purchase_floors":[0,0,0,0,0,0,4,20,20,36,36],"current_hp_per_floor":[33,33,32,32,32,32,16,16,16,16,16,16,16,9,31,15,75,72,72,72,72,67,67,37,37,37,37,37,37,37,37,59,40,66,66,66,66,66,66,66,56,56,56,56,56,56,56,25,46,11],"gold":82,"neow_bonus":"","is_prod":false,"is_daily":false,"chose_seed":false,"campfire_upgraded":7,"win_rate":0,"timestamp":1607570497,"path_taken":["M","?","M","$","M","R","E","R","T","?","M","?","E","?","R","BOSS","M","?","$","M","M","R","E","R","T","E","R","$","?","M","R","BOSS","M","$","?","?","?","R","?","?","T","?","M","R","E","M","R","BOSS"],"build_version":"2020-11-30","purchased_purges":0,"victory":true,"max_hp_per_floor":[75,75,75,75,75,75,75,75,75,75,75,75,75,75,75,75,75,75,75,75,75,75,75,75,75,75,75,75,75,75,75,75,75,75,75,75,75,75,75,75,75,75,75,71,71,71,71,71,71,71],"card_choices":[{"not_picked":["Gash","Rebound","Skim"],"picked":"SKIP","floor":1.0},{"not_picked":["Hello World","Steam","Coolheaded"],"picked":"SKIP","floor":3.0},{"not_picked":["Scrape","Rebound","Conserve Battery"],"picked":"SKIP","floor":5.0},{"not_picked":["Scrape","Multi-Cast","Ball Lightning"],"picked":"SKIP","floor":7.0},{"not_picked":["Chaos","Leap","Steam"],"picked":"SKIP","floor":10.0},{"not_picked":["conspire:Rain","Darkness","Steam"],"picked":"SKIP","floor":11.0},{"not_picked":["Hello World","Barrage+1","Biased Cognition"],"picked":"SKIP","floor":13.0},{"not_picked":["Creative AI","All For One+1"],"picked":"Thunder Strike+1","floor":16.0},{"not_picked":["BootSequence","Beam Cell+1","Go for the Eyes+1"],"picked":"SKIP","floor":18.0},{"not_picked":["Cold Snap+1","Self Repair","Gash+1"],"picked":"SKIP","floor":21.0},{"not_picked":["Compile Driver+1","Heatsinks+1","Gash+1"],"picked":"SKIP","floor":22.0},{"not_picked":["Auto Shields","Rip and Tear+1"],"picked":"Turbo","floor":24.0},{"not_picked":["Ball Lightning+1","Hologram+1","hubris:Prefetch"],"picked":"SKIP","floor":27.0},{"not_picked":["Cold Snap+1","Steam+1","Coolheaded+1"],"picked":"SKIP","floor":30.0},{"not_picked":["Melter+1","Go for the Eyes+1","Compile Driver+1"],"picked":"SKIP","floor":31.0},{"not_picked":["Rebound+1","Barrage+1","Doom and Gloom+1"],"picked":"SKIP","floor":35.0},{"not_picked":["Mind Blast+1","Deep Breath"],"picked":"Impatience","floor":41.0},{"not_picked":["Chrysalis","Madness"],"picked":"Finesse","floor":41.0},{"not_picked":["Ball Lightning+1","Storm","Compile Driver+1"],"picked":"SKIP","floor":42.0},{"not_picked":["Go for the Eyes+1","BootSequence+1","Melter+1"],"picked":"SKIP","floor":45.0},{"not_picked":["Compile Driver+1","Sweeping Beam+1","Hologram+1"],"picked":"SKIP","floor":47.0},{"not_picked":["Gash+1","Turbo","Recycle"],"picked":"SKIP","floor":48.0}],"player_experience":58407,"relics_obtained":[{"floor":7.0,"key":"hubris:BottledRain"},{"floor":9.0,"key":"Anchor"},{"floor":13.0,"key":"Molten Egg 2"},{"floor":24.0,"key":"Bronze Scales"},{"floor":26.0,"key":"Tiny Chest"},{"floor":27.0,"key":"Ginger"},{"floor":43.0,"key":"Happy Flower"},{"floor":47.0,"key":"Omamori"}],"event_choices":[{"damage_healed":0.0,"max_hp_gain":0.0,"max_hp_loss":0.0,"gold_gain":0.0,"event_name":"WeMeetAgain","player_choice":"Gave Potion","floor":2.0,"gold_loss":0.0,"damage_taken":0.0,"relics_obtained":["hubris:TinFlute"]},{"cards_removed":["Strike_B"],"damage_healed":0.0,"max_hp_gain":0.0,"max_hp_loss":0.0,"gold_gain":0.0,"event_name":"Golden Wing","player_choice":"Card Removal","floor":14.0,"gold_loss":0.0,"damage_taken":7.0},{"damage_healed":0.0,"max_hp_gain":0.0,"max_hp_loss":0.0,"gold_gain":0.0,"event_name":"Accursed Blacksmith","player_choice":"Forge","floor":19.0,"gold_loss":0.0,"damage_taken":0.0,"cards_upgraded":["Master of Strategy"]},{"damage_healed":0.0,"max_hp_gain":0.0,"max_hp_loss":0.0,"gold_gain":0.0,"event_name":"Tomb of Lord Red Mask","player_choice":"Paid","floor":37.0,"gold_loss":26.0,"damage_taken":0.0,"relics_obtained":["Red Mask"]},{"damage_healed":0.0,"max_hp_gain":0.0,"max_hp_loss":0.0,"gold_gain":0.0,"event_name":"SensoryStone","player_choice":"Memory 3","floor":41.0,"gold_loss":0.0,"damage_taken":10.0},{"damage_healed":0.0,"max_hp_gain":0.0,"max_hp_loss":4.0,"gold_gain":0.0,"event_name":"Winding Halls","player_choice":"Max HP","floor":44.0,"gold_loss":0.0,"damage_taken":0.0}],"is_beta":false,"boss_relics":[{"not_picked":["hubris:HollowSoul","Runic Dome"],"picked":"hubris:RunicObelisk"},{"not_picked":["hubris:ScarierMask","SacredBark"],"picked":"hubris:TerracottaHorce"}],"items_purged_floors":[],"is_endless":false,"potions_floor_spawned":[1,7,13,16,22,24,30,33,45,47,48],"ascension_level":0}}