{"host":"9h8npza6ronlejsv","time":1607561971,"event":{"gold_per_floor":[15,26,45,63,63,88,49,75,102,177,27,27,27,27,27,103,103,119,5,22,41,120,155,155,80,80,93,110,140,156,170,170,247,247,266,266,281,281,28,60,70,102,102,102,133,204,0,354,354,354],"floor_reached":51,"playtime":2867,"items_purged":["Strike_G","Defend_G"],"score":1770,"play_id":"4222be4b-3ac0-423d-8371-089842155555","local_time":"20201209195931","is_ascension_mode":true,"campfire_choices":[{"floor":12.0,"key":"REST"},{"data":"Apotheosis","floor":15.0,"key":"SMITH"},{"floor":32.0,"key":"REST"},{"data":"Adrenaline","floor":44.0,"key":"SMITH"},{"data":"Choke","floor":49.0,"key":"SMITH"}],"neow_cost":"NO_GOLD","seed_source_timestamp":1458809751900,"circlet_count":0,"master_deck":["AscendersBane","Defend_G","Survivor","Apotheosis+1","Crippling Poison","PiercingWail","Blade Dance","Acrobatics","Noxious Fumes","Adrenaline","Slice+1","Masterful Stab+1","Blur+1","Tactician","Well Laid Plans","Backflip+1","Prepared+1","Tactician","Adrenaline","Crippling Poison+1","Adrenaline+1","Bouncing Flask+1","Reflex","Tools of the Trade","Choke+1","Skewer"],"special_seed":0,"relics":["Ring of the Snake","Bag of Marbles","Tiny Chest","Juzu Bracelet","TwistedFunnel","Astrolabe","InkBottle","Bag of Preparation","Anchor","Dream Catcher","Empty Cage","TheAbacus","Thread and Needle","Boot","Omamori","Art of War","Mummified Hand","Red Mask","Old Coin"],"potions_floor_usage":[50],"damage_taken":[{"damage":5.0,"enemies":"Jaw Worm","floor":1.0,"turns":4.0},{"damage":0.0,"enemies":"Small Slimes","floor":2.0,"turns":3.0},{"damage":0.0,"enemies":"2 Louse","floor":3.0,"turns":3.0},{"damage":13.0,"enemies":"Lots of Slimes","floor":4.0,"turns":4.0},{"damage":5.0,"enemies":"Lagavulin","floor":6.0,"turns":7.0},{"damage":13.0,"enemies":"3 Sentries","floor":8.0,"turns":5.0},{"damage":9.0,"enemies":"The Guardian","floor":16.0,"turns":11.0},{"damage":12.0,"enemies":"2 Thieves","floor":18.0,"turns":4.0},{"damage":0.0,"enemies":"Chosen","floor":20.0,"turns":5.0},{"damage":0.0,"enemies":"Snake Plant","floor":21.0,"turns":4.0},{"damage":0.0,"enemies":"Slavers","floor":23.0,"turns":5.0},{"damage":0.0,"enemies":"Centurion and Healer","floor":27.0,"turns":3.0},{"damage":0.0,"enemies":"Snecko","floor":28.0,"turns":2.0},{"damage":0.0,"enemies":"Gremlin Leader","floor":29.0,"turns":2.0},{"damage":0.0,"enemies":"3 Cultists","floor":30.0,"turns":3.0},{"damage":0.0,"enemies":"Shelled Parasite and Fungi","floor":31.0,"turns":3.0},{"damage":0.0,"enemies":"Automaton","floor":33.0,"turns":7.0},{"damage":0.0,"enemies":"3 Shapes","floor":35.0,"turns":2.0},{"damage":0.0,"enemies":"3 Darklings","floor":37.0,"turns":2.0},{"damage":0.0,"enemies":"Reptomancer","floor":40.0,"turns":1.0},{"damage":0.0,"enemies":"4 Shapes","floor":41.0,"turns":1.0},{"damage":0.0,"enemies":"Nemesis","floor":42.0,"turns":3.0},{"damage":0.0,"enemies":"Reptomancer","floor":45.0,"turns":4.0},{"damage":0.0,"enemies":"2 Orb Walkers","floor":48.0,"turns":2.0},{"damage":0,"enemies":"Time Eater","floor":50,"turns":5}],"seed_played":"-8765691748538875381","potions_obtained":[{"floor":4.0,"key":"FearPotion"},{"floor":6.0,"key":"Explosive Potion"},{"floor":16.0,"key":"SkillPotion"},{"floor":20.0,"key":"SneckoOil"},{"floor":27.0,"key":"PowerPotion"},{"floor":40.0,"key":"LiquidMemories"}],"is_trial":false,"path_per_floor":["M","M","M","M","?","E","$","E","T","?","$","R","?","?","R","B",null,"M","$","M","M","T","E","?","?","T","M","M","E","M","M","R","B",null,"M","$","M","?","$","E","M","E","T","R","E","T","?","?","R","B",null],"character_chosen":"THE_SILENT","items_purchased":["Noxious Fumes","TwistedFunnel","Well Laid Plans","TheAbacus"],"campfire_rested":2,"item_purchase_floors":[7,11,19,39],"current_hp_per_floor":[54,54,54,41,34,29,29,16,16,5,5,24,29,29,29,20,58,46,46,46,46,46,46,46,46,46,46,46,46,46,46,67,67,70,70,70,70,70,70,70,70,70,70,70,70,70,70,70,70,70],"gold":354,"neow_bonus":"RANDOM_COLORLESS_2","is_prod":false,"is_daily":false,"chose_seed":false,"campfire_upgraded":3,"win_rate":0,"timestamp":1607561971,"path_taken":["M","M","M","M","?","E","$","E","T","?","$","R","?","?","R","BOSS","M","$","M","M","?","E","?","?","T","M","M","E","M","M","R","BOSS","M","$","M","?","$","E","M","E","T","R","E","?","?","?","R","BOSS"],"build_version":"2020-11-30","purchased_purges":2,"victory":true,"max_hp_per_floor":[66,66,66,66,66,66,66,66,66,66,66,66,71,71,71,71,71,71,71,71,71,71,71,71,71,71,71,71,71,71,71,71,71,71,71,71,71,71,71,71,71,71,71,71,71,71,71,71,71,71],"card_choices":[{"not_picked":["Secret Weapon","HandOfGreed"],"picked":"Apotheosis","floor":0.0},{"not_picked":["Skewer","Deadly Poison"],"picked":"Crippling Poison","floor":1.0},{"not_picked":["Bane","Flying Knee","Outmaneuver"],"picked":"SKIP","floor":2.0},{"not_picked":["Deflect","Dagger Throw"],"picked":"PiercingWail","floor":3.0},{"not_picked":["PiercingWail","Backstab"],"picked":"Blade Dance","floor":4.0},{"not_picked":["Deadly Poison","Bane"],"picked":"Acrobatics","floor":6.0},{"not_picked":["Sucker Punch","All Out Attack","Bullet Time"],"picked":"SKIP","floor":8.0},{"not_picked":["Storm of Steel","Die Die Die"],"picked":"Adrenaline","floor":16.0},{"not_picked":["Masterful Stab","Dagger Throw"],"picked":"Tactician","floor":18.0},{"not_picked":["Blade Dance","Poisoned Stab"],"picked":"Backflip+1","floor":20.0},{"not_picked":["Slice","Outmaneuver"],"picked":"Prepared+1","floor":21.0},{"not_picked":["Backflip","Skewer+1"],"picked":"Tactician","floor":23.0},{"not_picked":["Dagger Throw","Outmaneuver"],"picked":"Crippling Poison+1","floor":27.0},{"not_picked":["Deadly Poison","Noxious Fumes"],"picked":"Adrenaline","floor":28.0},{"not_picked":["Leg Sweep","Dash","Poisoned Stab"],"picked":"SKIP","floor":29.0},{"not_picked":["Blade Dance","Dodge and Roll"],"picked":"Bouncing Flask+1","floor":30.0},{"not_picked":["Dagger Throw","Flechettes+1"],"picked":"Reflex","floor":31.0},{"not_picked":["Envenom","Wraith Form v2"],"picked":"Tools of the Trade","floor":33.0},{"not_picked":["Poisoned Stab","Deflect","Sucker Punch"],"picked":"SKIP","floor":35.0},{"not_picked":["Bouncing Flask","Caltrops","Quick Slash"],"picked":"SKIP","floor":37.0},{"not_picked":["Dagger Spray+1","Blade Dance+1","Underhanded Strike"],"picked":"SKIP","floor":40.0},{"not_picked":["Dodge and Roll","Acrobatics","Prepared"],"picked":"SKIP","floor":41.0},{"not_picked":["Poisoned Stab+1","PiercingWail","Quick Slash"],"picked":"SKIP","floor":42.0},{"not_picked":["Dodge and Roll","Dash"],"picked":"Choke","floor":45.0},{"not_picked":["Endless Agony","Quick Slash"],"picked":"Skewer","floor":48.0}],"player_experience":230127,"relics_obtained":[{"floor":6.0,"key":"Bag of Marbles"},{"floor":8.0,"key":"Tiny Chest"},{"floor":9.0,"key":"Juzu Bracelet"},{"floor":22.0,"key":"InkBottle"},{"floor":23.0,"key":"Bag of Preparation"},{"floor":26.0,"key":"Anchor"},{"floor":29.0,"key":"Dream Catcher"},{"floor":40.0,"key":"Thread and Needle"},{"floor":42.0,"key":"Boot"},{"floor":43.0,"key":"Omamori"},{"floor":45.0,"key":"Art of War"},{"floor":46.0,"key":"Mummified Hand"},{"floor":48.0,"key":"Old Coin"}],"event_choices":[{"cards_removed":["Strike_G"],"damage_healed":0.0,"max_hp_gain":0.0,"max_hp_loss":0.0,"gold_gain":0.0,"event_name":"Golden Wing","player_choice":"Card Removal","floor":5.0,"gold_loss":0.0,"damage_taken":7.0},{"damage_healed":0.0,"max_hp_gain":0.0,"max_hp_loss":0.0,"gold_gain":75.0,"event_name":"World of Goop","player_choice":"Gather Gold","floor":10.0,"gold_loss":0.0,"damage_taken":11.0},{"damage_healed":0.0,"max_hp_gain":5.0,"max_hp_loss":0.0,"gold_gain":0.0,"event_name":"Big Fish","player_choice":"Donut","floor":13.0,"gold_loss":0.0,"damage_taken":0.0},{"damage_healed":0.0,"max_hp_gain":0.0,"max_hp_loss":0.0,"gold_gain":0.0,"event_name":"Liars Game","player_choice":"Ignored","floor":14.0,"gold_loss":0.0,"damage_taken":0.0},{"damage_healed":0.0,"max_hp_gain":0.0,"max_hp_loss":0.0,"gold_gain":0.0,"event_name":"Duplicator","player_choice":"Copied","floor":24.0,"gold_loss":0.0,"damage_taken":0.0,"cards_obtained":["Adrenaline"]},{"cards_removed":["Defend_G"],"damage_healed":0.0,"max_hp_gain":0.0,"max_hp_loss":0.0,"gold_gain":0.0,"event_name":"Designer","player_choice":"Single Remove","floor":25.0,"gold_loss":75.0,"damage_taken":0.0},{"cards_removed":["Neutralize"],"damage_healed":0.0,"max_hp_gain":0.0,"max_hp_loss":0.0,"gold_gain":0.0,"event_name":"Falling","player_choice":"Removed Attack","floor":38.0,"gold_loss":0.0,"damage_taken":0.0},{"damage_healed":0.0,"max_hp_gain":0.0,"max_hp_loss":0.0,"gold_gain":0.0,"event_name":"Tomb of Lord Red Mask","player_choice":"Paid","floor":47.0,"gold_loss":204.0,"damage_taken":0.0,"relics_obtained":["Red Mask"]},{"damage_healed":0.0,"max_hp_gain":0.0,"max_hp_loss":0.0,"gold_gain":0.0,"event_name":"Mysterious Sphere","player_choice":"Fight","floor":48.0,"gold_loss":0.0,"damage_taken":0.0}],"is_beta":false,"boss_relics":[{"not_picked":["SacredBark","Coffee Dripper"],"picked":"Astrolabe"},{"not_picked":["Busted Crown","Calling Bell"],"picked":"Empty Cage"}],"items_purged_floors":[19,39],"is_endless":false,"potions_floor_spawned":[4,6,16,20,23,27,28,33,35,40,41,45],"ascension_level":15}}