{"host":"1tkoe3l8wf0xx8if","time":1607566364,"event":{"gold_per_floor":[113,63,63,63,63,63,95,110,135,162,237,249,275,334,334,436,436,450,450,95,95,194,224,224,253,321,351,383,398,398,196,196,299,299,316,329,340,353,366,366,401,401,424,424,474,474,474,219,219,219],"floor_reached":51,"playtime":2679,"items_purged":["Bash","Clash","Strike_R"],"score":1527,"play_id":"a485f219-10df-4f02-a3b9-5bcec2ec0703","local_time":"20201210111244","is_ascension_mode":true,"campfire_choices":[{"data":"Feed","floor":6.0,"key":"SMITH"},{"data":"Metallicize","floor":15.0,"key":"SMITH"},{"data":"Uppercut","floor":24,"key":"SMITH"},{"floor":30,"key":"DIG"},{"floor":32,"key":"DIG"},{"floor":40,"key":"DIG"},{"floor":42,"key":"DIG"},{"floor":46,"key":"DIG"},{"floor":49,"key":"DIG"}],"neow_cost":"NONE","seed_source_timestamp":626634345769900,"circlet_count":0,"master_deck":["AscendersBane","Strike_R","Defend_R+1","Defend_R","Defend_R","Shockwave+1","Feed+1","Uppercut+1","Flex","Metallicize+1","Reaper","Infernal Blade+1","Offering+1","Shrug It Off+1","Battle Trance+1","True Grit+1","Warcry+1","Shrug It Off+1","Offering+1","Corruption","Flex+1","Pummel+1","Disarm+1","Body Slam+1","Dark Embrace","Rampage","Limit Break+1","Armaments+1","Madness+1","Madness+1","Apotheosis+1","Flame Barrier+1"],"special_seed":0,"relics":["Burning Blood","NeowsBlessing","White Beast Statue","War Paint","Regal Pillow","Toxic Egg 2","Art of War","Coffee Dripper","Membership Card","Unceasing Top","Calipers","Shovel","Gremlin Horn","Pocketwatch","Red Mask","Prayer Wheel","Omamori","Sling","Centennial Puzzle","Cursed Key","Singing Bowl","Nunchaku","HornCleat","Ancient Tea Set","Dead Branch","Champion Belt","Lantern","Vajra"],"potions_floor_usage":[23,25,27,33,33,38],"damage_taken":[{"damage":0.0,"enemies":"Small Slimes","floor":1.0,"turns":1.0},{"damage":0.0,"enemies":"Lagavulin","floor":7.0,"turns":1.0},{"damage":0.0,"enemies":"Jaw Worm","floor":8.0,"turns":1.0},{"damage":20.0,"enemies":"Gremlin Nob","floor":10.0,"turns":4.0},{"damage":1.0,"enemies":"2 Louse","floor":12.0,"turns":3.0},{"damage":19.0,"enemies":"Lagavulin","floor":13.0,"turns":6.0},{"damage":36.0,"enemies":"3 Sentries","floor":14.0,"turns":12.0},{"damage":37.0,"enemies":"Slime Boss","floor":16.0,"turns":14.0},{"damage":13.0,"enemies":"2 Thieves","floor":18.0,"turns":3.0},{"damage":54,"enemies":"Gremlin Leader","floor":23,"turns":11},{"damage":10,"enemies":"Slavers","floor":25,"turns":4},{"damage":8,"enemies":"Book of Stabbing","floor":27,"turns":5},{"damage":23,"enemies":"Masked Bandits","floor":28,"turns":5},{"damage":12,"enemies":"Chosen","floor":29,"turns":3},{"damage":36,"enemies":"Collector","floor":33,"turns":9},{"damage":16,"enemies":"3 Shapes","floor":35,"turns":3},{"damage":6,"enemies":"Orb Walker","floor":36,"turns":2},{"damage":46,"enemies":"4 Shapes","floor":37,"turns":3},{"damage":12,"enemies":"Spire Growth","floor":38,"turns":3},{"damage":12,"enemies":"Maw","floor":39,"turns":6},{"damage":12,"enemies":"Giant Head","floor":41,"turns":3},{"damage":12,"enemies":"Mind Bloom Boss Battle","floor":45,"turns":4},{"damage":24,"enemies":"Awakened One","floor":50,"turns":4}],"seed_played":"8042146809394478327","potions_obtained":[{"floor":1.0,"key":"FairyPotion"},{"floor":8.0,"key":"PowerPotion"},{"floor":10.0,"key":"Dexterity Potion"},{"floor":12.0,"key":"Block Potion"},{"floor":13.0,"key":"SmokeBomb"},{"floor":14.0,"key":"Fire Potion"},{"floor":16.0,"key":"BlessingOfTheForge"},{"floor":18.0,"key":"EssenceOfSteel"},{"floor":23,"key":"Regen Potion"},{"floor":25,"key":"Block Potion"},{"floor":27,"key":"Swift Potion"},{"floor":28,"key":"Strength Potion"},{"floor":29,"key":"Ancient Potion"},{"floor":33,"key":"HeartOfIron"},{"floor":35,"key":"Regen Potion"},{"floor":38,"key":"Ancient Potion"}],"is_trial":false,"path_per_floor":["M","?","$","?","$","R","E","M","T","E","?","M","E","?","R","B",null,"M","?","$","?","?","E","R","E","T","E","?","M","R","$","R","B",null,"M","M","M","M","M","R","E","R","T","?","?","R","?","$","R","B",null],"character_chosen":"IRONCLAD","items_purchased":["Membership Card","Unceasing Top","True Grit+1","Omamori","Sling","Lantern","Apotheosis+1","Flame Barrier+1"],"campfire_rested":0,"item_purchase_floors":[20,20,20,31,31,48,48,48],"current_hp_per_floor":[78,78,78,78,78,78,84,88,88,74,63,72,63,55,55,46,90,87,87,87,87,87,57,57,69,69,77,82,85,85,85,85,79,110,124,128,92,104,108,108,106,106,106,88,88,88,88,88,88,114],"gold":219,"neow_bonus":"THREE_ENEMY_KILL","is_prod":false,"is_daily":false,"chose_seed":false,"campfire_upgraded":3,"win_rate":0,"timestamp":1607566364,"path_taken":["M","?","$","?","?","R","E","M","T","E","?","M","E","?","R","BOSS","M","?","$","?","?","E","R","E","T","E","?","M","R","$","R","BOSS","M","M","M","M","M","R","E","R","T","?","?","R","?","?","R","BOSS"],"build_version":"2020-11-30","purchased_purges":3,"victory":true,"max_hp_per_floor":[80,80,80,80,80,80,84,88,88,88,88,92,96,100,100,104,104,108,108,108,108,108,108,108,112,112,116,120,120,120,120,120,120,120,124,128,132,132,136,136,140,140,140,140,146,146,146,146,146,146],"card_choices":[{"not_picked":["Second Wind","Cleave"],"picked":"Shockwave","floor":1.0},{"not_picked":["Heavy Blade","Iron Wave"],"picked":"Clash","floor":7.0},{"not_picked":["Armaments","Hemokinesis"],"picked":"Uppercut","floor":8.0},{"not_picked":["Blood for Blood","Armaments"],"picked":"Flex","floor":10.0},{"not_picked":["Clothesline","Power Through"],"picked":"Metallicize","floor":12.0},{"not_picked":["Headbutt","Sword Boomerang"],"picked":"Reaper","floor":13.0},{"not_picked":["Body Slam","Armaments+1"],"picked":"Infernal Blade+1","floor":14.0},{"not_picked":["Bludgeon","Feed"],"picked":"Offering+1","floor":16.0},{"not_picked":["Body Slam+1","Sever Soul"],"picked":"Shrug It Off+1","floor":18.0},{"not_picked":["Seeing Red+1","Clothesline"],"picked":"Warcry+1","floor":23},{"not_picked":["Anger","Disarm+1"],"picked":"Shrug It Off+1","floor":25},{"not_picked":["Bloodletting+1","True Grit+1"],"picked":"Offering+1","floor":27},{"not_picked":["Wild Strike","Reckless Charge","Warcry+1"],"picked":"SKIP","floor":29},{"not_picked":["Demon Form","Impervious+1"],"picked":"Corruption","floor":33},{"not_picked":["Clothesline+1","Pommel Strike"],"picked":"Flex+1","floor":35},{"not_picked":["Warcry+1","Ghostly Armor+1","Body Slam+1"],"picked":"SKIP","floor":35},{"not_picked":["Perfected Strike","Warcry+1"],"picked":"Pummel+1","floor":36},{"not_picked":["Whirlwind","Pommel Strike+1","Uppercut"],"picked":"SKIP","floor":36},{"not_picked":["Infernal Blade+1","Combust"],"picked":"Disarm+1","floor":37},{"not_picked":["Ghostly Armor+1","Twin Strike"],"picked":"Body Slam+1","floor":37},{"not_picked":["Burning Pact+1","Rupture+1"],"picked":"Dark Embrace","floor":38},{"not_picked":["Cleave","Clash+1","Anger"],"picked":"SKIP","floor":38},{"not_picked":["Cleave+1","Infernal Blade+1"],"picked":"Rampage","floor":39},{"not_picked":["Hemokinesis","Havoc+1"],"picked":"Limit Break+1","floor":39},{"not_picked":["Clothesline","Reaper"],"picked":"Armaments+1","floor":41},{"not_picked":["Body Slam","True Grit+1","Thunderclap"],"picked":"Singing Bowl","floor":45}],"player_experience":286875,"relics_obtained":[{"floor":7.0,"key":"White Beast Statue"},{"floor":9.0,"key":"War Paint"},{"floor":10.0,"key":"Regal Pillow"},{"floor":13.0,"key":"Toxic Egg 2"},{"floor":14.0,"key":"Art of War"},{"floor":23,"key":"Calipers"},{"floor":25,"key":"Shovel"},{"floor":26,"key":"Gremlin Horn"},{"floor":27,"key":"Pocketwatch"},{"floor":28,"key":"Red Mask"},{"floor":30,"key":"Prayer Wheel"},{"floor":32,"key":"Centennial Puzzle"},{"floor":40,"key":"Singing Bowl"},{"floor":41,"key":"Nunchaku"},{"floor":42,"key":"HornCleat"},{"floor":43,"key":"Ancient Tea Set"},{"floor":45,"key":"Dead Branch"},{"floor":46,"key":"Champion Belt"},{"floor":49,"key":"Vajra"}],"event_choices":[{"cards_removed":["Strike_R"],"damage_healed":0.0,"max_hp_gain":0.0,"max_hp_loss":0.0,"gold_gain":0.0,"event_name":"The Cleric","player_choice":"Card Removal","floor":2.0,"gold_loss":50.0,"damage_taken":0.0},{"damage_healed":0.0,"max_hp_gain":0.0,"max_hp_loss":0.0,"gold_gain":0.0,"cards_transformed":["Strike_R"],"event_name":"Living Wall","player_choice":"Change","floor":4.0,"gold_loss":0.0,"damage_taken":0.0,"cards_obtained":["Feed"]},{"damage_healed":0.0,"max_hp_gain":0.0,"max_hp_loss":0.0,"gold_gain":75.0,"event_name":"World of Goop","player_choice":"Gather Gold","floor":11.0,"gold_loss":0.0,"damage_taken":11.0},{"damage_healed":0.0,"max_hp_gain":0.0,"max_hp_loss":0.0,"gold_gain":30.0,"event_name":"Dead Adventurer","player_choice":"Searched \u00272\u0027 times","floor":14.0,"gold_loss":0.0,"damage_taken":0.0},{"damage_healed":0.0,"max_hp_gain":0.0,"max_hp_loss":0.0,"gold_gain":0.0,"event_name":"The Library","player_choice":"Read","floor":19.0,"gold_loss":0.0,"damage_taken":0.0,"cards_obtained":["Battle Trance"]},{"cards_removed":["Defend_R"],"damage_healed":0.0,"max_hp_gain":0.0,"max_hp_loss":0.0,"gold_gain":0.0,"event_name":"Back to Basics","player_choice":"Elegance","floor":21.0,"gold_loss":0.0,"damage_taken":0.0},{"damage_healed":0.0,"max_hp_gain":0.0,"max_hp_loss":0.0,"gold_gain":99.0,"event_name":"Nest","player_choice":"Stole From Cult","floor":22.0,"gold_loss":0.0,"damage_taken":0.0},{"damage_healed":0,"gold_gain":0,"player_choice":"Fought Bandits","damage_taken":0,"max_hp_gain":0,"max_hp_loss":0,"event_name":"Masked Bandits","floor":28,"gold_loss":0},{"damage_healed":0,"gold_gain":0,"player_choice":"Embrace Madness","damage_taken":18,"max_hp_gain":0,"max_hp_loss":0,"event_name":"Winding Halls","floor":44,"gold_loss":0,"cards_obtained":["Madness","Madness"]},{"damage_healed":0,"gold_gain":0,"player_choice":"Fight","damage_taken":0,"max_hp_gain":0,"max_hp_loss":0,"event_name":"MindBloom","floor":45,"gold_loss":0},{"cards_removed":["Strike_R"],"damage_healed":0,"gold_gain":0,"player_choice":"Removed Attack","damage_taken":0,"max_hp_gain":0,"max_hp_loss":0,"event_name":"Falling","floor":47,"gold_loss":0}],"is_beta":false,"boss_relics":[{"not_picked":["SlaversCollar","Ectoplasm"],"picked":"Coffee Dripper"},{"not_picked":["Busted Crown","Black Star"],"picked":"Cursed Key"}],"items_purged_floors":[20,31,48],"is_endless":false,"potions_floor_spawned":[1,8,10,12,13,14,16,18,23,25,27,28,29,33,35,36,37,38,39,41,45],"ascension_level":12}}