{"host":"usn420qyc3tqn20x","time":1607569144,"event":{"gold_per_floor":[118,118,22,22,40,40,70,84,84,102,102,117,146,146,146,247,247,264,284,284,284,304,322,322],"floor_reached":23,"playtime":1496,"items_purged":[],"score":201,"play_id":"599c72eb-8e13-4441-9688-7fcb2321eeb7","local_time":"20201210135904","is_ascension_mode":false,"campfire_choices":[{"data":"Anger","floor":6,"key":"SMITH"},{"floor":15,"key":"REST"}],"neow_cost":"NONE","seed_source_timestamp":4072993573000,"circlet_count":0,"master_deck":["Strike_R","Strike_R","Strike_R","Strike_R","Strike_R","Defend_R+1","Defend_R","Defend_R","Defend_R","Bash","Ghostly Armor","Flex","Spot Weakness","Clothesline","ReplayReversal","Cleave","Burning Pact+1","Cleave","Double Tap","Anger+1","ReplayTheSpireMod:LeadingStrike+1","Rage"],"relics":["Burning Blood","Dream Catcher","aspiration:SeaSaltIceCream","aspiration:Nostalgia","hermit:Momento","Bag of Marbles","Meat on the Bone","aspiration:MobileForge","Question Card","Black Star","infinitespire:Midas Blood"],"potions_floor_usage":[3,13,16,16],"damage_taken":[{"damage":2,"enemies":"Small Slimes","floor":1,"turns":5},{"damage":0,"enemies":"2 Louse","floor":5,"turns":4},{"damage":30,"enemies":"Lagavulin","floor":7,"turns":7},{"damage":0,"enemies":"Cultist","floor":8,"turns":3},{"damage":16,"enemies":"Lots of Slimes","floor":10,"turns":5},{"damage":6,"enemies":"Exordium Wildlife","floor":12,"turns":4},{"damage":12,"enemies":"Gremlin Nob","floor":13,"turns":5},{"damage":52,"enemies":"Fading Forest","floor":16,"turns":11},{"damage":53,"enemies":"3 Byrds","floor":18,"turns":5},{"damage":17,"enemies":"Shell Parasite","floor":19,"turns":6},{"damage":20,"enemies":"Snecko","floor":22,"turns":5},{"damage":62,"enemies":"Slavers","floor":23,"turns":4}],"seed_played":"-4396480637458376611","potions_obtained":[{"floor":7,"key":"ElixirPotion"},{"floor":10,"key":"Adrenaline Potion"},{"floor":13,"key":"BlessingOfTheForge"}],"is_trial":false,"path_per_floor":["M","?","$","?","M","R","E","M","T","M","T","M","E","?","R","B",null,"M","M","?","AVR","M","E"],"character_chosen":"IRONCLAD","items_purchased":["Fruit Juice"],"campfire_rested":1,"item_purchase_floors":[3],"current_hp_per_floor":[88,88,93,93,93,93,69,75,75,65,65,65,59,59,86,60,93,58,59,59,59,57,0,0],"gold":322,"neow_bonus":"TEN_PERCENT_HP_BONUS","is_prod":false,"is_daily":false,"chose_seed":false,"campfire_upgraded":1,"win_rate":0,"timestamp":1607569144,"path_taken":["M","?","$","?","?","R","E","?","T","M","?","M","E","?","R","BOSS","M","M","?","AVR","?","E"],"build_version":"2020-11-30","purchased_purges":0,"victory":false,"max_hp_per_floor":[88,88,93,93,93,93,93,93,93,93,93,93,93,93,93,93,93,93,93,93,93,93,93,93],"card_choices":[{"not_picked":["Wild Strike","Flex"],"picked":"Anger","floor":1},{"not_picked":["True Grit","infinitespire:OneForAll"],"picked":"Ghostly Armor","floor":5},{"not_picked":["Searing Blow","Sword Boomerang"],"picked":"Flex","floor":7},{"not_picked":["conspire:HitWhereItHurts","Flame Barrier"],"picked":"Spot Weakness","floor":8},{"not_picked":["True Grit","Burning Pact"],"picked":"Clothesline","floor":10},{"not_picked":["Dropkick","Ghostly Armor"],"picked":"ReplayReversal","floor":12},{"not_picked":["Abandon","Clash"],"picked":"Cleave","floor":13},{"not_picked":["Clothesline","Headbutt"],"picked":"Cleave","floor":15},{"not_picked":["Limit Break","Feed"],"picked":"Double Tap","floor":16},{"not_picked":["Warcry","conspire:Charge"],"picked":"Anger+1","floor":18},{"not_picked":["Rampage","ReplayTheSpireMod:Limb From Limb"],"picked":"ReplayTheSpireMod:LeadingStrike+1","floor":19},{"not_picked":["Battle Trance","Heavy Blade","Bloodletting"],"picked":"Rage","floor":22}],"player_experience":375515,"relics_obtained":[{"floor":7,"key":"Dream Catcher"},{"floor":9,"key":"aspiration:SeaSaltIceCream"},{"floor":11,"key":"Bag of Marbles"},{"floor":13,"key":"Meat on the Bone"}],"event_choices":[{"damage_healed":0,"gold_gain":0,"player_choice":"Ignored","damage_taken":0,"max_hp_gain":0,"max_hp_loss":0,"event_name":"Transmorgrifier","floor":4,"gold_loss":0}],"is_beta":false,"boss_relics":[{"not_picked":["Painkiller Herb","Ring of Chaos"],"picked":"aspiration:MobileForge"}],"items_purged_floors":[],"is_endless":false,"potions_floor_spawned":[7,10,13],"killed_by":"Slavers","ascension_level":0}}