{"host":"899crud3100o27sg","time":1607567091,"event":{"gold_per_floor":[111,111,111,132,57,93,106,144,225,225,250,273,125,143,143,262,262,281,296,25,48,39,39,39],"floor_reached":23,"playtime":1056,"items_purged":["Strike_P","Strike_P","Strike_P"],"score":353,"play_id":"17cd90bd-fa88-47a9-acca-3e87bb2d0ab4","local_time":"20201210125451","is_ascension_mode":true,"campfire_choices":[{"data":"Vigilance","floor":10.0,"key":"SMITH"},{"floor":15,"key":"REST"}],"neow_cost":"NONE","seed_source_timestamp":729086357353200,"circlet_count":0,"master_deck":["AscendersBane","Strike_P","Defend_P","Defend_P","Defend_P","Defend_P","Eruption+1","Vigilance+1","PathToVictory","PathToVictory","DevaForm","Vault","FearNoEvil","PathToVictory","JustLucky","ConjureBlade","Protect+1","Perseverance"],"special_seed":0,"relics":["PureWater","NeowsBlessing","Golden Idol","Oddly Smooth Stone","Sozu","MerchantsRug","Blood Vial"],"potions_floor_usage":[16,16],"damage_taken":[{"damage":0.0,"enemies":"Small Slimes","floor":1.0,"turns":1.0},{"damage":0.0,"enemies":"Jaw Worm","floor":4.0,"turns":1.0},{"damage":0.0,"enemies":"Lagavulin","floor":6.0,"turns":1.0},{"damage":0.0,"enemies":"Cultist","floor":7.0,"turns":3.0},{"damage":37.0,"enemies":"3 Sentries","floor":8.0,"turns":7.0},{"damage":0.0,"enemies":"Gremlin Gang","floor":11.0,"turns":7.0},{"damage":1.0,"enemies":"Red Slaver","floor":12.0,"turns":3.0},{"damage":0,"enemies":"Large Slime","floor":14,"turns":4},{"damage":19,"enemies":"Slime Boss","floor":16,"turns":8},{"damage":16,"enemies":"Spheric Guardian","floor":18,"turns":6},{"damage":16,"enemies":"Chosen","floor":19,"turns":6},{"damage":16,"enemies":"Snecko","floor":21,"turns":6},{"damage":16,"enemies":"Book of Stabbing","floor":23,"turns":4}],"seed_played":"-2588686363968271193","potions_obtained":[{"floor":7.0,"key":"StancePotion"},{"floor":8.0,"key":"GamblersBrew"},{"floor":14,"key":"hexamod:EctoCoolerPotion"}],"is_trial":false,"path_per_floor":["M","?","?","M","$","E","M","E","T","R","M","M","$","M","R","B",null,"M","M","$","M","$","E"],"character_chosen":"WATCHER","items_purchased":["PowerPotion","MerchantsRug","Blood Vial"],"campfire_rested":1,"item_purchase_floors":[13,20,22],"current_hp_per_floor":[65,47,47,47,47,47,47,10,10,10,10,9,9,9,30,11,57,41,25,25,9,9,0,0],"gold":39,"neow_bonus":"THREE_ENEMY_KILL","is_prod":false,"is_daily":false,"chose_seed":false,"campfire_upgraded":1,"win_rate":0,"timestamp":1607567091,"path_taken":["M","?","?","?","$","E","?","E","T","R","M","M","?","M","R","BOSS","M","M","$","M","$","E"],"build_version":"2020-11-30","purchased_purges":3,"victory":false,"max_hp_per_floor":[72,72,72,72,72,72,72,72,72,72,72,72,72,72,72,72,72,72,72,72,72,72,72,72],"relic_stats":{"Sozu":1,"Blood Vial":2,"counters":[13,57],"Golden Idol":72,"obtain_stats":[{"Sozu":17,"Blood Vial":22,"MerchantsRug":20,"NeowsBlessing":0,"Golden Idol":2,"Oddly Smooth Stone":8,"StoneCalendar":6,"Bottled Lightning":9,"PureWater":0},{"Sozu":9,"Blood Vial":12,"MerchantsRug":11,"NeowsBlessing":0,"Golden Idol":1,"Oddly Smooth Stone":5,"StoneCalendar":3,"Bottled Lightning":5,"PureWater":0},{"Sozu":35,"Blood Vial":53,"MerchantsRug":47,"NeowsBlessing":0,"Golden Idol":1,"Oddly Smooth Stone":13,"StoneCalendar":3,"Bottled Lightning":13,"PureWater":0}]},"card_choices":[{"not_picked":["FlyingSleeves","Sanctity"],"picked":"PathToVictory","floor":1.0},{"not_picked":["BowlingBash","FlurryOfBlows"],"picked":"PathToVictory","floor":4.0},{"not_picked":["Conclude","BattleHymn","Fasting2"],"picked":"SKIP","floor":6.0},{"not_picked":["PathToVictory","EmptyMind"],"picked":"DevaForm","floor":7.0},{"not_picked":["FlurryOfBlows","CutThroughFate"],"picked":"Vault","floor":8.0},{"not_picked":["Wireheading","Conclude"],"picked":"FearNoEvil","floor":11.0},{"not_picked":["Evaluate","FlurryOfBlows"],"picked":"PathToVictory","floor":12.0},{"not_picked":["EmptyBody","Prostrate"],"picked":"JustLucky","floor":14},{"not_picked":["LessonLearned","Scrawl"],"picked":"ConjureBlade","floor":16},{"not_picked":["ClearTheMind+1","CrushJoints"],"picked":"Protect+1","floor":18},{"not_picked":["FearNoEvil","Meditate"],"picked":"Perseverance","floor":19},{"not_picked":["ThirdEye","JustLucky","BowlingBash"],"picked":"SKIP","floor":21}],"player_experience":979227,"relics_obtained":[{"floor":6.0,"key":"StoneCalendar"},{"floor":8.0,"key":"Oddly Smooth Stone"},{"floor":9.0,"key":"Bottled Lightning"}],"event_choices":[{"damage_healed":0.0,"max_hp_gain":0.0,"max_hp_loss":0.0,"gold_gain":0.0,"event_name":"Golden Idol","player_choice":"Take Damage","floor":2.0,"gold_loss":0.0,"damage_taken":18.0,"relics_obtained":["Golden Idol"]},{"damage_healed":0.0,"max_hp_gain":0.0,"max_hp_loss":0.0,"gold_gain":0.0,"event_name":"Accursed Blacksmith","player_choice":"Forge","floor":3.0,"gold_loss":0.0,"damage_taken":0.0,"cards_upgraded":["Eruption"]}],"is_beta":false,"boss_relics":[{"not_picked":["Calling Bell","Runic Dome"],"picked":"Sozu"}],"items_purged_floors":[5,13,20],"is_endless":false,"potions_floor_spawned":[7,8,14,19],"killed_by":"Book of Stabbing","ascension_level":11}}