{"host":"z4041mglfe265lhs","time":1607644543,"event":{"mods":["BaseMod","BetterRewards","Friendly Minions","Luminous","Minty Spire (QoL Compilation)","StSLib","SuperFastMode"],"gold_per_floor":[111,123,74,74,74,74,103,103,103,103,113,125,75,75,75,75,75],"floor_reached":16,"playtime":1003,"items_purged":[],"score":123,"play_id":"f688ec18-3773-4e02-82ab-72fa21b674ce","local_time":"20201210175543","is_ascension_mode":false,"campfire_choices":[{"data":"Luminous:Concentrate_Luminous","floor":6,"key":"SMITH"},{"data":"Luminous:Light_Sylvan_Lance","floor":8,"key":"SMITH"},{"data":"Luminous:Dark_Raid","floor":10,"key":"SMITH"},{"floor":15,"key":"RECALL"}],"circlet_count":0,"master_deck":["Luminous:Light_Flash_Shower","Luminous:Light_Flash_Shower","Luminous:Dark_Abyssal_Drop+1","Luminous:Dark_Abyssal_Drop","Luminous:Defend_Luminous+1","Luminous:Defend_Luminous","Luminous:Defend_Luminous","Luminous:Switch_Luminous","Luminous:Light_Sylvan_Lance+1","Luminous:Dark_Raid+1","Luminous:Concentrate_Luminous+1","Luminous:Balance_Baptism"],"relics":["Luminous:MirrorRelic","NeowsBlessing","Sundial"],"acts_visited":["Exordium"],"potions_floor_usage":[],"damage_taken":[{"damage":0.0,"enemies":"2 Louse","floor":1.0,"turns":1.0},{"damage":0.0,"enemies":"Small Slimes","floor":2.0,"turns":1.0},{"damage":0,"enemies":"Lagavulin","floor":7,"turns":1},{"damage":0,"enemies":"Cultist","floor":11,"turns":3},{"damage":4,"enemies":"Blue Slaver","floor":12,"turns":3},{"damage":45,"enemies":"The Guardian","floor":16,"turns":12}],"seed_played":"1057265330199168937","potions_obtained":[{"floor":12,"key":"FearPotion"}],"is_trial":false,"path_per_floor":["M","M","$","?","?","R","E","R","T","R","M","M","?","?","R","B"],"character_chosen":"LuminousClass","items_purchased":["Luminous:Concentrate_Luminous"],"campfire_rested":0,"item_purchase_floors":[3],"current_hp_per_floor":[75,75,75,68,68,68,68,68,68,68,68,64,64,49,49,4,4],"gold":75,"neow_bonus":"THREE_ENEMY_KILL","is_daily":false,"chose_seed":false,"campfire_upgraded":3,"win_rate":0.0,"timestamp":1607644543,"path_taken":["M","M","$","?","?","R","E","R","T","R","M","?","?","?","R","BOSS"],"items_purchased_type":["Card"],"build_version":"2020-11-30","purchased_purges":0,"victory":false,"max_hp_per_floor":[75,75,75,75,75,75,75,75,75,75,75,75,75,75,75,75,75],"card_choices":[{"not_picked":["Luminous:Light_Glare","Luminous:Chase_Spell_Luminous"],"picked":"Luminous:Light_Sylvan_Lance","floor":1.0},{"not_picked":["Luminous:Light_Glare","Luminous:Dark_Pressure_Void"],"picked":"Luminous:Dark_Raid","floor":2.0},{"not_picked":["Luminous:Mana_Overload_Luminous","Luminous:Chase_Spell_Luminous"],"picked":"Luminous:Balance_Baptism","floor":7},{"not_picked":["Luminous:Fast_Spell_Luminous","Luminous:Chase_Spell_Luminous","Luminous:Light_Glare"],"picked":"SKIP","floor":11},{"not_picked":["Luminous:Light_Wash_Luminous","Luminous:Light_Glare","Luminous:Fast_Spell_Luminous"],"picked":"SKIP","floor":12}],"player_experience":363764,"relics_obtained":[{"floor":7,"key":"Sundial"}],"event_choices":[{"cards_removed":["Luminous:Light_Flash_Shower"],"damage_healed":0,"gold_gain":0,"player_choice":"Card Removal","damage_taken":7,"max_hp_gain":0,"max_hp_loss":0,"event_name":"Golden Wing","floor":4,"gold_loss":0},{"cards_removed":["Luminous:Dark_Abyssal_Drop"],"damage_healed":0,"gold_gain":0,"player_choice":"Offered Basic","damage_taken":0,"max_hp_gain":0,"max_hp_loss":0,"event_name":"Bonfire Elementals","floor":5,"gold_loss":0},{"cards_removed":["Luminous:Defend_Luminous"],"damage_healed":0,"gold_gain":0,"player_choice":"Card Removal","damage_taken":0,"max_hp_gain":0,"max_hp_loss":0,"event_name":"The Cleric","floor":13,"gold_loss":50},{"damage_healed":0,"gold_gain":0,"player_choice":"Entered Light","damage_taken":15,"max_hp_gain":0,"max_hp_loss":0,"event_name":"Shining Light","floor":14,"gold_loss":0,"cards_upgraded":["Luminous:Defend_Luminous","Luminous:Dark_Abyssal_Drop"]}],"is_beta":false,"boss_relics":[],"items_purged_floors":[],"is_endless":false,"potions_floor_spawned":[12],"killed_by":"The Guardian","ascension_level":0}}