{"host":"cvdbfwtypahr1w62","time":1607636813,"event":{"mods":["BaseMod","StSLib","Colored Map","AchievementEnabler","Minty Spire (QoL Compilation)","Jorbs\u0027s Wanderer Trilogy","Rare Cards Sparkle","Shop Mod","BetterRewards","Filter the Spire","Highlight Path","Relic Stats","Marisa????????","The Cursed","Act Like it!","Hallownest","The Bug Knight"],"gold_per_floor":[114,114,114,27,41,41,41,65,90,40,1,1,51,66,66,194,194,210,210,196,212,212,212,212],"floor_reached":23,"playtime":1113,"items_purged":["Strike_B","Strike_B"],"score":419,"play_id":"f1fcfbba-f7d1-47fd-8288-c019e6247201","local_time":"20201210224653","is_ascension_mode":true,"campfire_choices":[{"data":"Strike_B","floor":6,"key":"PURGE"},{"floor":12,"key":"REST"},{"floor":15,"key":"REST"}],"circlet_count":0,"master_deck":["AscendersBane","Defend_B","Defend_B","Zap","Dualcast","Static Discharge","Coolheaded","Coolheaded","Streamline","Gash","Defragment","Chill","Hologram","Capacitor+1"],"relics":["Cracked Core","Membership Card","Peace Pipe","Golden Idol","Orichalcum","Bag of Preparation","Blood Vial","Empty Cage","Eternal Feather"],"acts_visited":["Exordium","TheCity"],"potions_floor_usage":[1,18,23],"damage_taken":[{"damage":0,"enemies":"2 Louse","floor":1,"turns":2},{"damage":8,"enemies":"Small Slimes","floor":5,"turns":3},{"damage":0,"enemies":"Cultist","floor":8,"turns":3},{"damage":7,"enemies":"Blue Slaver","floor":14,"turns":3},{"damage":56,"enemies":"Slime Boss","floor":16,"turns":14},{"damage":3,"enemies":"Chosen","floor":18,"turns":4},{"damage":23,"enemies":"2 Thieves","floor":20,"turns":4},{"damage":29,"enemies":"Shelled Parasite and Fungi","floor":21,"turns":6},{"damage":30,"enemies":"Gremlin Leader","floor":23,"turns":3}],"seed_played":"-1410064232883242647","potions_obtained":[{"floor":8,"key":"FairyPotion"},{"floor":18,"key":"Fruit Juice"},{"floor":21,"key":"Regen Potion"}],"is_trial":false,"path_per_floor":["M","?","?","$","M","R","?","M","T","?","$","R","T","M","R","B",null,"M","?","M","M","?","E"],"character_chosen":"DEFECT","items_purchased":["Membership Card","Static Discharge","Fire Potion","Coolheaded","Streamline","Defragment"],"campfire_rested":2,"item_purchase_floors":[0,0,0,4,4,11],"current_hp_per_floor":[54,54,54,54,46,46,13,13,13,13,13,33,33,28,48,20,57,61,61,40,13,13,0,0],"gold":212,"neow_bonus":"","is_daily":false,"chose_seed":false,"campfire_upgraded":0,"win_rate":0,"timestamp":1607636813,"path_taken":["M","?","?","$","?","R","?","M","T","?","?","R","?","M","R","BOSS","M","?","M","M","?","E"],"build_version":"2020-11-30","purchased_purges":2,"victory":false,"max_hp_per_floor":[75,69,69,69,69,69,69,69,69,69,69,69,69,69,69,69,69,74,74,74,74,74,74,74],"relic_stats":{"Peace Pipe":2,"Blood Vial":12,"counters":[43,188],"Golden Idol":46,"Eternal Feather":18,"Bag of Preparation":[12],"Orichalcum":[90],"obtain_stats":[{"Darkstone Periapt":14,"Lantern":9,"Regal Pillow":9,"Calipers":0,"Torii":7,"Bag of Preparation":9,"Empty Cage":17,"Blood Vial":13,"Nunchaku":4,"Matryoshka":2,"HornCleat":12,"Mummified Hand":27,"Red Mask":21,"Cracked Core":0,"InkBottle":9,"Runic Pyramid":17,"Golden Idol":2,"Blue Candle":13,"Eternal Feather":9,"Frozen Egg 2":12,"Orichalcum":7,"Cables":26,"Nuclear Battery":17,"Du-Vu Doll":29,"Peace Pipe":0,"Runic Dome":17,"DataDisk":20,"Membership Card":0},{"Darkstone Periapt":22,"Lantern":21,"Regal Pillow":21,"Calipers":26,"Torii":30,"Bag of Preparation":37,"Empty Cage":39,"Blood Vial":37,"Nunchaku":1,"Matryoshka":19,"HornCleat":22,"Mummified Hand":15,"Red Mask":11,"Cracked Core":0,"InkBottle":4,"Runic Pyramid":23,"Golden Idol":35,"Blue Candle":7,"Eternal Feather":30,"Frozen Egg 2":6,"Orichalcum":36,"Cables":14,"Nuclear Battery":32,"Du-Vu Doll":17,"Peace Pipe":34,"Runic Dome":9,"DataDisk":10,"Membership Card":34},{"Darkstone Periapt":90,"Lantern":86,"Regal Pillow":86,"Calipers":113,"Torii":127,"Bag of Preparation":154,"Empty Cage":171,"Blood Vial":154,"Nunchaku":3,"Matryoshka":80,"HornCleat":90,"Mummified Hand":64,"Red Mask":43,"Cracked Core":0,"InkBottle":10,"Runic Pyramid":100,"Golden Idol":148,"Blue Candle":22,"Eternal Feather":127,"Frozen Egg 2":17,"Orichalcum":151,"Cables":59,"Nuclear Battery":138,"Du-Vu Doll":76,"Peace Pipe":146,"Runic Dome":35,"DataDisk":38,"Membership Card":146}]},"card_choices":[{"not_picked":["Redo","Go for the Eyes"],"picked":"Coolheaded","floor":1},{"not_picked":["Sweeping Beam","Heatsinks","Blizzard"],"picked":"SKIP","floor":5},{"not_picked":["Leap","Hologram"],"picked":"Gash","floor":8},{"not_picked":["Redo","Stack"],"picked":"Chill","floor":14},{"not_picked":["Streamline","Beam Cell+1","Redo"],"picked":"SKIP","floor":18},{"not_picked":["Creative AI","Cold Snap"],"picked":"Hologram","floor":20},{"not_picked":["Sweeping Beam+1","Skim"],"picked":"Capacitor+1","floor":21}],"player_experience":757451,"relics_obtained":[{"floor":9,"key":"Bag of Preparation"},{"floor":13,"key":"Blood Vial"}],"event_choices":[{"damage_healed":0,"gold_gain":0,"player_choice":"Lose Max HP","damage_taken":0,"relics_obtained":["Golden Idol"],"max_hp_gain":0,"max_hp_loss":6,"event_name":"Golden Idol","floor":2,"gold_loss":0},{"damage_healed":0,"gold_gain":0,"player_choice":"Ignored","damage_taken":0,"max_hp_gain":0,"max_hp_loss":0,"event_name":"WeMeetAgain","floor":3,"gold_loss":0},{"damage_healed":0,"gold_gain":0,"player_choice":"Success","damage_taken":33,"relics_obtained":["Orichalcum"],"max_hp_gain":0,"max_hp_loss":0,"event_name":"Scrap Ooze","floor":7,"gold_loss":0},{"cards_removed":["Strike_B"],"damage_healed":0,"gold_gain":0,"player_choice":"Card Removal","damage_taken":0,"max_hp_gain":0,"max_hp_loss":0,"event_name":"The Cleric","floor":10,"gold_loss":50},{"damage_healed":0,"gold_gain":0,"player_choice":"Opened","damage_taken":0,"relics_obtained":["Eternal Feather"],"max_hp_gain":0,"max_hp_loss":0,"event_name":"The Mausoleum","floor":19,"gold_loss":0,"cards_obtained":["Writhe"]},{"cards_removed":["Writhe"],"damage_healed":0,"gold_gain":0,"player_choice":"Removed Curses","damage_taken":0,"max_hp_gain":0,"max_hp_loss":0,"event_name":"Fountain of Cleansing","floor":22,"gold_loss":0}],"is_beta":false,"boss_relics":[{"not_picked":["Black Star","Busted Crown"],"picked":"Empty Cage"}],"items_purged_floors":[0,4],"is_endless":false,"potions_floor_spawned":[8,18,21],"killed_by":"Gremlin Leader","ascension_level":10}}