{"host":"5ulchbufvix69gs5","time":1607624483,"event":{"mods":["BaseMod","StSLib","Aspiration","Better Altar","Better Match","Better Note","Better Sensory Stone","Better Skull","Better Third Choice","BetterRewards","CCEM","Clawfect","Colored Map","Conspire","DeckTracker","Downfall","Friendly Minions","GifTheSpireLib","Googly Eyes","Halation","Highlight Path","Hubris","Jedi Mod","Mimic Mod","Minty Spire (QoL Compilation)","Replay The Spire","Shop Mod","Spicy Shops","Stuff the Spire","Act Like it!","2.2 Compatiblity","AchievementEnabler","Bard","Beaked The Cultist","Hallownest","Hermit","Hunter ??","Infinite Spire","Jorbs\u0027s Wanderer Trilogy","Mad Scientist","Marisa????????","Permanent Neow","Shade Mod","The Administrix","The Blackbeard","The Bug Knight","The Construct","The Cursed","The Disciple","The Factory","The Gatherer","The Hierophant","The Jungle","The Mystic","The Necromancer","The Problem Sleuth","The Runesmith","The Servant 0.9.4","The Spell Scribe","The Witch","Unceasing Turn Reminder"],"gold_per_floor":[99,135,153,78,94,127,127,138,158,188,288,301,316,65,79,79,79],"floor_reached":16,"playtime":1530,"items_purged":[],"score":114,"play_id":"abd32ffc-1814-42e4-8481-772bcab494a1","local_time":"20201210192123","is_ascension_mode":false,"campfire_choices":[{"floor":1,"key":"RECALL"},{"data":"Guardian:CurlUp","floor":4,"key":"SMITH"}],"circlet_count":0,"master_deck":["Guardian:Strike_Guardian","Guardian:Strike_Guardian","Guardian:Strike_Guardian","Guardian:Strike_Guardian","Guardian:Defend_Guardian","Guardian:Defend_Guardian","Guardian:Defend_Guardian","Guardian:Defend_Guardian","Guardian:CurlUp+1","Guardian:TwinSlam+1","Guardian:Reroute","Guardian:ArmoredProtocol","Guardian:PiercingHide","Guardian:ChargeUp","Guardian:ShieldCharger","Guardian:Repulse","Guardian:Gem_Fragmented","Guardian:ChargeCore","Guardian:DonusPower","Guardian:VentSteam"],"relics":["Guardian:ModeShifter","halation:PromiseList","downfall:HeartBlessingRed","Ancient Tea Set","hubris:MysteriousPyramids","infinitespire:Beetle Shell","Oddly Smooth Stone"],"acts_visited":["Exordium"],"potions_floor_usage":[],"damage_taken":[{"damage":10,"enemies":"Cultist","floor":2,"turns":9},{"damage":1,"enemies":"Cultist","floor":3,"turns":3},{"damage":1,"enemies":"Jaw Worm","floor":5,"turns":2},{"damage":16,"enemies":"Lagavulin","floor":6,"turns":6},{"damage":0,"enemies":"2 Louse","floor":8,"turns":1},{"damage":0,"enemies":"Lots of Slimes","floor":9,"turns":3},{"damage":6,"enemies":"3 Sentries","floor":10,"turns":7},{"damage":0,"enemies":"Large Slime","floor":12,"turns":5},{"damage":8,"enemies":"Red Slaver","floor":13,"turns":3},{"damage":10,"enemies":"downfall:FleeingMerchant","floor":14,"turns":4},{"damage":0,"enemies":"2 Fungi Beasts","floor":15,"turns":3},{"damage":6,"enemies":"downfall:CharBossSilent","floor":16,"turns":4}],"seed_played":"1697166861084345537","potions_obtained":[{"floor":8,"key":"Fire Potion"},{"floor":9,"key":"ColorlessPotion"},{"floor":10,"key":"Explosive Potion"},{"floor":12,"key":"Energy Potion"}],"is_trial":false,"path_per_floor":["R","MIM","M","R","M","E","T","M","M","E","?","M","M","$","M","B"],"character_chosen":"GUARDIAN","items_purchased":["Guardian:DonusPower","Oddly Smooth Stone"],"campfire_rested":0,"item_purchase_floors":[14,14],"current_hp_per_floor":[80,70,69,69,68,52,52,52,52,46,46,46,38,28,28,22,22],"gold":79,"neow_bonus":"UPGRADE_CARD","is_daily":false,"chose_seed":false,"campfire_upgraded":1,"win_rate":0.0,"timestamp":1607624483,"path_taken":["R","?","?","R","M","E","T","M","M","E","?","M","M","?","M","BOSS"],"build_version":"2020-11-30","purchased_purges":0,"victory":false,"max_hp_per_floor":[80,80,80,80,80,80,80,80,80,80,80,80,80,80,80,80,80],"card_choices":[{"not_picked":["Guardian:Incinerate","Guardian:Emergency"],"picked":"Guardian:Reroute","floor":2},{"not_picked":["Guardian:VentSteam","Guardian:PrismaticBarrier"],"picked":"Guardian:Gem_Purple","floor":3},{"not_picked":["Guardian:Gem_Cyan","Guardian:Planning"],"picked":"Guardian:ArmoredProtocol","floor":5},{"not_picked":["Guardian:ConstructionForm","Guardian:RollAttack"],"picked":"Guardian:PiercingHide","floor":6},{"not_picked":["Guardian:ChargeCore","Guardian:Reroute"],"picked":"Guardian:ChargeUp","floor":8},{"not_picked":["Guardian:PrimingBeam","Guardian:TemporalShield"],"picked":"Guardian:ShieldCharger","floor":9},{"not_picked":["Guardian:Gem_Purple","Guardian:Emergency"],"picked":"Guardian:Repulse","floor":10},{"not_picked":["Guardian:ChargeUp","Guardian:Incinerate"],"picked":"Guardian:Gem_Fragmented","floor":12},{"not_picked":["Guardian:Repulse","Guardian:Reroute"],"picked":"Guardian:ChargeCore","floor":13},{"not_picked":["Guardian:Gem_Red","Guardian:ArmoredProtocol"],"picked":"Guardian:VentSteam","floor":15}],"player_experience":176515,"relics_obtained":[{"floor":2,"key":"halation:PromiseList"},{"floor":6,"key":"Ancient Tea Set"},{"floor":7,"key":"hubris:MysteriousPyramids"},{"floor":10,"key":"infinitespire:Beetle Shell"}],"event_choices":[],"is_beta":false,"boss_relics":[],"items_purged_floors":[],"is_endless":false,"potions_floor_spawned":[8,9,10,12,15],"killed_by":"downfall:CharBossSilent","ascension_level":0}}