{"host":"qk12ohyvrq6bwjad","time":1607575082,"event":{"gold_per_floor":[117,117,192,68,83,114,129,129,129,162,186,221,66,66,66,197,197,212,212,227,245,245,286,286,304,304,304,304],"floor_reached":27,"playtime":659,"items_purged":["Strike_P"],"score":359,"play_id":"0c7bbcc4-e7c8-4e1c-b940-0b33d45d1803","local_time":"20201210133802","is_ascension_mode":true,"campfire_choices":[{"floor":8.0,"key":"REST"},{"floor":15.0,"key":"REST"},{"floor":24.0,"key":"REST"}],"neow_cost":"NONE","seed_source_timestamp":3773182621644,"circlet_count":0,"master_deck":["Strike_P","Strike_P","Strike_P","Defend_P","Defend_P","Defend_P","Defend_P","Eruption","Vigilance","Prostrate","FlyingSleeves","Evaluate","EmptyFist","Halt","FlurryOfBlows","Vengeance+1","MentalFortress+1","ConjureBlade+1","Crescendo+1","Collect+1","Scrawl+1","JustLucky","ClearTheMind+1"],"special_seed":0,"relics":["PureWater","NeowsBlessing","Golden Idol","Ginger","TungstenRod","Toxic Egg 2","Omamori","Sling","SacredBark","Eternal Feather","The Courier"],"potions_floor_usage":[27],"damage_taken":[{"damage":0.0,"enemies":"Jaw Worm","floor":1.0,"turns":1.0},{"damage":0.0,"enemies":"2 Louse","floor":5.0,"turns":1.0},{"damage":0.0,"enemies":"Lagavulin","floor":6.0,"turns":1.0},{"damage":18.0,"enemies":"Small Slimes","floor":7.0,"turns":2.0},{"damage":5.0,"enemies":"Gremlin Nob","floor":10.0,"turns":3.0},{"damage":0.0,"enemies":"Exordium Thugs","floor":11.0,"turns":3.0},{"damage":7.0,"enemies":"Lagavulin","floor":12.0,"turns":6.0},{"damage":39.0,"enemies":"Slime Boss","floor":16.0,"turns":10.0},{"damage":8.0,"enemies":"3 Byrds","floor":18.0,"turns":6.0},{"damage":23.0,"enemies":"Spheric Guardian","floor":20.0,"turns":4.0},{"damage":20.0,"enemies":"Centurion and Healer","floor":21.0,"turns":5.0},{"damage":98.0,"enemies":"Slavers","floor":23.0,"turns":9.0},{"damage":11,"enemies":"Cultist and Chosen","floor":25,"turns":4},{"damage":28,"enemies":"Masked Bandits","floor":27,"turns":2}],"seed_played":"-7125549309834506773","potions_obtained":[{"floor":1.0,"key":"FearPotion"},{"floor":11.0,"key":"SpeedPotion"},{"floor":12.0,"key":"AttackPotion"},{"floor":16.0,"key":"FairyPotion"},{"floor":18.0,"key":"Regen Potion"},{"floor":21.0,"key":"BottledMiracle"},{"floor":25,"key":"BottledMiracle"}],"is_trial":false,"path_per_floor":["M","?","?","$","M","E","M","R","T","E","M","E","$","?","R","B",null,"M","?","M","M","?","E","R","M","T","?"],"character_chosen":"WATCHER","items_purchased":["FlyingSleeves","Sling"],"campfire_rested":3,"item_purchase_floors":[4,13],"current_hp_per_floor":[65,47,36,36,36,36,18,39,39,34,34,27,27,51,72,33,62,54,54,31,45,45,3,36,25,25,0,0],"gold":304,"neow_bonus":"THREE_ENEMY_KILL","is_prod":false,"is_daily":false,"chose_seed":false,"campfire_upgraded":0,"win_rate":0,"timestamp":1607575082,"path_taken":["M","?","?","?","M","E","M","R","T","E","?","E","$","?","R","BOSS","M","?","M","?","?","E","R","M","T","?"],"build_version":"2020-11-30","purchased_purges":1,"victory":false,"max_hp_per_floor":[72,72,72,72,72,72,72,72,72,72,72,72,72,72,72,72,72,72,72,72,72,72,72,72,72,72,72,72],"card_choices":[{"not_picked":["Vengeance","JustLucky"],"picked":"Prostrate","floor":1.0},{"not_picked":["ThirdEye","CarveReality"],"picked":"Evaluate","floor":5.0},{"not_picked":["BattleHymn","ClearTheMind"],"picked":"EmptyFist","floor":6.0},{"not_picked":["Perseverance","Nirvana"],"picked":"Halt","floor":7.0},{"not_picked":["WindmillStrike","EmptyBody+1"],"picked":"FlurryOfBlows","floor":10.0},{"not_picked":["CrushJoints","LessonLearned"],"picked":"Vengeance+1","floor":11.0},{"not_picked":["FearNoEvil","Sanctity+1"],"picked":"MentalFortress","floor":12.0},{"not_picked":["Ragnarok","DeusExMachina+1"],"picked":"ConjureBlade+1","floor":16.0},{"not_picked":["CutThroughFate+1","JustLucky"],"picked":"Crescendo+1","floor":18.0},{"not_picked":["FollowUp","WindmillStrike"],"picked":"Collect+1","floor":20.0},{"not_picked":["Halt+1","SashWhip"],"picked":"Scrawl+1","floor":21.0},{"not_picked":["Weave","Evaluate+1"],"picked":"JustLucky","floor":23.0},{"not_picked":["PathToVictory+1","Consecrate"],"picked":"ClearTheMind+1","floor":25}],"player_experience":1595898,"relics_obtained":[{"floor":6.0,"key":"Ginger"},{"floor":9.0,"key":"TungstenRod"},{"floor":10.0,"key":"Toxic Egg 2"},{"floor":12.0,"key":"Omamori"},{"floor":23.0,"key":"Eternal Feather"},{"floor":26,"key":"The Courier"}],"event_choices":[{"damage_healed":0.0,"max_hp_gain":0.0,"max_hp_loss":0.0,"gold_gain":0.0,"event_name":"Golden Idol","player_choice":"Take Damage","floor":2.0,"gold_loss":0.0,"damage_taken":18.0,"relics_obtained":["Golden Idol"]},{"damage_healed":0.0,"max_hp_gain":0.0,"max_hp_loss":0.0,"gold_gain":75.0,"event_name":"World of Goop","player_choice":"Gather Gold","floor":3.0,"gold_loss":0.0,"damage_taken":11.0},{"damage_healed":24.0,"max_hp_gain":0.0,"max_hp_loss":0.0,"gold_gain":0.0,"event_name":"Big Fish","player_choice":"Banana","floor":14.0,"gold_loss":0.0,"damage_taken":0.0},{"damage_healed":0.0,"max_hp_gain":0.0,"max_hp_loss":0.0,"gold_gain":0.0,"event_name":"Upgrade Shrine","player_choice":"Upgraded","floor":19.0,"gold_loss":0.0,"damage_taken":0.0,"cards_upgraded":["MentalFortress"]},{"damage_healed":0.0,"max_hp_gain":0.0,"max_hp_loss":0.0,"gold_gain":0.0,"event_name":"Vampires","player_choice":"Ignored","floor":22.0,"gold_loss":0.0,"damage_taken":0.0},{"damage_healed":0,"gold_gain":0,"player_choice":"Fought Bandits","damage_taken":0,"max_hp_gain":0,"max_hp_loss":0,"event_name":"Masked Bandits","floor":27,"gold_loss":0}],"is_beta":false,"boss_relics":[{"not_picked":["Sozu","Cursed Key"],"picked":"SacredBark"}],"items_purged_floors":[4],"is_endless":false,"potions_floor_spawned":[1,11,12,16,18,21,25],"killed_by":"Masked Bandits","ascension_level":6}}