{"host":"kpyf5rnb72uwap8k","time":1607572254,"event":{"gold_per_floor":[115,65,65,89,109,109,128,128,207,207,231,264,68,68,68,68,68],"floor_reached":16,"playtime":470,"items_purged":["Strike_B"],"score":105,"play_id":"a43e4600-600a-4033-8ee6-381d4c000f74","local_time":"20201210125054","is_ascension_mode":true,"campfire_choices":[{"data":"Streamline","floor":6.0,"key":"SMITH"},{"data":"Reboot","floor":8.0,"key":"SMITH"},{"data":"Conserve Battery","floor":10.0,"key":"SMITH"},{"floor":15,"key":"REST"}],"neow_cost":"NONE","seed_source_timestamp":239284529512000,"circlet_count":0,"master_deck":["Strike_B","Strike_B","Strike_B+1","Defend_B","Defend_B","Defend_B","Defend_B","Zap","Dualcast+1","Reboot+1","Conserve Battery+1","Streamline+1","Hologram","Hologram","Turbo","Go for the Eyes","FTL","Coolheaded"],"special_seed":0,"relics":["Cracked Core","Golden Idol","Frozen Egg 2","MealTicket"],"potions_floor_usage":[16],"damage_taken":[{"damage":1.0,"enemies":"2 Louse","floor":1.0,"turns":2.0},{"damage":0.0,"enemies":"Jaw Worm","floor":4.0,"turns":4.0},{"damage":3.0,"enemies":"Small Slimes","floor":5.0,"turns":3.0},{"damage":2.0,"enemies":"Blue Slaver","floor":7.0,"turns":3.0},{"damage":3,"enemies":"Exordium Wildlife","floor":11,"turns":4},{"damage":28,"enemies":"3 Sentries","floor":12,"turns":6},{"damage":43,"enemies":"Slime Boss","floor":16,"turns":10}],"seed_played":"767780892330391615","potions_obtained":[{"floor":4.0,"key":"BlessingOfTheForge"},{"floor":12,"key":"Swift Potion"}],"is_trial":false,"path_per_floor":["M","$","?","M","M","R","M","R","T","R","M","E","$","?","R","B"],"character_chosen":"DEFECT","items_purchased":["Streamline","FTL","Coolheaded"],"campfire_rested":1,"item_purchase_floors":[2,13,13],"current_hp_per_floor":[74,74,56,56,53,53,51,51,51,51,48,20,35,20,42,0,0],"gold":68,"neow_bonus":"ONE_RANDOM_RARE_CARD","is_prod":false,"is_daily":false,"chose_seed":false,"campfire_upgraded":3,"win_rate":0,"timestamp":1607572254,"path_taken":["M","$","?","M","M","R","M","R","T","R","M","E","$","?","R","BOSS"],"build_version":"2020-11-30","purchased_purges":1,"victory":false,"max_hp_per_floor":[75,75,75,75,75,75,75,75,75,75,75,75,75,75,75,75,75],"card_choices":[{"not_picked":["Turbo","Rebound"],"picked":"Conserve Battery","floor":1.0},{"not_picked":["BootSequence","Echo Form"],"picked":"Hologram","floor":4.0},{"not_picked":["Sweeping Beam","Streamline"],"picked":"Hologram","floor":5.0},{"not_picked":["Steam","Streamline"],"picked":"Turbo","floor":7.0},{"not_picked":["White Noise","Beam Cell","Ball Lightning"],"picked":"SKIP","floor":11},{"not_picked":["Rainbow","Loop+1"],"picked":"Go for the Eyes","floor":12}],"player_experience":199922,"relics_obtained":[{"floor":9.0,"key":"Frozen Egg 2"},{"floor":12,"key":"MealTicket"}],"event_choices":[{"damage_healed":0.0,"max_hp_gain":0.0,"max_hp_loss":0.0,"gold_gain":0.0,"event_name":"Golden Idol","player_choice":"Take Damage","floor":3.0,"gold_loss":0.0,"damage_taken":18.0,"relics_obtained":["Golden Idol"]},{"damage_healed":0,"gold_gain":0,"player_choice":"Entered Light","damage_taken":15,"max_hp_gain":0,"max_hp_loss":0,"event_name":"Shining Light","floor":14,"gold_loss":0,"cards_upgraded":["Strike_B","Dualcast"]}],"is_beta":false,"boss_relics":[],"items_purged_floors":[13],"is_endless":false,"potions_floor_spawned":[4,12],"killed_by":"Slime Boss","ascension_level":1}}