{"host":"ixl9a8gzl87gveif","time":1607575815,"event":{"gold_per_floor":[11,11,11,27,27,61,74,74,74,105,124,155,169,12,12,112,112,129,143,158,168,168,200,200,220,220,71,100,0,0,200,200,302,302,316,334,354,373,373,405,315,326,351,386,396,396,427,446,446,446],"floor_reached":51,"playtime":2009,"items_purged":[],"score":1281,"play_id":"65d47cb7-90ef-49f9-9977-ef265851aa7b","local_time":"20201210045015","is_ascension_mode":true,"campfire_choices":[{"data":"Whirlwind","floor":8,"key":"SMITH"},{"data":"Metallicize","floor":15,"key":"SMITH"},{"data":"Second Wind","floor":24,"key":"SMITH"},{"data":"Uppercut","floor":30,"key":"SMITH"},{"data":"Spot Weakness","floor":32,"key":"SMITH"},{"data":"Limit Break","floor":46,"key":"SMITH"},{"data":"Fasting2","floor":49,"key":"SMITH"}],"neow_cost":"NO_GOLD","seed_source_timestamp":374856583450800,"circlet_count":0,"master_deck":["Strike_R","Strike_R+1","Strike_R","Strike_R","Defend_R","Defend_R","Defend_R","Defend_R","Bash","Havoc+1","Uppercut+1","Whirlwind+1","Armaments","Second Wind+1","Pommel Strike+1","Shrug It Off","Spot Weakness+1","Metallicize+1","Limit Break+1","Pummel+1","Disarm+1","Shrug It Off","True Grit","Fasting2+1","Metallicize+1","Uppercut+1","Corruption+1","Sword Boomerang+1","Flame Barrier+1","Flame Barrier+1"],"relics":["Burning Blood","Thread and Needle","StoneCalendar","Darkstone Periapt","Mango","Strawberry","Lizard Tail","HandDrill","Coffee Dripper","Lantern","Frozen Egg 2","DollysMirror","Singing Bowl","Runic Pyramid","Ancient Tea Set","Whetstone","Mercury Hourglass","InkBottle"],"potions_floor_usage":[6,28,28,33,33,39,44,50,50,50],"damage_taken":[{"damage":0,"enemies":"Small Slimes","floor":1,"turns":4},{"damage":12,"enemies":"Jaw Worm","floor":4,"turns":4},{"damage":22,"enemies":"Lagavulin","floor":6,"turns":7},{"damage":6,"enemies":"2 Louse","floor":7,"turns":2},{"damage":15,"enemies":"3 Sentries","floor":10,"turns":7},{"damage":0,"enemies":"Blue Slaver","floor":11,"turns":4},{"damage":11,"enemies":"Gremlin Nob","floor":12,"turns":4},{"damage":8,"enemies":"Exordium Thugs","floor":13,"turns":5},{"damage":25,"enemies":"Slime Boss","floor":16,"turns":8},{"damage":1,"enemies":"Shell Parasite","floor":18,"turns":5},{"damage":26,"enemies":"2 Thieves","floor":19,"turns":4},{"damage":5,"enemies":"Sentry and Sphere","floor":20,"turns":5},{"damage":5,"enemies":"Centurion and Healer","floor":21,"turns":7},{"damage":46,"enemies":"Gremlin Leader","floor":23,"turns":7},{"damage":3,"enemies":"Cultist and Chosen","floor":25,"turns":7},{"damage":32,"enemies":"Slavers","floor":28,"turns":6},{"damage":0,"enemies":"Champ","floor":33,"turns":11},{"damage":10,"enemies":"Orb Walker","floor":35,"turns":4},{"damage":30,"enemies":"3 Shapes","floor":36,"turns":6},{"damage":0,"enemies":"Writhing Mass","floor":37,"turns":7},{"damage":53,"enemies":"4 Shapes","floor":38,"turns":5},{"damage":0,"enemies":"3 Darklings","floor":39,"turns":1},{"damage":3,"enemies":"Nemesis","floor":40,"turns":7},{"damage":0,"enemies":"Sphere and 2 Shapes","floor":42,"turns":2},{"damage":52,"enemies":"Reptomancer","floor":44,"turns":7},{"damage":12,"enemies":"Maw","floor":45,"turns":5},{"damage":0,"enemies":"Nemesis","floor":47,"turns":7},{"damage":0,"enemies":"Transient","floor":48,"turns":5},{"damage":72,"enemies":"Awakened One","floor":50,"turns":7}],"seed_played":"6731121533953269281","potions_obtained":[{"floor":4,"key":"Regen Potion"},{"floor":10,"key":"LiquidMemories"},{"floor":13,"key":"ColorlessPotion"},{"floor":20,"key":"Fruit Juice"},{"floor":28,"key":"DuplicationPotion"},{"floor":33,"key":"SpeedPotion"},{"floor":38,"key":"SmokeBomb"},{"floor":40,"key":"LiquidBronze"},{"floor":44,"key":"SkillPotion"},{"floor":45,"key":"Ancient Potion"},{"floor":47,"key":"PowerPotion"}],"is_trial":false,"path_per_floor":["M","?","?","M","?","E","M","R","T","E","M","E","M","$","R","B",null,"M","M","M","M","?","E","R","M","T","$","E","?","R","?","R","B",null,"M","M","M","M","M","E","?","M","T","E","M","R","E","M","R","B",null],"character_chosen":"IRONCLAD","items_purchased":["HandDrill","DollysMirror"],"campfire_rested":0,"item_purchase_floors":[14,27],"current_hp_per_floor":[78,78,71,65,65,64,64,64,78,76,82,77,75,75,75,56,90,95,75,76,77,77,37,37,40,40,40,19,19,19,19,19,25,86,84,62,76,31,37,40,40,48,48,67,61,61,67,75,75,9],"gold":446,"neow_bonus":"ONE_RARE_RELIC","is_prod":false,"is_daily":false,"chose_seed":false,"campfire_upgraded":7,"win_rate":0,"timestamp":1607575815,"path_taken":["M","?","?","M","?","E","M","R","T","E","M","E","M","?","R","BOSS","M","M","M","M","?","E","R","M","T","$","E","?","R","?","R","BOSS","M","M","M","?","?","E","?","M","T","E","?","R","E","M","R","BOSS"],"build_version":"2020-11-30","purchased_purges":0,"victory":true,"max_hp_per_floor":[80,80,80,80,80,80,80,80,94,101,101,101,101,101,101,101,101,101,101,101,101,101,101,101,101,101,101,106,106,106,106,106,106,106,108,110,118,120,120,120,117,119,119,121,121,121,121,123,123,123],"relic_stats":{"Darkstone Periapt":6,"Lizard Tail":59,"Singing Bowl":14,"counters":[29,160],"StoneCalendar":[173],"HandDrill":[40],"Whetstone":["Strike_R","Pommel Strike"],"obtain_stats":[{"Darkstone Periapt":6,"Lantern":23,"Singing Bowl":28,"Thread and Needle":0,"StoneCalendar":3,"Mango":9,"Whetstone":43,"Frozen Egg 2":26,"Ancient Tea Set":40,"Burning Blood":0,"Mercury Hourglass":44,"Lizard Tail":12,"DollysMirror":27,"Strawberry":10,"HandDrill":14,"Coffee Dripper":17,"InkBottle":47,"Runic Pyramid":34},{"Darkstone Periapt":3,"Lantern":14,"Singing Bowl":16,"Thread and Needle":0,"StoneCalendar":1,"Mango":4,"Whetstone":24,"Frozen Egg 2":15,"Ancient Tea Set":23,"Burning Blood":0,"Mercury Hourglass":25,"Lizard Tail":7,"DollysMirror":15,"Strawberry":5,"HandDrill":8,"Coffee Dripper":9,"InkBottle":27,"Runic Pyramid":17},{"Darkstone Periapt":15,"Lantern":73,"Singing Bowl":86,"Thread and Needle":0,"StoneCalendar":4,"Mango":17,"Whetstone":129,"Frozen Egg 2":80,"Ancient Tea Set":127,"Burning Blood":0,"Mercury Hourglass":136,"Lizard Tail":32,"DollysMirror":80,"Strawberry":24,"HandDrill":37,"Coffee Dripper":45,"InkBottle":148,"Runic Pyramid":97}],"Burning Blood":174,"InkBottle":[6],"Mercury Hourglass":[87]},"card_choices":[{"not_picked":["Clash","Thunderclap"],"picked":"Havoc","floor":1},{"not_picked":["Perfected Strike","Heavy Blade"],"picked":"Whirlwind","floor":4},{"not_picked":["Clothesline","Perfected Strike"],"picked":"Armaments","floor":6},{"not_picked":["Searing Blow","Perfected Strike"],"picked":"Second Wind","floor":7},{"not_picked":["Seeing Red","Warcry"],"picked":"Pommel Strike","floor":10},{"not_picked":["Evolve","Intimidate"],"picked":"Shrug It Off","floor":11},{"not_picked":["Evolve","Twin Strike"],"picked":"Spot Weakness","floor":12},{"not_picked":["Clash","Inflame"],"picked":"Metallicize","floor":13},{"not_picked":["Feed","Fiend Fire"],"picked":"Limit Break","floor":16},{"not_picked":["Iron Wave","Flex"],"picked":"Pummel+1","floor":18},{"not_picked":["Blood for Blood","Dark Embrace"],"picked":"Disarm+1","floor":19},{"not_picked":["Armaments","Cleave"],"picked":"Shrug It Off","floor":20},{"not_picked":["Clothesline+1","Heavy Blade"],"picked":"True Grit","floor":21},{"not_picked":["Blood for Blood","Shrug It Off","Demon Form"],"picked":"SKIP","floor":23},{"not_picked":["Body Slam+1","Cleave","Pommel Strike"],"picked":"SKIP","floor":25},{"not_picked":["Warcry","Spot Weakness"],"picked":"Uppercut+1","floor":28},{"not_picked":["Fiend Fire","Immolate"],"picked":"Corruption+1","floor":33},{"not_picked":["Shrug It Off+1","Cleave","Bloodletting+1"],"picked":"Singing Bowl","floor":35},{"not_picked":["Clash+1","Rupture+1","Inflame+1"],"picked":"Singing Bowl","floor":36},{"not_picked":["Wild Strike","Thunderclap+1","Burning Pact"],"picked":"Singing Bowl","floor":37},{"not_picked":["Sword Boomerang","True Grit+1","Armaments+1"],"picked":"Singing Bowl","floor":38},{"not_picked":["Pommel Strike+1","Clash+1"],"picked":"Sword Boomerang+1","floor":40},{"not_picked":["Intimidate","Thunderclap+1","Bloodletting"],"picked":"Singing Bowl","floor":42},{"not_picked":["Whirlwind","Barricade+1","Berserk+1"],"picked":"Singing Bowl","floor":44},{"not_picked":["Flex","Perfected Strike"],"picked":"Flame Barrier+1","floor":45},{"not_picked":["Cleave+1","Carnage"],"picked":"Flame Barrier+1","floor":47},{"not_picked":["Inflame+1","Evolve+1","Body Slam+1"],"picked":"Singing Bowl","floor":48}],"player_experience":343656,"relics_obtained":[{"floor":6,"key":"Darkstone Periapt"},{"floor":9,"key":"Mango"},{"floor":10,"key":"Strawberry"},{"floor":12,"key":"Lizard Tail"},{"floor":23,"key":"Lantern"},{"floor":26,"key":"Frozen Egg 2"},{"floor":28,"key":"Singing Bowl"},{"floor":40,"key":"Ancient Tea Set"},{"floor":43,"key":"Whetstone"},{"floor":44,"key":"Mercury Hourglass"},{"floor":47,"key":"InkBottle"}],"event_choices":[{"damage_healed":0,"gold_gain":0,"cards_transformed":["Strike_R"],"player_choice":"Change","damage_taken":0,"max_hp_gain":0,"max_hp_loss":0,"event_name":"Living Wall","floor":2,"gold_loss":0,"cards_obtained":["Uppercut"]},{"damage_healed":0,"gold_gain":0,"player_choice":"Success","damage_taken":7,"relics_obtained":["StoneCalendar"],"max_hp_gain":0,"max_hp_loss":0,"event_name":"Scrap Ooze","floor":3,"gold_loss":0},{"damage_healed":0,"gold_gain":0,"player_choice":"Ignored","damage_taken":0,"max_hp_gain":0,"max_hp_loss":0,"event_name":"Liars Game","floor":5,"gold_loss":0},{"cards_removed":["Disarm"],"damage_healed":0,"gold_gain":0,"player_choice":"Take \u0026 Give","damage_taken":0,"max_hp_gain":0,"max_hp_loss":0,"event_name":"betterNote:BetterNote","floor":22,"gold_loss":0,"cards_obtained":["Fasting2"]},{"damage_healed":0,"gold_gain":0,"player_choice":"Paid Fearfully","damage_taken":0,"max_hp_gain":0,"max_hp_loss":0,"event_name":"Masked Bandits","floor":29,"gold_loss":100},{"damage_healed":0,"gold_gain":200,"player_choice":"Gold","damage_taken":0,"max_hp_gain":0,"max_hp_loss":0,"event_name":"Wheel of Change","floor":31,"gold_loss":0},{"cards_removed":["Parasite"],"damage_healed":0,"gold_gain":0,"player_choice":"Upgrade and Remove","damage_taken":0,"max_hp_gain":0,"max_hp_loss":0,"event_name":"Designer","floor":41,"gold_loss":90,"cards_upgraded":["Havoc"]}],"is_beta":false,"boss_relics":[{"not_picked":["Calling Bell","Tiny House"],"picked":"Coffee Dripper"},{"not_picked":["Runic Cube","Mark of Pain"],"picked":"Runic Pyramid"}],"items_purged_floors":[],"is_endless":false,"potions_floor_spawned":[4,10,13,20,28,33,38,40,44,45,47],"ascension_level":8}}