{"host":"d43m95u7l79th215","time":1607604949,"event":{"gold_per_floor":[111,121,221,221,235,235,235,235,235,5,21,37,51,64,64,162,162,173,192,207,219,31,31,59,71,71,86,96,96,127,198,198,295,295,310,23,35,54,104,104,104],"floor_reached":40,"playtime":3097,"items_purged":["stsjorbsmod:Strike_Wanderer"],"score":449,"play_id":"1eac00c2-1d2b-4514-a92b-a9530576c255","local_time":"20201210135549","is_ascension_mode":false,"campfire_choices":[{"data":"stsjorbsmod:TollTheDead","floor":6,"key":"SMITH"},{"data":"stsjorbsmod:FranticSearch","floor":8,"key":"SMITH"},{"data":"ReplayTheSpireMod:Brewmster","floor":15,"key":"SMITH"},{"floor":23,"key":"REST"},{"floor":32,"key":"REST"}],"neow_cost":"NONE","seed_source_timestamp":691689564206700,"circlet_count":0,"master_deck":["stsjorbsmod:ForbiddenGrimoire+1","stsjorbsmod:Strike_Wanderer","stsjorbsmod:Defend_Wanderer","stsjorbsmod:Defend_Wanderer","stsjorbsmod:FreshAdventure","stsjorbsmod:EyeOfTheStorm","EpicFetus+1","stsjorbsmod:DoubleCheck","stsjorbsmod:FranticSearch+1","stsjorbsmod:TollTheDead+1","stsjorbsmod:Withdraw","ReplayTheSpireMod:Brewmster+1","stsjorbsmod:TrueStrike","stsjorbsmod:Prestidigitation","stsjorbsmod:WanderingMind","stsjorbsmod:HoldMonster","stsjorbsmod:ChatteringStrike","stsjorbsmod:Fireball","stsjorbsmod:FranticSearch","stsjorbsmod:ChainLightning","stsjorbsmod:MageArmor+1","stsjorbsmod:MagicMirror","stsjorbsmod:DeathThroes","stsjorbsmod:Prestidigitation+1","stsjorbsmod:Fireball","stsjorbsmod:BurningFlask","stsjorbsmod:ChainLightning","stsjorbsmod:TinyHut","stsjorbsmod:Stalwart","stsjorbsmod:Entangle","stsjorbsmod:DeathThroes+1","stsjorbsmod:WanderingMind+1","stsjorbsmod:GatherPower+1","stsjorbsmod:OldPocket","vexMod:StairwayStrike","stsjorbsmod:ArcaneWeapon","stsjorbsmod:BlackTentacles+1","stsjorbsmod:ColorSpray","stsjorbsmod:BlackTentacles+1"],"relics":["stsjorbsmod:GrimoireRelic","HushsDoor","Leech","NeowsBlessing","Quantum Egg","hubris:Stopwatch","Mercury Hourglass","InkBottle","BookOfRevelations","Durian","Mirror","Astrolabe","CaptainsWheel"],"potions_floor_usage":[12,13,16,16,18,18,19,21,24,25,27,30,33,33,33,33,33,37,37,38,39],"damage_taken":[{"damage":0,"enemies":"Small Slimes","floor":1,"turns":1},{"damage":0,"enemies":"Cultist","floor":2,"turns":1},{"damage":0,"enemies":"2 Louse","floor":5,"turns":1},{"damage":4,"enemies":"2 Fungi Beasts","floor":11,"turns":3},{"damage":12,"enemies":"Exordium Wildlife","floor":12,"turns":4},{"damage":0,"enemies":"Blue Slaver","floor":13,"turns":3},{"damage":0,"enemies":"Exordium Thugs","floor":14,"turns":3},{"damage":10,"enemies":"The Guardian","floor":16,"turns":7},{"damage":3,"enemies":"Shell Parasite","floor":18,"turns":3},{"damage":19,"enemies":"2 Thieves","floor":19,"turns":3},{"damage":0,"enemies":"Centurion and Healer","floor":20,"turns":2},{"damage":15,"enemies":"3 Cultists","floor":21,"turns":4},{"damage":27,"enemies":"Slavers","floor":24,"turns":5},{"damage":0,"enemies":"Snecko","floor":25,"turns":3},{"damage":0,"enemies":"Centurion and Healer","floor":27,"turns":2},{"damage":1,"enemies":"Sentry and Sphere","floor":28,"turns":4},{"damage":17,"enemies":"Replay:Snechameleon","floor":30,"turns":4},{"damage":20,"enemies":"Collector","floor":33,"turns":7},{"damage":6,"enemies":"3 Shapes","floor":35,"turns":1},{"damage":14,"enemies":"3 Darklings","floor":37,"turns":4},{"damage":32,"enemies":"Transient","floor":38,"turns":5},{"damage":0,"enemies":"Mind Bloom Boss Battle","floor":39,"turns":4},{"damage":43,"enemies":"Reptomancer","floor":40,"turns":2}],"seed_played":"6163973059994339416","potions_obtained":[{"floor":1,"key":"Fire Potion"},{"floor":14,"key":"ColorlessPotion"},{"floor":18,"key":"Venom Potion"},{"floor":20,"key":"stsjorbsmod:BurningPotion"},{"floor":25,"key":"Venom Potion"},{"floor":27,"key":"Explosive Potion"},{"floor":33,"key":"LiquidBronze"},{"floor":35,"key":"BlessingOfTheForge"},{"floor":38,"key":"ColorlessPotion"}],"is_trial":false,"path_per_floor":["M","M","?","?","M","R","?","R","T","$","M","M","M","M","R","B",null,"M","M","M","M","$","R","E","M","T","M","M","T","E","T","R","B",null,"M","$","M","M","?","E"],"character_chosen":"WANDERER","items_purchased":["ReplayTheSpireMod:Brewmster","stsjorbsmod:TrueStrike","stsjorbsmod:DeathThroes","stsjorbsmod:Prestidigitation+1","vexMod:StairwayStrike","stsjorbsmod:ArcaneWeapon"],"campfire_rested":2,"item_purchase_floors":[10,10,22,22,36,36],"current_hp_per_floor":[68,68,68,68,68,68,68,68,68,68,65,58,62,66,66,60,68,67,52,55,44,44,64,42,45,45,48,53,53,46,46,67,59,75,71,71,61,36,41,0,0],"gold":104,"neow_bonus":"THREE_ENEMY_KILL","is_prod":false,"is_daily":false,"chose_seed":false,"campfire_upgraded":3,"win_rate":0.0,"timestamp":1607604949,"path_taken":["M","M","?","?","M","R","?","R","T","$","M","M","M","?","R","BOSS","M","M","M","?","$","R","E","M","T","M","M","?","E","?","R","BOSS","M","$","?","M","?","E"],"build_version":"2020-11-30","purchased_purges":1,"victory":false,"max_hp_per_floor":[68,68,68,68,68,68,68,68,68,68,68,68,68,68,68,68,68,68,68,68,68,68,68,68,68,68,68,68,68,73,73,73,75,75,75,75,75,75,75,75,75],"card_choices":[{"not_picked":[],"picked":"EpicFetus","floor":0},{"not_picked":["stsjorbsmod:UnseenServant","stsjorbsmod:RayOfFrost"],"picked":"stsjorbsmod:DoubleCheck","floor":1},{"not_picked":["stsjorbsmod:DisguiseSelf","stsjorbsmod:DoubleCheck"],"picked":"stsjorbsmod:FranticSearch","floor":2},{"not_picked":["stsjorbsmod:DisguiseSelf","stsjorbsmod:Firebolt"],"picked":"stsjorbsmod:TollTheDead","floor":3},{"not_picked":["stsjorbsmod:ScorchingRay","stsjorbsmod:ParryingBlow"],"picked":"stsjorbsmod:Withdraw","floor":5},{"not_picked":["stsjorbsmod:ChainLightning","stsjorbsmod:BlackTentacles"],"picked":"stsjorbsmod:Prestidigitation","floor":11},{"not_picked":["Bomb","stsjorbsmod:SchoolsOfMagic"],"picked":"stsjorbsmod:WanderingMind","floor":12},{"not_picked":["stsjorbsmod:FracturedMind","stsjorbsmod:RefuseToForget"],"picked":"stsjorbsmod:HoldMonster","floor":13},{"not_picked":["stsjorbsmod:Will","stsjorbsmod:HedgeWizard"],"picked":"stsjorbsmod:ChatteringStrike","floor":14},{"not_picked":["stsjorbsmod:SiphonEnergy","stsjorbsmod:MirrorImage"],"picked":"stsjorbsmod:Fireball","floor":16},{"not_picked":["stsjorbsmod:Index+1","stsjorbsmod:DisguiseSelf+1"],"picked":"stsjorbsmod:FranticSearch","floor":18},{"not_picked":["stsjorbsmod:ParryingBlow","stsjorbsmod:Prepare"],"picked":"stsjorbsmod:ChainLightning","floor":19},{"not_picked":["stsjorbsmod:Thorns+1","stsjorbsmod:Aid"],"picked":"stsjorbsmod:MageArmor+1","floor":20},{"not_picked":["stsjorbsmod:LocateObject","stsjorbsmod:TrueStrike+1"],"picked":"stsjorbsmod:MagicMirror","floor":21},{"not_picked":["stsjorbsmod:BurningFlask","stsjorbsmod:Index"],"picked":"stsjorbsmod:Fireball","floor":24},{"not_picked":["stsjorbsmod:Prepare+1","stsjorbsmod:TrueStrike"],"picked":"stsjorbsmod:BurningFlask","floor":25},{"not_picked":["stsjorbsmod:ChatteringStrike","stsjorbsmod:Materialize"],"picked":"stsjorbsmod:ChainLightning","floor":27},{"not_picked":["stsjorbsmod:TrueStrike","stsjorbsmod:UnseenServant"],"picked":"stsjorbsmod:TinyHut","floor":28},{"not_picked":["stsjorbsmod:Hibernate","stsjorbsmod:Aid"],"picked":"stsjorbsmod:Stalwart","floor":30},{"not_picked":["stsjorbsmod:Determination","stsjorbsmod:HoldMonster"],"picked":"stsjorbsmod:Entangle","floor":33},{"not_picked":["stsjorbsmod:FaerieFire","stsjorbsmod:TrueStrike"],"picked":"stsjorbsmod:OldPocket","floor":35},{"not_picked":["stsjorbsmod:RefuseToForget","stsjorbsmod:Rest+1"],"picked":"stsjorbsmod:BlackTentacles+1","floor":37},{"not_picked":["stsjorbsmod:Message+1","stsjorbsmod:RayOfFrost"],"picked":"stsjorbsmod:ColorSpray","floor":38},{"not_picked":["stsjorbsmod:Index+1","stsjorbsmod:Materialize"],"picked":"stsjorbsmod:BlackTentacles+1","floor":39}],"player_experience":392254,"relics_obtained":[{"floor":9,"key":"Quantum Egg"},{"floor":24,"key":"Mercury Hourglass"},{"floor":26,"key":"InkBottle"},{"floor":29,"key":"BookOfRevelations"},{"floor":30,"key":"Durian"},{"floor":31,"key":"Mirror"},{"floor":39,"key":"CaptainsWheel"}],"event_choices":[{"cards_removed":["stsjorbsmod:Defend_Wanderer"],"damage_healed":0,"gold_gain":0,"player_choice":"Card Removal","damage_taken":0,"max_hp_gain":0,"max_hp_loss":0,"event_name":"Wheel of Change","floor":7,"gold_loss":0},{"damage_healed":0,"gold_gain":0,"player_choice":"Fight","damage_taken":0,"max_hp_gain":0,"max_hp_loss":0,"event_name":"MindBloom","floor":39,"gold_loss":0}],"is_beta":false,"boss_relics":[{"not_picked":["Runic Pyramid","Replay:Drink Me"],"picked":"hubris:Stopwatch"},{"not_picked":[]},{"not_picked":["Ring of Chaos","Cursed Key"],"picked":"Astrolabe"},{"not_picked":[]}],"items_purged_floors":[36],"is_endless":false,"potions_floor_spawned":[1,14,18,20,25,27,33,35,38],"killed_by":"Reptomancer","ascension_level":0}}