{"host":"md0dejzd6k70gl1f","time":1607615086,"event":{"mods":["BaseMod","Quick Restart","Minty Spire (QoL Compilation)"],"gold_per_floor":[115,135,21,35,35,69,69,144,144,157,16,16,41,41,41,114,114,131,131,131],"floor_reached":19,"playtime":604,"items_purged":["Strike_G","Strike_G"],"score":341,"play_id":"85cf6dbb-ef38-4e5f-b67c-bcc5482a1337","local_time":"20201210164446","is_ascension_mode":true,"campfire_choices":[{"floor":7,"key":"REST"},{"floor":12,"key":"REST"},{"floor":15,"key":"REST"}],"circlet_count":0,"master_deck":["AscendersBane","Strike_G","Strike_G","Strike_G","Defend_G","Defend_G","Defend_G+1","Defend_G","Defend_G","Survivor","Neutralize","Infinite Blades+1","Dash","Infinite Blades","Dash","Flying Knee","Noxious Fumes","All Out Attack","Tools of the Trade","Backflip"],"special_seed":0,"relics":["Ring of the Serpent","NeowsBlessing","The Courier","Toy Ornithopter","Letter Opener"],"acts_visited":["Exordium","TheCity"],"potions_floor_usage":[6,13,16,19],"damage_taken":[{"damage":0,"enemies":"Small Slimes","floor":1,"turns":1},{"damage":0,"enemies":"2 Louse","floor":2,"turns":1},{"damage":0,"enemies":"Jaw Worm","floor":4,"turns":1},{"damage":28,"enemies":"Gremlin Nob","floor":6,"turns":5},{"damage":7,"enemies":"3 Louse","floor":10,"turns":5},{"damage":19,"enemies":"3 Sentries","floor":13,"turns":8},{"damage":32,"enemies":"Slime Boss","floor":16,"turns":10},{"damage":29,"enemies":"Spheric Guardian","floor":18,"turns":8},{"damage":17,"enemies":"3 Byrds","floor":19,"turns":4}],"seed_played":"6695053629634695971","potions_obtained":[{"floor":1,"key":"LiquidMemories"},{"floor":2,"key":"Block Potion"},{"floor":10,"key":"Weak Potion"},{"floor":13,"key":"Poison Potion"}],"is_trial":false,"path_per_floor":["M","M","$","M","?","E","R","?","T","M","$","R","E","$","R","B",null,"M","M"],"character_chosen":"THE_SILENT","items_purchased":["Infinite Blades","Noxious Fumes"],"campfire_rested":3,"item_purchase_floors":[3,11],"current_hp_per_floor":[59,59,59,59,39,11,30,19,19,12,12,31,17,17,36,9,52,23,11,11],"gold":131,"neow_bonus":"THREE_ENEMY_KILL","is_daily":false,"chose_seed":false,"campfire_upgraded":0,"win_rate":0,"timestamp":1607615086,"path_taken":["M","M","$","M","?","E","R","?","T","M","$","R","E","?","R","BOSS","M","M"],"build_version":"2020-11-30","purchased_purges":2,"victory":false,"max_hp_per_floor":[66,66,66,66,66,66,66,66,66,66,66,66,66,66,66,66,66,66,66,66],"card_choices":[{"not_picked":["Riddle With Holes","Dagger Spray"],"picked":"Infinite Blades","floor":1},{"not_picked":["Finisher","Sucker Punch"],"picked":"Dash","floor":2},{"not_picked":["Prepared","Setup","Infinite Blades"],"picked":"SKIP","floor":4},{"not_picked":["Caltrops","Reflex"],"picked":"Dash","floor":6},{"not_picked":["Backflip","Wraith Form v2"],"picked":"Flying Knee","floor":10},{"not_picked":["Terror","Dagger Spray"],"picked":"All Out Attack","floor":13},{"not_picked":["Wraith Form v2","A Thousand Cuts"],"picked":"Tools of the Trade","floor":16},{"not_picked":["Acrobatics","Skewer"],"picked":"Backflip","floor":18}],"player_experience":417601,"relics_obtained":[{"floor":6,"key":"The Courier"},{"floor":9,"key":"Toy Ornithopter"},{"floor":13,"key":"Letter Opener"}],"event_choices":[{"damage_healed":0,"gold_gain":0,"player_choice":"Entered Light","damage_taken":20,"max_hp_gain":0,"max_hp_loss":0,"event_name":"Shining Light","floor":5,"gold_loss":0,"cards_upgraded":["Infinite Blades","Defend_G"]},{"damage_healed":0,"gold_gain":75,"player_choice":"Gather Gold","damage_taken":11,"max_hp_gain":0,"max_hp_loss":0,"event_name":"World of Goop","floor":8,"gold_loss":0}],"is_beta":false,"boss_relics":[{"not_picked":["Runic Pyramid","Philosopher\u0027s Stone"],"picked":"Ring of the Serpent"}],"items_purged_floors":[3,11],"is_endless":false,"potions_floor_spawned":[1,2,10,13],"killed_by":"3 Byrds","ascension_level":19}}