{"host":"6ko66ogg91i6g7xq","time":1607576485,"event":{"gold_per_floor":[112,112,19,32,32,63,63,98,98,30,64,64,19,30,30,125,125,144,144,162,177,22,47,47,76,76,76,76],"floor_reached":27,"playtime":903,"items_purged":[],"score":321,"play_id":"28a33a2e-760d-4b1d-9623-c004f4f55cac","local_time":"20201210000125","is_ascension_mode":true,"campfire_choices":[{"floor":7,"key":"RECALL"},{"data":"1","floor":12,"key":"LIFT"},{"data":"2","floor":15,"key":"LIFT"},{"data":"3","floor":24,"key":"LIFT"}],"neow_cost":"NONE","seed_source_timestamp":205205551017300,"circlet_count":0,"master_deck":["Strike_G","Strike_G","Strike_G","Strike_G","Strike_G","Defend_G","Defend_G","Defend_G","Defend_G+1","Defend_G","Survivor","Neutralize","Blade Dance","Infinite Blades","Dagger Spray","Skewer","Slice","Slice","Terror","Doppelganger+1","Dagger Spray","Dash","Phantasmal Killer","Dodge and Roll","Escape Plan","Caltrops","Slice+1"],"relics":["Ring of the Serpent","NeowsBlessing","Ginger","Torii","Girya","CaptainsWheel","MutagenicStrength","Nunchaku","War Paint","Pocketwatch"],"potions_floor_usage":[8,11,18,21,25],"damage_taken":[{"damage":0,"enemies":"2 Louse","floor":1,"turns":1},{"damage":0,"enemies":"Jaw Worm","floor":4,"turns":1},{"damage":0,"enemies":"3 Sentries","floor":6,"turns":1},{"damage":23,"enemies":"Gremlin Nob","floor":8,"turns":4},{"damage":1,"enemies":"3 Sentries","floor":11,"turns":5},{"damage":0,"enemies":"Cultist","floor":14,"turns":2},{"damage":15,"enemies":"The Guardian","floor":16,"turns":6},{"damage":1,"enemies":"Spheric Guardian","floor":18,"turns":3},{"damage":1,"enemies":"Chosen","floor":20,"turns":3},{"damage":14,"enemies":"Snake Plant","floor":21,"turns":3},{"damage":16,"enemies":"Book of Stabbing","floor":23,"turns":4},{"damage":31,"enemies":"Slavers","floor":25,"turns":4},{"damage":0,"enemies":"Book of Stabbing","floor":27,"turns":2}],"seed_played":"4637830455165881446","potions_obtained":[{"floor":4,"key":"AttackPotion"},{"floor":6,"key":"PowerPotion"},{"floor":16,"key":"Explosive Potion"},{"floor":18,"key":"DistilledChaos"},{"floor":23,"key":"Weak Potion"}],"is_trial":false,"path_per_floor":["M","?","$","M","$","E","R","E","T","$","E","R","$","M","R","B",null,"M","?","M","M","$","E","R","E","T","E"],"character_chosen":"THE_SILENT","items_purchased":["Infinite Blades","Dagger Spray","Terror","Dagger Spray","Nunchaku"],"campfire_rested":0,"item_purchase_floors":[3,3,10,13,22],"current_hp_per_floor":[70,70,70,70,70,70,70,47,47,47,46,46,46,46,46,31,70,69,69,68,54,54,38,38,7,7,7,7],"gold":76,"neow_bonus":"THREE_ENEMY_KILL","is_prod":false,"is_daily":false,"chose_seed":false,"campfire_upgraded":0,"win_rate":0,"timestamp":1607576485,"path_taken":["M","?","$","M","$","E","R","E","T","?","E","R","$","M","R","BOSS","M","?","M","M","?","E","R","E","T","E"],"build_version":"2020-11-30","purchased_purges":0,"victory":false,"max_hp_per_floor":[70,70,70,70,70,70,70,70,70,70,70,70,70,70,70,70,70,70,70,70,70,70,70,70,70,70,70,70],"relic_stats":{"Nunchaku":[2],"Torii":20,"counters":[13,39],"Ginger":[1],"War Paint":["Defend_G","Doppelganger"],"obtain_stats":[{"Girya":9,"CaptainsWheel":11,"Nunchaku":22,"NeowsBlessing":0,"Torii":8,"MutagenicStrength":19,"Ginger":6,"War Paint":23,"Ring of the Serpent":17,"Ring of the Snake":0,"Pocketwatch":25},{"Girya":4,"CaptainsWheel":5,"Nunchaku":10,"NeowsBlessing":0,"Torii":4,"MutagenicStrength":8,"Ginger":3,"War Paint":11,"Ring of the Serpent":7,"Ring of the Snake":0,"Pocketwatch":12},{"Girya":7,"CaptainsWheel":12,"Nunchaku":29,"NeowsBlessing":0,"Torii":7,"MutagenicStrength":23,"Ginger":3,"War Paint":33,"Ring of the Serpent":20,"Ring of the Snake":0,"Pocketwatch":37}],"Pocketwatch":[0]},"card_choices":[{"not_picked":["Dodge and Roll","Blur"],"picked":"Blade Dance","floor":1},{"not_picked":["Dagger Throw","Flechettes"],"picked":"Skewer","floor":4},{"not_picked":["Expertise","Backflip"],"picked":"Slice","floor":6},{"not_picked":["Underhanded Strike","Bane"],"picked":"Slice","floor":8},{"not_picked":["Infinite Blades","Outmaneuver"],"picked":"Doppelganger","floor":11},{"not_picked":["Backflip","Sucker Punch"],"picked":"Dash","floor":14},{"not_picked":["Die Die Die","Venomology"],"picked":"Phantasmal Killer","floor":16},{"not_picked":["Tactician","Bouncing Flask+1"],"picked":"Dodge and Roll","floor":18},{"not_picked":["Backflip","Underhanded Strike"],"picked":"Escape Plan","floor":20},{"not_picked":["PiercingWail","Poisoned Stab"],"picked":"Caltrops","floor":21},{"not_picked":["All Out Attack+1","Underhanded Strike"],"picked":"Slice+1","floor":23},{"not_picked":["Acrobatics","Distraction","Dagger Throw"],"picked":"SKIP","floor":25}],"player_experience":252548,"relics_obtained":[{"floor":6,"key":"Ginger"},{"floor":8,"key":"Torii"},{"floor":9,"key":"Girya"},{"floor":11,"key":"CaptainsWheel"},{"floor":23,"key":"War Paint"},{"floor":25,"key":"Pocketwatch"}],"event_choices":[{"damage_healed":0,"gold_gain":0,"player_choice":"Ignored","damage_taken":0,"max_hp_gain":0,"max_hp_loss":0,"event_name":"Golden Wing","floor":2,"gold_loss":0},{"damage_healed":0,"gold_gain":0,"player_choice":"Inject Mutagens","damage_taken":0,"relics_obtained":["MutagenicStrength"],"max_hp_gain":0,"max_hp_loss":0,"event_name":"Drug Dealer","floor":19,"gold_loss":0}],"is_beta":false,"boss_relics":[{"not_picked":["Sozu","Fusion Hammer"],"picked":"Ring of the Serpent"}],"items_purged_floors":[],"is_endless":false,"potions_floor_spawned":[4,6,16,18,23],"killed_by":"Book of Stabbing","ascension_level":2}}