{"host":"gcl3kjho9wmyw479","time":1607581211,"event":{"gold_per_floor":[117,117,42,42,42,71,71,71,95,95,95,95,126,155,155,254,254,268,168,179,179,80,80,80,105,132,132,157,157,187,217,217,312,312,323,11,11,28,82,82,107,136,136,171,171,204,25,50,50,50,50,50,59,85,85],"floor_reached":56,"playtime":1797,"items_purged":["Consecrate","Consecrate","JustLucky","Fasting2+1"],"score":1925,"play_id":"c059761d-23b5-43e3-ab87-6d32aa45d1a1","local_time":"20201210012011","daily_mods":["SealedDeck","Heirloom","Flight","DeadlyEvents","Elite Swarm"],"is_ascension_mode":true,"campfire_choices":[{"data":"Devotion","floor":7,"key":"SMITH"},{"data":"Prostrate","floor":8,"key":"SMITH"},{"data":"Prostrate","floor":10,"key":"SMITH"},{"data":"CarveReality","floor":12,"key":"SMITH"},{"data":"Devotion","floor":15,"key":"SMITH"},{"data":"Fasting2","floor":23,"key":"SMITH"},{"data":"Evaluate","floor":24,"key":"SMITH"},{"floor":27,"key":"RECALL"},{"data":"Scrawl","floor":29,"key":"SMITH"},{"data":"Scrawl","floor":32,"key":"SMITH"},{"data":"Sanctity","floor":40,"key":"SMITH"},{"data":"DeusExMachina","floor":45,"key":"SMITH"}],"neow_cost":"","seed_source_timestamp":68106031167900,"circlet_count":0,"master_deck":["Sanctity+1","CarveReality+1","Prostrate+1","Evaluate+1","Prostrate+1","Devotion+1","Devotion+1","Scrawl+1","Scrawl+1","Brilliance+1","DeusExMachina+1"],"relics":["PureWater","Orichalcum","Lizard Tail","PreservedInsect","Coffee Dripper","MerchantsRug","Ancient Tea Set","conspire:BottledYoYo","Sundial","Blue Candle","Philosopher\u0027s Stone","Gremlin Horn","conspire:GlowingRock","Art of War","Potion Belt","Lantern","Damaru","Toy Ornithopter","Pear"],"potions_floor_usage":[28,33,55,55,55,55],"damage_taken":[{"damage":2,"enemies":"Jaw Worm","floor":1,"turns":3},{"damage":0,"enemies":"Gremlin Nob","floor":6,"turns":3},{"damage":0,"enemies":"Lagavulin","floor":13,"turns":3},{"damage":0,"enemies":"Gremlin Nob","floor":14,"turns":2},{"damage":14,"enemies":"Hexaghost","floor":16,"turns":3},{"damage":0,"enemies":"3 Byrds","floor":18,"turns":3},{"damage":0,"enemies":"conspire:FuzzyDice","floor":20,"turns":2},{"damage":0,"enemies":"conspire:Head Lice","floor":25,"turns":2},{"damage":0,"enemies":"Slavers","floor":28,"turns":2},{"damage":0,"enemies":"Gremlin Leader","floor":30,"turns":2},{"damage":0,"enemies":"conspire:SneckoGhost","floor":31,"turns":1},{"damage":0,"enemies":"Automaton","floor":33,"turns":1},{"damage":0,"enemies":"3 Darklings","floor":35,"turns":2},{"damage":0,"enemies":"Orb Walker","floor":38,"turns":1},{"damage":0,"enemies":"2 Orb Walkers","floor":39,"turns":1},{"damage":0,"enemies":"Giant Head","floor":41,"turns":1},{"damage":0,"enemies":"Reptomancer","floor":42,"turns":1},{"damage":10,"enemies":"Giant Head","floor":44,"turns":2},{"damage":0,"enemies":"Nemesis","floor":46,"turns":1},{"damage":0,"enemies":"Giant Head","floor":48,"turns":1},{"damage":0,"enemies":"conspire:OrnateMirror","floor":50,"turns":1},{"damage":0,"enemies":"Shield and Spear","floor":54,"turns":1},{"damage":40,"enemies":"The Heart","floor":55,"turns":3}],"seed_played":"5220263181812502491","potions_obtained":[{"floor":14,"key":"Fire Potion"},{"floor":16,"key":"FairyPotion"},{"floor":18,"key":"SneckoOil"},{"floor":25,"key":"Swift Potion"},{"floor":28,"key":"Ancient Potion"},{"floor":33,"key":"DuplicationPotion"},{"floor":44,"key":"GamblersBrew"},{"floor":48,"key":"LiquidMemories"}],"is_trial":true,"path_per_floor":["M","?","$","?","$","E","R","R","T","R","$","R","E","E","R","B",null,"M","$","M","?","$","R","R","E","T","R","E","R","E","E","R","B",null,"M","$","T","M","?","R","E","E","T","E","R","E","$","E","R","B",null,"R","$","E","B",null],"character_chosen":"WATCHER","items_purchased":["MerchantsRug","Gremlin Horn","Damaru"],"campfire_rested":0,"item_purchase_floors":[22,36,47],"current_hp_per_floor":[84,77,77,77,77,77,77,77,77,77,77,77,77,77,77,63,86,86,86,86,86,86,86,86,86,86,86,86,86,86,86,86,86,86,86,86,86,86,86,86,86,86,86,76,76,76,76,76,76,76,86,86,86,96,63],"gold":85,"neow_bonus":"","is_prod":false,"is_daily":false,"chose_seed":false,"campfire_upgraded":11,"win_rate":0.0,"timestamp":1607581211,"path_taken":["M","?","$","?","?","E","R","R","T","R","$","R","E","?","R","BOSS","M","$","M","?","$","R","R","E","T","R","E","R","E","E","R","BOSS","M","$","?","M","?","R","E","E","T","E","R","E","?","?","R","BOSS","R","$","E","BOSS"],"build_version":"2020-11-30","purchased_purges":4,"victory":true,"max_hp_per_floor":[86,86,86,86,86,86,86,86,86,86,86,86,86,86,86,86,86,86,86,86,86,86,86,86,86,86,86,86,86,86,86,86,86,86,86,86,86,86,86,86,86,86,86,86,86,86,86,86,86,86,86,86,86,96,96],"card_choices":[{"not_picked":["Tantrum","Conclude","BattleHymn"],"picked":"SKIP","floor":1},{"not_picked":["Vault","MasterReality"],"picked":"Devotion","floor":6},{"not_picked":["Vault","Establishment"],"picked":"Devotion","floor":13},{"not_picked":["MasterReality","LessonLearned","Blasphemy"],"picked":"SKIP","floor":14},{"not_picked":["ClearTheMind+1","Crescendo+1","Nirvana"],"picked":"SKIP","floor":18},{"not_picked":["PathToVictory","FearNoEvil","FollowUp+1"],"picked":"SKIP","floor":20},{"not_picked":["ConjureBlade","LessonLearned","Omniscience"],"picked":"SKIP","floor":25},{"not_picked":["Judgement","MasterReality"],"picked":"Scrawl","floor":28},{"not_picked":["Brilliance","ConjureBlade"],"picked":"Scrawl","floor":30},{"not_picked":["Alpha","Ragnarok","Establishment"],"picked":"SKIP","floor":31},{"not_picked":["CrushJoints+1","PathToVictory","Collect+1"],"picked":"SKIP","floor":35},{"not_picked":["Nirvana","Prostrate+1","CutThroughFate+1","FlyingSleeves"],"picked":"SKIP","floor":38},{"not_picked":["SpiritShield","DeusExMachina","Judgement"],"picked":"Brilliance","floor":41},{"not_picked":["Alpha","DevaForm","Blasphemy"],"picked":"DeusExMachina","floor":42},{"not_picked":["SpiritShield","Judgement","DevaForm","DeusExMachina"],"picked":"SKIP","floor":44},{"not_picked":["Ragnarok","Scrawl","Omniscience","Devotion"],"picked":"SKIP","floor":46},{"not_picked":["MasterReality","ConjureBlade","Scrawl"],"picked":"SKIP","floor":48},{"not_picked":["LessonLearned","Ragnarok","MasterReality"],"picked":"SKIP","floor":54}],"player_experience":393235,"relics_obtained":[{"floor":6,"key":"Orichalcum"},{"floor":13,"key":"Lizard Tail"},{"floor":14,"key":"PreservedInsect"},{"floor":25,"key":"Pocketwatch"},{"floor":26,"key":"Ancient Tea Set"},{"floor":28,"key":"conspire:BottledYoYo"},{"floor":30,"key":"Sundial"},{"floor":31,"key":"Blue Candle"},{"floor":37,"key":"Question Card"},{"floor":39,"key":"conspire:GlowingRock"},{"floor":41,"key":"conspire:DeflatedDodgeball"},{"floor":42,"key":"Art of War"},{"floor":43,"key":"Whetstone"},{"floor":44,"key":"Potion Belt"},{"floor":46,"key":"Lantern"},{"floor":48,"key":"Toy Ornithopter"},{"floor":54,"key":"Pear"}],"event_choices":[{"cards_removed":["FlyingSleeves"],"damage_healed":0,"gold_gain":0,"player_choice":"Card Removal","damage_taken":7,"max_hp_gain":0,"max_hp_loss":0,"event_name":"Golden Wing","floor":2,"gold_loss":0},{"damage_healed":0,"gold_gain":0,"player_choice":"Leave","damage_taken":0,"max_hp_gain":0,"max_hp_loss":0,"event_name":"The Cleric","floor":4,"gold_loss":0},{"damage_healed":0,"gold_gain":0,"player_choice":"Ignored","damage_taken":0,"max_hp_gain":0,"max_hp_loss":0,"event_name":"Transmorgrifier","floor":21,"gold_loss":0},{"damage_healed":0,"gold_gain":0,"player_choice":"Fight","damage_taken":0,"max_hp_gain":0,"max_hp_loss":0,"event_name":"Mysterious Sphere","floor":39,"gold_loss":0}],"is_beta":false,"boss_relics":[{"not_picked":["conspire:SpecialSausage","conspire:RoyalGoblet"],"picked":"Coffee Dripper"},{"not_picked":["Sozu","Runic Pyramid"],"picked":"Philosopher\u0027s Stone"}],"items_purged_floors":[3,19,36,47],"is_endless":false,"potions_floor_spawned":[14,16,18,25,28,33,35,42,44,48],"ascension_level":1}}