{"host":"vvp4eihuvtuugjfx","time":1607642187,"event":{"mods":["BaseMod","StSLib","Aspiration","Minty Spire (QoL Compilation)","Replay The Spire","Colored Map","Colored Powertips","Highlight Path","Shop Mod","Downfall","Permanent Neow","Quick Restart","Mimic Mod","Spicy Shops","Act Like it!","Hallownest","The Bug Knight","The Construct","Better Note","CCEM","Unceasing Turn Reminder"],"gold_per_floor":[119,139,139,139,151,176,192,223,223,255,255,275,275,290,290,392,392,410,410,410,428,447,473,490,539,539,567,10,10,23,38,38,134,134,153,153,193,193,193,213,266,293,293,293],"floor_reached":43,"playtime":3662,"items_purged":[],"score":640,"play_id":"63828597-df28-4a96-9260-7a16fc59bcaf","local_time":"20201211001627","is_ascension_mode":true,"campfire_choices":[{"floor":11,"key":"REST"},{"floor":13,"key":"REST"},{"floor":15,"key":"REST"}],"circlet_count":0,"master_deck":["HollowMod:NailStrikeStart","HollowMod:QuickDashStart","HollowMod:QuickDashStart+1","HollowMod:QuickDashStart","HollowMod:FocusHealStart","HollowMod:PogoStrike","HollowMod:MantisMark","HollowMod:CycloneSlash","HollowMod:VengefulVoid","HollowMod:SlysStrikes","HollowMod:DashSlash","HollowMod:SiblingsShadow","HollowMod:MidwifesHunger","HollowMod:Hiveblood+1","HollowMod:NewInfectedGuardian+1","HollowMod:ElderbugsWisdom+1","Hallownest:attackMasterCycloneSlash","HollowMod:NewLittleFool","HollowMod:VengefulVoid","HollowMod:ZotesMagnificence","HollowMod:TaintedHusks","HollowMod:InfectedCysts","HollowMod:CoiledNail","HollowMod:MidwifesHunger","HollowMod:SoulSplash+1","HollowMod:GrimmsGift+1","HollowMod:CornifersMapStart+1"],"relics":["Fusion Hammer","StoneCalendar","HollowMod:DelicateFlower","Hallownest:DreamNailRelic","Tiny Chest","Vajra","Singing Bowl","CCEMRelics:DissonantTune","Astrolabe","aspiration:SeaSaltIceCream","HollowMod:VesselMask","HollowMod:KingsBrand","Peace Pipe","Thread and Needle","CCEMRelics:OrganicArmor","aspiration:RitualDagger","Hallownest:HeavyBlowRelic","aspiration:AnachronicSnailShell","War Paint","Blue Doll"],"acts_visited":["Exordium","Hallownest:Greenpath","Hallownest:CityofTears"],"potions_floor_usage":[6,12,16,23,27,33,33,35,42],"damage_taken":[{"damage":0,"enemies":"Hallownest:2_Baldur","floor":1,"turns":3},{"damage":0,"enemies":"2_ Uuma","floor":2,"turns":4},{"damage":0,"enemies":"Hallownest:monsterHuskGuard","floor":5,"turns":3},{"damage":0,"enemies":"Hallownest:eliteCrystalGuardian","floor":6,"turns":5},{"damage":0,"enemies":"Hallownest:monsterMossCharger","floor":7,"turns":3},{"damage":0,"enemies":"Hallownest:eliteVengeflyKing","floor":8,"turns":5},{"damage":1,"enemies":"Hallownest:eliteMossKnight","floor":10,"turns":5},{"damage":16,"enemies":"Hallownest:1_Ooma_and_2_Uuma","floor":12,"turns":3},{"damage":0,"enemies":"Hallownest:monsterAspidMother","floor":14,"turns":2},{"damage":47,"enemies":"Hallownest:BossFalseKnight","floor":16,"turns":7},{"damage":4,"enemies":"Hallownest:Flukemon_and_Top","floor":18,"turns":4},{"damage":15,"enemies":"Hallownest:3_Youths","floor":21,"turns":5},{"damage":42,"enemies":"Hallownest:monsterMisterMushroom","floor":22,"turns":6},{"damage":21,"enemies":"Hallownest:eliteWatcherKnight","floor":23,"turns":9},{"damage":22,"enemies":"Hallownest:Warrior_and_Youth","floor":24,"turns":3},{"damage":17,"enemies":"Hallownest:Nosk","floor":27,"turns":7},{"damage":8,"enemies":"Hallownest:2_Husk_Sentries","floor":30,"turns":4},{"damage":34,"enemies":"Hallownest:monsterShrumalOgre","floor":31,"turns":5},{"damage":68,"enemies":"Hallownest:BossSoulMaster","floor":33,"turns":9},{"damage":105,"enemies":"Hallownest:3_Siblings","floor":35,"turns":7},{"damage":43,"enemies":"Hallownest:2_Littles","floor":37,"turns":7},{"damage":99,"enemies":"Hallownest:2_Littles","floor":40,"turns":6},{"damage":21,"enemies":"Hallownest:StalkingDevout","floor":42,"turns":4},{"damage":53,"enemies":"Hallownest:StalkingDevout","floor":43,"turns":4},{"damage":54,"enemies":"Hallownest:StalkingDevout","floor":43,"turns":4},{"damage":28,"enemies":"Hallownest:StalkingDevout","floor":43,"turns":2}],"seed_played":"-3640354416590982145","potions_obtained":[{"floor":1,"key":"Energy Potion"},{"floor":5,"key":"Toxic Potion"},{"floor":7,"key":"Explosive Potion"},{"floor":10,"key":"PowerPotion"},{"floor":18,"key":"hexamod:EctoCoolerPotion"},{"floor":22,"key":"Dexterity Potion"},{"floor":24,"key":"Block Potion"},{"floor":27,"key":"sneckomod:MuddlingPotion"},{"floor":40,"key":"Energy Potion"}],"is_trial":false,"path_per_floor":["M","M","?","?","M","E","M","E","T","E","R","M","R","M","R","B",null,"M","?","?","M","M","E","M","T","T","E","$","?","M","M","R_BF","B",null,"M","?","MIM","PTL","PTL","M","T","E","?"],"character_chosen":"THE_BUGKNIGHT","items_purchased":["CCEMRelics:OrganicArmor","HollowMod:ZotesMagnificence","HollowMod:TaintedHusks"],"campfire_rested":3,"item_purchase_floors":[28,28,28],"current_hp_per_floor":[75,75,21,21,21,21,21,21,21,22,45,31,54,54,77,30,79,81,81,81,72,48,57,50,50,50,66,66,87,86,65,65,37,89,89,89,87,87,87,33,33,65,0,0],"gold":293,"neow_bonus":"BOSS_RELIC","is_daily":false,"chose_seed":false,"campfire_upgraded":0,"win_rate":0,"timestamp":1607642187,"path_taken":["M","M","?","?","M","E","M","E","T","E","R","M","R","M","R","BOSS","M","?","?","M","M","E","?","?","T","E","$","?","M","M","R_BF","BOSS","M","?","?","PTL","PTL","M","?","E","?"],"build_version":"2020-11-30","purchased_purges":0,"victory":false,"max_hp_per_floor":[75,75,75,75,75,75,75,75,75,77,77,79,79,79,79,79,79,81,81,81,81,81,83,85,85,85,87,87,87,89,89,89,89,89,89,89,89,89,89,89,89,91,91,91],"card_choices":[{"not_picked":["HollowMod:BrokenVessel","HollowMod:SoulSplash","HollowMod:LuriensSpire"],"picked":"SKIP","floor":1},{"not_picked":["HollowMod:TaintedHusks","HollowMod:CloakDash"],"picked":"HollowMod:MantisMark","floor":2},{"not_picked":["HollowMod:CloakDash","HollowMod:SharpenedNail"],"picked":"HollowMod:CycloneSlash","floor":5},{"not_picked":["HollowMod:DesolateDive","HollowMod:ShadowDash"],"picked":"HollowMod:VengefulVoid","floor":6},{"not_picked":["HollowMod:SiblingsSouls","HollowMod:DescendingDark"],"picked":"HollowMod:SlysStrikes","floor":7},{"not_picked":["HollowMod:SoulStrike","HollowMod:SiblingsSouls"],"picked":"HollowMod:DashSlash","floor":8},{"not_picked":["HollowMod:PureVessel","HollowMod:ShadowDash","HollowMod:ChannelNail"],"picked":"Singing Bowl","floor":10},{"not_picked":["HollowMod:ChannelNail","HollowMod:PureNailStrike","HollowMod:ShapeofUnn"],"picked":"Singing Bowl","floor":12},{"not_picked":["HollowMod:HuntersJournal","HollowMod:SharpenedNail"],"picked":"HollowMod:SiblingsShadow","floor":14},{"not_picked":["HollowMod:HornetsHelp","HollowMod:theNailsmith"],"picked":"HollowMod:MidwifesHunger","floor":16},{"not_picked":["HollowMod:LifebloodCocoon","HollowMod:InfectedCysts","HollowMod:CrystalDash+1"],"picked":"Singing Bowl","floor":18},{"not_picked":["HollowMod:SoulSplash","HollowMod:BaldurShell"],"picked":"HollowMod:NewLittleFool","floor":21},{"not_picked":["HollowMod:SiblingsSouls","HollowMod:NewJinnsSoul"],"picked":"HollowMod:VengefulVoid","floor":22},{"not_picked":["HollowMod:BrokenVessel","HollowMod:MawleksShell+1","HollowMod:InfectionAssault"],"picked":"Singing Bowl","floor":23},{"not_picked":["HollowMod:LifebloodCocoon","HollowMod:MawleksShell+1","HollowMod:SoulStrike"],"picked":"Singing Bowl","floor":24},{"not_picked":["HollowMod:CycloneSlash+1","HollowMod:PerfectDash","HollowMod:ShapeofUnn"],"picked":"Singing Bowl","floor":27},{"not_picked":["HollowMod:RecoilStrike","HollowMod:HowlingWraiths+1","HollowMod:DoubleDash"],"picked":"Singing Bowl","floor":30},{"not_picked":["HollowMod:DoubleDash+1","HollowMod:GoodIntentions"],"picked":"HollowMod:InfectedCysts","floor":31},{"not_picked":["HollowMod:HerrahsAnger","HollowMod:HornetsHelp"],"picked":"HollowMod:MidwifesHunger","floor":33},{"not_picked":["HollowMod:DescendingDark+1","HollowMod:BaldurShell"],"picked":"HollowMod:SoulSplash","floor":35},{"not_picked":["HollowMod:Grubsong","HollowMod:PureNailStrike+1"],"picked":"HollowMod:GrimmsGift+1","floor":37},{"not_picked":["HollowMod:CrystalDash+1","HollowMod:InfectedAttack"],"picked":"HollowMod:CornifersMapStart+1","floor":40},{"not_picked":["HollowMod:DashSlash","HollowMod:VengefulSpirit","HollowMod:TaintedHusks+1"],"picked":"Singing Bowl","floor":42}],"player_experience":711840,"relics_obtained":[{"floor":6,"key":"Tiny Chest"},{"floor":8,"key":"Vajra"},{"floor":9,"key":"Singing Bowl"},{"floor":10,"key":"CCEMRelics:DissonantTune"},{"floor":23,"key":"aspiration:SeaSaltIceCream"},{"floor":25,"key":"HollowMod:KingsBrand"},{"floor":26,"key":"Peace Pipe"},{"floor":27,"key":"Thread and Needle"},{"floor":37,"key":"aspiration:AnachronicSnailShell"},{"floor":41,"key":"War Paint"},{"floor":42,"key":"Blue Doll"}],"event_choices":[],"is_beta":false,"boss_relics":[{"not_picked":["SacredBark","Runic Pyramid"],"picked":"Astrolabe"},{"not_picked":["Cursed Key","Honey Jar"],"picked":"aspiration:RitualDagger"}],"items_purged_floors":[],"is_endless":false,"potions_floor_spawned":[1,5,7,10,18,22,24,27,40],"killed_by":"Hallownest:StalkingDevout","ascension_level":2}}