{"host":"2lo6hma6kymb0g9i","time":1607592402,"event":{"gold_per_floor":[111,126,141,141,26,26,52,69,69,96,116,127,159,175,175,270,270,280,280,33,33,49,49,79,79,130,181,197,37,70,90,90,193,193,209,209,229,241,257,257,257,257,302,335,349,376,376,410,410,410],"floor_reached":51,"playtime":5085,"items_purged":["Pain","Strike_G","Strike_G"],"score":967,"play_id":"d78074a2-d4bb-43dd-9ea9-f569a140107d","local_time":"20201210182642","is_ascension_mode":true,"campfire_choices":[{"data":"Blade Dance","floor":6,"key":"SMITH"},{"floor":15,"key":"DIG"},{"floor":23,"key":"DIG"},{"floor":25,"key":"DIG"},{"floor":32,"key":"DIG"},{"data":"Accuracy","floor":40,"key":"SMITH"},{"data":"Blade Dance","floor":42,"key":"SMITH"},{"data":"Accuracy","floor":47,"key":"SMITH"},{"data":"Phantasmal Killer","floor":49,"key":"SMITH"}],"neow_cost":"NONE","seed_source_timestamp":13863603419200,"circlet_count":0,"master_deck":["Strike_G","Defend_G","Defend_G","Defend_G","Defend_G+1","Defend_G","Survivor","Neutralize","Blade Dance+1","Crippling Poison","Backflip","Footwork","Grand Finale","Acrobatics","Blade Dance+1","Leg Sweep","Storm of Steel+1","Escape Plan","Prepared","Accuracy+1","Accuracy+1","Infinite Blades","Infinite Blades+1","Phantasmal Killer+1","Cloak And Dagger+1","Blade Dance+1","Parasite","Blade Dance","Backflip+1","Blur+1"],"relics":["WristBlade","WarpedTongs","Meat on the Bone","Shovel","Blood Vial","MealTicket","Empty Cage","Bag of Preparation","Pantograph","Ninja Scroll","Regal Pillow","Akabeko","Strawberry","Pen Nib","Tiny Chest","Cursed Key","Darkstone Periapt","Boot","InkBottle","War Paint","Juzu Bracelet"],"potions_floor_usage":[7,7,14,31,33,50],"damage_taken":[{"damage":4,"enemies":"Jaw Worm","floor":1,"turns":4},{"damage":0,"enemies":"Cultist","floor":2,"turns":2},{"damage":0,"enemies":"2 Louse","floor":3,"turns":3},{"damage":0,"enemies":"Gremlin Nob","floor":7,"turns":2},{"damage":0,"enemies":"Blue Slaver","floor":8,"turns":2},{"damage":19,"enemies":"3 Sentries","floor":10,"turns":7},{"damage":3,"enemies":"2 Fungi Beasts","floor":11,"turns":3},{"damage":3,"enemies":"Red Slaver","floor":12,"turns":6},{"damage":28,"enemies":"Gremlin Nob","floor":13,"turns":4},{"damage":0,"enemies":"Gremlin Gang","floor":14,"turns":3},{"damage":4,"enemies":"The Guardian","floor":16,"turns":15},{"damage":4,"enemies":"2 Thieves","floor":18,"turns":3},{"damage":0,"enemies":"Chosen","floor":22,"turns":2},{"damage":15,"enemies":"Slavers","floor":24,"turns":4},{"damage":0,"enemies":"3 Cultists","floor":28,"turns":3},{"damage":10,"enemies":"Book of Stabbing","floor":30,"turns":5},{"damage":0,"enemies":"Chosen and Byrds","floor":31,"turns":4},{"damage":32,"enemies":"Automaton","floor":33,"turns":5},{"damage":0,"enemies":"3 Shapes","floor":35,"turns":1},{"damage":0,"enemies":"Orb Walker","floor":37,"turns":1},{"damage":11,"enemies":"Writhing Mass","floor":38,"turns":3},{"damage":0,"enemies":"3 Darklings","floor":39,"turns":2},{"damage":9,"enemies":"Giant Head","floor":44,"turns":3},{"damage":0,"enemies":"Spire Growth","floor":45,"turns":2},{"damage":14,"enemies":"Nemesis","floor":46,"turns":3},{"damage":0,"enemies":"Giant Head","floor":48,"turns":2},{"damage":56,"enemies":"Awakened One","floor":50,"turns":7}],"seed_played":"4580005116874168144","potions_obtained":[{"floor":2,"key":"DistilledChaos"},{"floor":3,"key":"BlessingOfTheForge"},{"floor":10,"key":"Explosive Potion"},{"floor":13,"key":"SpeedPotion"},{"floor":16,"key":"ColorlessPotion"},{"floor":22,"key":"SmokeBomb"},{"floor":30,"key":"Block Potion"},{"floor":31,"key":"SteroidPotion"},{"floor":33,"key":"AttackPotion"},{"floor":37,"key":"GhostInAJar"},{"floor":39,"key":"DuplicationPotion"},{"floor":45,"key":"LiquidBronze"}],"is_trial":false,"path_per_floor":["M","M","M","?","$","R","E","M","T","E","M","M","E","M","R","B",null,"M","?","$","?","M","R","E","R","T","T","M","$","E","M","R","B",null,"M","?","M","M","M","R","?","R","T","E","M","E","R","E","R","B",null],"character_chosen":"THE_SILENT","items_purchased":["Footwork","Bag of Preparation","Infinite Blades"],"campfire_rested":0,"item_purchase_floors":[5,20,29],"current_hp_per_floor":[66,66,66,66,66,66,66,66,66,47,44,41,25,39,39,37,70,66,66,70,70,70,70,55,55,55,62,64,77,67,69,69,45,77,77,87,87,76,78,78,78,78,84,77,79,67,67,69,69,49],"gold":410,"neow_bonus":"BOSS_RELIC","is_prod":false,"is_daily":false,"chose_seed":false,"campfire_upgraded":5,"win_rate":0,"timestamp":1607592402,"path_taken":["M","M","M","?","$","R","E","M","T","E","M","M","E","M","R","BOSS","M","?","$","?","M","R","E","R","T","?","M","$","E","M","R","BOSS","M","?","M","?","M","R","?","R","T","E","M","E","R","E","R","BOSS"],"build_version":"2020-11-30","purchased_purges":3,"victory":true,"max_hp_per_floor":[70,70,70,70,70,70,70,70,70,70,70,70,70,70,70,70,70,70,70,70,70,70,70,70,70,70,77,77,77,77,77,77,77,77,77,87,87,87,87,87,87,87,93,93,93,93,93,93,93,93],"card_choices":[{"not_picked":["Poisoned Stab","Backflip"],"picked":"Blade Dance","floor":1},{"not_picked":["Choke","Deadly Poison"],"picked":"Crippling Poison","floor":2},{"not_picked":["Caltrops","Riddle With Holes"],"picked":"Backflip","floor":3},{"not_picked":["Caltrops","Blade Dance"],"picked":"Grand Finale","floor":7},{"not_picked":["Underhanded Strike","Sucker Punch","Quick Slash"],"picked":"SKIP","floor":8},{"not_picked":["Deflect","Prepared"],"picked":"Grand Finale","floor":10},{"not_picked":["Dagger Spray","Tactician"],"picked":"Acrobatics","floor":11},{"not_picked":["Dagger Throw","Prepared"],"picked":"Blade Dance","floor":12},{"not_picked":["A Thousand Cuts","Dodge and Roll","Wraith Form v2"],"picked":"SKIP","floor":13},{"not_picked":["Bane","Acrobatics"],"picked":"Leg Sweep","floor":14},{"not_picked":["Grand Finale","Night Terror"],"picked":"Storm of Steel","floor":16},{"not_picked":["Outmaneuver+1","Catalyst+1"],"picked":"Escape Plan","floor":18},{"not_picked":["Bane","Setup"],"picked":"Prepared","floor":22},{"not_picked":["Backflip+1","Reflex"],"picked":"Accuracy","floor":24},{"not_picked":["Dagger Throw","PiercingWail"],"picked":"Accuracy","floor":28},{"not_picked":["Dagger Throw","Catalyst"],"picked":"Infinite Blades+1","floor":30},{"not_picked":["Deadly Poison","Doppelganger","Bane"],"picked":"SKIP","floor":31},{"not_picked":["Grand Finale","Bullet Time"],"picked":"Phantasmal Killer","floor":33},{"not_picked":["Poisoned Stab","Dash+1"],"picked":"Cloak And Dagger+1","floor":35},{"not_picked":["Poisoned Stab","Sucker Punch+1","Caltrops+1"],"picked":"SKIP","floor":37},{"not_picked":["PiercingWail+1","Outmaneuver+1","Dagger Spray"],"picked":"SKIP","floor":38},{"not_picked":["PiercingWail+1","Outmaneuver+1","Dagger Spray"],"picked":"SKIP","floor":38},{"not_picked":["All Out Attack+1","Flying Knee"],"picked":"Blade Dance+1","floor":39},{"not_picked":["Sucker Punch+1","Dagger Throw+1","Night Terror"],"picked":"SKIP","floor":44},{"not_picked":["Dagger Spray","Prepared+1"],"picked":"Blade Dance","floor":45},{"not_picked":["Flying Knee+1","Infinite Blades"],"picked":"Backflip+1","floor":46},{"not_picked":["Blade Dance+1","Quick Slash"],"picked":"Blur+1","floor":48}],"player_experience":728972,"relics_obtained":[{"floor":7,"key":"Meat on the Bone"},{"floor":10,"key":"Shovel"},{"floor":13,"key":"Blood Vial"},{"floor":15,"key":"MealTicket"},{"floor":23,"key":"Pantograph"},{"floor":24,"key":"Ninja Scroll"},{"floor":25,"key":"Regal Pillow"},{"floor":26,"key":"Akabeko"},{"floor":27,"key":"Strawberry"},{"floor":30,"key":"Pen Nib"},{"floor":32,"key":"Tiny Chest"},{"floor":43,"key":"Boot"},{"floor":44,"key":"InkBottle"},{"floor":46,"key":"War Paint"},{"floor":48,"key":"Juzu Bracelet"}],"event_choices":[{"damage_healed":0,"gold_gain":0,"player_choice":"Rummage","damage_taken":0,"relics_obtained":["WarpedTongs"],"max_hp_gain":0,"max_hp_loss":0,"event_name":"Accursed Blacksmith","floor":4,"gold_loss":0,"cards_obtained":["Pain"]},{"damage_healed":0,"gold_gain":0,"player_choice":"Ignored","damage_taken":0,"max_hp_gain":0,"max_hp_loss":0,"event_name":"Ghosts","floor":19,"gold_loss":0},{"damage_healed":0,"gold_gain":0,"player_choice":"Ignored","damage_taken":0,"max_hp_gain":0,"max_hp_loss":0,"event_name":"Vampires","floor":21,"gold_loss":0},{"cards_removed":["Grand Finale"],"damage_healed":0,"gold_gain":0,"player_choice":"Offered Rare","damage_taken":0,"max_hp_gain":10,"max_hp_loss":0,"event_name":"Bonfire Elementals","floor":36,"gold_loss":0},{"damage_healed":0,"gold_gain":0,"player_choice":"Gave Potion","damage_taken":0,"relics_obtained":["Darkstone Periapt"],"max_hp_gain":0,"max_hp_loss":0,"event_name":"WeMeetAgain","floor":41,"gold_loss":0}],"is_beta":false,"boss_relics":[{"not_picked":["Runic Dome","SlaversCollar"],"picked":"Empty Cage"},{"not_picked":["Sozu","HoveringKite"],"picked":"Cursed Key"}],"items_purged_floors":[5,20,29],"is_endless":false,"potions_floor_spawned":[2,3,10,13,16,22,30,31,33,37,39,45,48],"ascension_level":3}}