{"host":"jrmqsbok61y7b34d","time":1607637236,"event":{"mods":["BaseMod","StSLib","Colored Map","Unceasing Turn Reminder","Colored Powertips","Minty Spire (QoL Compilation)","Quick Restart","Relic Stats","Emptier Cage","Permanent Neow"],"gold_per_floor":[111,128,140,156,156,156,176,206,258,258,275,45,73,22,22,22,22],"floor_reached":16,"playtime":5003,"items_purged":["Strike_B"],"score":179,"play_id":"2e7303db-5abc-46fd-afa9-4989ab727a88","local_time":"20201210215356","is_ascension_mode":true,"campfire_choices":[{"data":"Streamline","floor":6.0,"key":"SMITH"},{"floor":10.0,"key":"REST"},{"data":"Hologram","floor":15.0,"key":"SMITH"}],"circlet_count":0,"master_deck":["AscendersBane","Strike_B","Strike_B","Defend_B","Defend_B","Defend_B","Defend_B","Zap","Dualcast","Streamline+1","Rip and Tear","Steam","Amplify","Hologram+1","Glacier","Leap","Machine Learning+1"],"special_seed":0,"relics":["Black Star","Frozen Egg 2","White Beast Statue","Orichalcum","ClockworkSouvenir","Bronze Scales","Regal Pillow"],"acts_visited":["Exordium"],"potions_floor_usage":[16,16],"damage_taken":[{"damage":4.0,"enemies":"Jaw Worm","floor":1.0,"turns":4.0},{"damage":1.0,"enemies":"Cultist","floor":2.0,"turns":4.0},{"damage":8.0,"enemies":"2 Louse","floor":3.0,"turns":4.0},{"damage":8.0,"enemies":"Red Slaver","floor":4.0,"turns":3.0},{"damage":5.0,"enemies":"Exordium Thugs","floor":7.0,"turns":5.0},{"damage":30.0,"enemies":"Gremlin Nob","floor":8.0,"turns":4.0},{"damage":15.0,"enemies":"Exordium Wildlife","floor":11.0,"turns":4.0},{"damage":2.0,"enemies":"Lagavulin","floor":13.0,"turns":6.0},{"damage":19,"enemies":"Hexaghost","floor":16,"turns":9}],"seed_played":"4236835749218999057","potions_obtained":[{"floor":1.0,"key":"SpeedPotion"},{"floor":7.0,"key":"PowerPotion"},{"floor":11.0,"key":"Strength Potion"},{"floor":13.0,"key":"Swift Potion"}],"is_trial":false,"path_per_floor":["M","M","M","M","?","R","M","E","T","R","M","$","E","$","R","B"],"character_chosen":"DEFECT","items_purchased":["ClockworkSouvenir","Block Potion"],"campfire_rested":1,"item_purchase_floors":[12,14],"current_hp_per_floor":[64,63,55,47,47,47,42,12,12,34,19,19,17,17,17,0,0],"gold":22,"neow_bonus":"BOSS_RELIC","is_daily":false,"chose_seed":false,"campfire_upgraded":2,"win_rate":0,"timestamp":1607637236,"path_taken":["M","M","M","M","?","R","?","E","T","R","M","$","E","$","R","BOSS"],"build_version":"2020-11-30","purchased_purges":1,"victory":false,"max_hp_per_floor":[75,75,75,75,75,75,75,75,75,75,75,75,75,75,75,75,75],"relic_stats":{"Regal Pillow":0,"counters":[9,43],"Bronze Scales":[54],"Black Star":2,"Orichalcum":[24],"obtain_stats":[{"Regal Pillow":13,"Bronze Scales":13,"Black Star":0,"Frozen Egg 2":8,"Orichalcum":9,"Cracked Core":0,"White Beast Statue":8,"ClockworkSouvenir":12},{"Regal Pillow":8,"Bronze Scales":8,"Black Star":0,"Frozen Egg 2":6,"Orichalcum":6,"Cracked Core":0,"White Beast Statue":6,"ClockworkSouvenir":7},{"Regal Pillow":34,"Bronze Scales":34,"Black Star":0,"Frozen Egg 2":24,"Orichalcum":24,"Cracked Core":0,"White Beast Statue":24,"ClockworkSouvenir":28}]},"card_choices":[{"not_picked":["Capacitor","Steam","Barrage"],"picked":"SKIP","floor":1.0},{"not_picked":["Sweeping Beam","Scrape"],"picked":"Streamline","floor":2.0},{"not_picked":["Undo","Fusion"],"picked":"Rip and Tear","floor":3.0},{"not_picked":["Stack","Gash"],"picked":"Steam","floor":4.0},{"not_picked":["Turbo","Rebound"],"picked":"Hologram","floor":7.0},{"not_picked":["Steam Power","Conserve Battery"],"picked":"Glacier","floor":8.0},{"not_picked":["Meteor Strike","Barrage"],"picked":"Leap","floor":11.0},{"not_picked":["Reprogram","Ball Lightning"],"picked":"Machine Learning+1","floor":13.0}],"player_experience":896081,"relics_obtained":[{"floor":8.0,"key":"Frozen Egg 2"},{"floor":8.0,"key":"White Beast Statue"},{"floor":9.0,"key":"Orichalcum"},{"floor":13.0,"key":"Bronze Scales"},{"floor":13.0,"key":"Regal Pillow"}],"event_choices":[{"damage_healed":0.0,"max_hp_gain":0.0,"max_hp_loss":0.0,"gold_gain":0.0,"cards_transformed":["Strike_B"],"event_name":"Transmorgrifier","player_choice":"Transformed","floor":5.0,"gold_loss":0.0,"damage_taken":0.0,"cards_obtained":["Amplify"]}],"is_beta":false,"boss_relics":[],"items_purged_floors":[12],"is_endless":false,"potions_floor_spawned":[1,7,11,13],"killed_by":"Hexaghost","ascension_level":12}}