{"host":"87fdiiwflhrwsj8a","time":1607577610,"event":{"gold_per_floor":[119,135,135,135,153,153,188,188,257,267,267,7,18,18,18,18,18],"floor_reached":16,"playtime":337,"items_purged":[],"score":200,"play_id":"86773cc2-25a7-4549-bbb3-abc36eb2916f","local_time":"20201210002010","is_ascension_mode":true,"campfire_choices":[{"data":"Zap","floor":6,"key":"SMITH"},{"floor":8,"key":"REST"},{"floor":15,"key":"DIG"}],"neow_cost":"NONE","seed_source_timestamp":132283257590700,"circlet_count":0,"master_deck":["AscendersBane","Strike_B+1","Strike_B","Strike_B","Strike_B","Defend_B","Defend_B","Defend_B","Defend_B","Zap+1","Dualcast+1","BasicCrystalCard+1","Reinforced Body+1","Apotheosis+1","Rip and Tear+1","ReplayGash"],"relics":["Cracked Core","NeowsBlessing","Toxic Egg 2","Ice Cream","infinitespire:ShieldingShard","Ancient Tea Set","Prayer Wheel"],"potions_floor_usage":[16],"damage_taken":[{"damage":0,"enemies":"Cultist","floor":1,"turns":1},{"damage":0,"enemies":"Small Slimes","floor":2,"turns":1},{"damage":0,"enemies":"2 Louse","floor":5,"turns":1},{"damage":60,"enemies":"Lagavulin","floor":7,"turns":6},{"damage":9,"enemies":"Lots of Slimes","floor":10,"turns":3},{"damage":0,"enemies":"Looter","floor":13,"turns":3},{"damage":18,"enemies":"Hexaghost","floor":16,"turns":9}],"seed_played":"-7267490830245663836","potions_obtained":[{"floor":2,"key":"Ancient Potion"},{"floor":10,"key":"SkillPotion"}],"is_trial":false,"path_per_floor":["M","M","?","?","M","R","E","R","T","M","?","$","M","$","R_BF","B"],"character_chosen":"DEFECT","items_purchased":["Apotheosis+1","Rip and Tear+1"],"campfire_rested":1,"item_purchase_floors":[12,12],"current_hp_per_floor":[64,64,64,64,64,64,4,25,25,16,16,16,16,16,16,0,0],"gold":18,"neow_bonus":"THREE_ENEMY_KILL","is_prod":false,"is_daily":false,"chose_seed":false,"campfire_upgraded":1,"win_rate":0,"timestamp":1607577610,"path_taken":["M","?","?","?","M","R","E","R","T","M","?","$","?","$","R_BF","BOSS"],"build_version":"2020-11-30","purchased_purges":0,"victory":false,"max_hp_per_floor":[71,71,71,71,71,71,71,71,71,71,71,71,71,71,71,71,71],"card_choices":[{"not_picked":["StuffTheSpire:Plugnplay","Panic Button","Hologram"],"picked":"SKIP","floor":1},{"not_picked":["Panic Button","Storm","Fusion"],"picked":"SKIP","floor":2},{"not_picked":["Compile Driver","Ball Lightning","StuffTheSpire:NuclearReactor+1"],"picked":"SKIP","floor":5},{"not_picked":["Barrage","Beam Cell"],"picked":"BasicCrystalCard+1","floor":7},{"not_picked":["Panic Button+1","BootSequence+1"],"picked":"Reinforced Body+1","floor":10},{"not_picked":["Compile Driver","BootSequence+1"],"picked":"ReplayGash","floor":13}],"player_experience":2518096,"relics_obtained":[{"floor":3,"key":"Toxic Egg 2"},{"floor":7,"key":"Ice Cream"},{"floor":9,"key":"infinitespire:ShieldingShard"},{"floor":15,"key":"Ancient Tea Set"}],"event_choices":[{"damage_healed":0,"gold_gain":0,"player_choice":"Grow","damage_taken":0,"max_hp_gain":0,"max_hp_loss":0,"event_name":"Living Wall","floor":4,"gold_loss":0,"cards_upgraded":["Dualcast"]},{"damage_healed":0,"gold_gain":0,"player_choice":"Upgraded","damage_taken":0,"max_hp_gain":0,"max_hp_loss":0,"event_name":"Upgrade Shrine","floor":11,"gold_loss":0,"cards_upgraded":["Strike_B"]}],"is_beta":false,"boss_relics":[],"items_purged_floors":[],"is_endless":false,"potions_floor_spawned":[2,10,13],"killed_by":"Hexaghost","ascension_level":20}}