{"host":"vkn5295jy2rrqx8j","time":1607604785,"event":{"gold_per_floor":[117,117,127,0,11,27,27,39,66,66,80,112,112,112,112,112,112],"floor_reached":16,"playtime":423,"items_purged":["Strike_G"],"score":254,"play_id":"43b2cd1b-25e3-4e47-aafd-65ece583c572","local_time":"20201210215305","is_ascension_mode":true,"campfire_choices":[{"data":"Malaise","floor":7,"key":"SMITH"},{"floor":10,"key":"REST"},{"floor":13,"key":"REST"},{"data":"Phantasmal Killer","floor":15,"key":"SMITH"}],"neow_cost":"PERCENT_DAMAGE","seed_source_timestamp":12474364110400,"circlet_count":0,"master_deck":["AscendersBane","Strike_G","Strike_G","Strike_G","Defend_G","Defend_G","Defend_G","Defend_G","Survivor","Neutralize","Malaise+1","Deflect","Masterful Stab","Underhanded Strike","Blade Dance","Blade Dance","Tactician","Well Laid Plans","Burst","Reflex","Expertise","Finisher","Phantasmal Killer+1"],"relics":["Ring of the Snake","Dream Catcher","Anchor"],"potions_floor_usage":[12,16],"damage_taken":[{"damage":0,"enemies":"Jaw Worm","floor":1,"turns":5},{"damage":0,"enemies":"Cultist","floor":3,"turns":3},{"damage":0,"enemies":"2 Louse","floor":5,"turns":2},{"damage":3,"enemies":"Red Slaver","floor":6,"turns":4},{"damage":23,"enemies":"Exordium Thugs","floor":8,"turns":6},{"damage":1,"enemies":"Looter","floor":11,"turns":4},{"damage":0,"enemies":"Gremlin Nob","floor":12,"turns":2},{"damage":62,"enemies":"Slime Boss","floor":16,"turns":7}],"seed_played":"4259192278461316338","potions_obtained":[{"floor":3,"key":"SpeedPotion"},{"floor":8,"key":"SteroidPotion"}],"is_trial":false,"path_per_floor":["M","?","M","$","M","M","R","M","T","R","M","E","R","?","R","B"],"character_chosen":"THE_SILENT","items_purchased":["Blade Dance"],"campfire_rested":2,"item_purchase_floors":[4],"current_hp_per_floor":[44,44,44,44,44,41,41,18,18,37,36,36,55,55,55,0,0],"gold":112,"neow_bonus":"THREE_RARE_CARDS","is_prod":false,"is_daily":false,"chose_seed":false,"campfire_upgraded":2,"win_rate":0,"timestamp":1607604785,"path_taken":["M","?","M","$","M","M","R","M","T","R","M","E","R","?","R","BOSS"],"build_version":"2020-11-30","purchased_purges":1,"victory":false,"max_hp_per_floor":[66,66,66,66,66,66,66,66,66,66,66,66,66,66,66,66,66],"card_choices":[{"not_picked":["A Thousand Cuts","Unload"],"picked":"Malaise","floor":0},{"not_picked":["Tactician","Distraction"],"picked":"Deflect","floor":1},{"not_picked":["Quick Slash","Dodge and Roll"],"picked":"Underhanded Strike","floor":3},{"not_picked":["Bouncing Flask","Bane"],"picked":"Blade Dance","floor":5},{"not_picked":["Slice","Bane"],"picked":"Tactician","floor":6},{"not_picked":["Sucker Punch","Leg Sweep"],"picked":"Well Laid Plans","floor":8},{"not_picked":["Dagger Throw","Backstab"],"picked":"Burst","floor":10},{"not_picked":["All Out Attack","Cloak And Dagger"],"picked":"Reflex","floor":11},{"not_picked":["Bane","Deflect"],"picked":"Expertise","floor":12},{"not_picked":["Quick Slash","Dodge and Roll"],"picked":"Finisher","floor":13}],"player_experience":776312,"relics_obtained":[{"floor":9,"key":"Dream Catcher"},{"floor":12,"key":"Anchor"}],"event_choices":[{"damage_healed":0,"gold_gain":0,"cards_transformed":["Defend_G"],"player_choice":"Change","damage_taken":0,"max_hp_gain":0,"max_hp_loss":0,"event_name":"Living Wall","floor":2,"gold_loss":0,"cards_obtained":["Masterful Stab"]},{"damage_healed":0,"gold_gain":0,"cards_transformed":["Strike_G"],"player_choice":"Transformed","damage_taken":0,"max_hp_gain":0,"max_hp_loss":0,"event_name":"Transmorgrifier","floor":14,"gold_loss":0,"cards_obtained":["Phantasmal Killer"]}],"is_beta":false,"boss_relics":[],"items_purged_floors":[4],"is_endless":false,"potions_floor_spawned":[3,8,11],"killed_by":"Slime Boss","ascension_level":20}}