{"host":"g4jqqbmo30rq7cal","time":1607589668,"event":{"gold_per_floor":[111,127,161,180,50,50,61,78,78,78,153,165,191,208,208,307,307,325,340,110,123,137,137,147,147,171,189,205,205,216,23,23,118,118,132,146,146,156,166,166,183,196,251,251,264,264,297,17,17,17,17],"floor_reached":50,"playtime":2731,"items_purged":[],"score":609,"play_id":"1f7a43cb-dd6d-40b3-8c88-7e37ab4d050c","local_time":"20201210134108","is_ascension_mode":false,"campfire_choices":[{"data":"EpicFetus","floor":6,"key":"SMITH"},{"floor":15,"key":"REST"},{"floor":23,"key":"REST"},{"floor":32,"key":"REST"},{"floor":40,"key":"RECALL"},{"floor":46,"key":"REST"},{"floor":49,"key":"REST"}],"neow_cost":"NONE","seed_source_timestamp":79622276791600,"circlet_count":0,"master_deck":["HollowMod:NailStrikeStart+1","HollowMod:NailStrikeStart+1","HollowMod:NailStrikeStart+1","HollowMod:NailStrikeStart+1","HollowMod:QuickDashStart+1","HollowMod:QuickDashStart+1","HollowMod:QuickDashStart+1","HollowMod:QuickDashStart+1","HollowMod:FocusHealStart","HollowMod:PogoStrike","EpicFetus+1","HollowMod:DoubleDash","HollowMod:CycloneSlash","HollowMod:DoubleDash","HollowMod:CloakDash","HollowMod:RecoilStrike","HollowMod:DoubleDash","HollowMod:SoulStrike","HollowMod:SiblingsSouls","HollowMod:DashSlash","HollowMod:Weaversong","HollowMod:SoulStrike","HollowMod:MantisMark","conspire:Banana","HollowMod:ChannelNail+1","HollowMod:DashSlash","HollowMod:SharpenedNail+1","HollowMod:DashSlash","HollowMod:DashSlash+1","HollowMod:Hiveblood","HollowMod:DoubleDash","HollowMod:SoulStrike+1","HollowMod:GoodIntentions+1","HollowMod:HowlingWraiths","Parasite","HollowMod:HowlingWraiths+1","Writhe","HollowMod:Weaversong","HollowMod:SiblingsSouls","HollowMod:SiblingsSouls+1","HollowMod:SharpenedNail+1"],"relics":["HollowMod:VesselMask","HushsDoor","PillsDrop","SatanicBible","D6","MagicMushroom","Bag of Marbles","Dream Catcher","Gambling Chip","TheAbacus","Philosopher\u0027s Stone","GuppysHead","Bronze Scales","Art of War","Vajra"],"potions_floor_usage":[3,13,14,16,16,28,33,33,33,39,45,47,47,47,50,50],"damage_taken":[{"damage":4,"enemies":"2 Louse","floor":1,"turns":4},{"damage":0,"enemies":"Jaw Worm","floor":2,"turns":7},{"damage":10,"enemies":"conspire:MimicChest","floor":3,"turns":3},{"damage":0,"enemies":"Small Slimes","floor":4,"turns":4},{"damage":0,"enemies":"Looter","floor":7,"turns":4},{"damage":2,"enemies":"Large Slime","floor":8,"turns":5},{"damage":0,"enemies":"2 Fungi Beasts","floor":12,"turns":2},{"damage":12,"enemies":"Gremlin Nob","floor":13,"turns":4},{"damage":8,"enemies":"Gremlin Gang","floor":14,"turns":7},{"damage":40,"enemies":"The Guardian","floor":16,"turns":12},{"damage":20,"enemies":"3 Byrds","floor":18,"turns":3},{"damage":9,"enemies":"Shell Parasite","floor":19,"turns":5},{"damage":25,"enemies":"Snake Plant","floor":21,"turns":5},{"damage":10,"enemies":"Snecko","floor":22,"turns":5},{"damage":15,"enemies":"conspire:HollyBat","floor":24,"turns":9},{"damage":5,"enemies":"Cultist and Chosen","floor":27,"turns":6},{"damage":7,"enemies":"Shelled Parasite and Fungi","floor":28,"turns":4},{"damage":12,"enemies":"Snecko","floor":30,"turns":5},{"damage":0,"enemies":"HollowMod:NKGrimm","floor":33,"turns":9},{"damage":0,"enemies":"3 Darklings","floor":35,"turns":2},{"damage":0,"enemies":"Orb Walker","floor":36,"turns":2},{"damage":25,"enemies":"4 Shapes","floor":38,"turns":4},{"damage":28,"enemies":"Sphere and 2 Shapes","floor":39,"turns":4},{"damage":18,"enemies":"3 Darklings","floor":41,"turns":4},{"damage":0,"enemies":"Writhing Mass","floor":42,"turns":4},{"damage":32,"enemies":"Maw","floor":45,"turns":7},{"damage":42,"enemies":"Reptomancer","floor":47,"turns":5},{"damage":35,"enemies":"Awakened One","floor":50,"turns":2}],"seed_played":"3906821175096118783","potions_obtained":[{"floor":2,"key":"AttackPotion"},{"floor":7,"key":"LiquidBronze"},{"floor":8,"key":"GamblersBrew"},{"floor":13,"key":"FearPotion"},{"floor":14,"key":"LiquidMemories"},{"floor":19,"key":"Weak Potion"},{"floor":21,"key":"Strength Potion"},{"floor":27,"key":"SkillPotion"},{"floor":28,"key":"Dexterity Potion"},{"floor":33,"key":"SteroidPotion"},{"floor":39,"key":"Strength Potion"},{"floor":41,"key":"Energy Potion"},{"floor":42,"key":"Weak Potion"},{"floor":45,"key":"conspire:TimeTravelPotion"}],"is_trial":false,"path_per_floor":["M","M","?","M","$","R","M","M","T","?","?","M","E","M","R","B",null,"M","M","$","M","M","R","M","?","T","M","M","T","M","$","R","B",null,"M","M","?","M","M","R","M","M","T","?","M","R","E","$","R","B"],"character_chosen":"THE_BUGKNIGHT","items_purchased":["HollowMod:CloakDash","HollowMod:RecoilStrike","conspire:Banana","Bag of Marbles","Energy Potion","TheAbacus","GuppysHead","Vajra","Fire Potion","DuplicationPotion"],"campfire_rested":5,"item_purchase_floors":[5,5,20,20,31,31,34,48,48,48],"current_hp_per_floor":[78,82,72,72,72,72,72,70,70,70,59,59,47,39,62,28,84,67,59,59,36,28,54,41,41,41,38,33,33,23,23,49,51,79,79,83,83,64,37,37,21,23,23,42,21,44,3,3,26,0,0],"gold":17,"neow_bonus":"TEN_PERCENT_HP_BONUS","is_prod":false,"is_daily":false,"chose_seed":false,"campfire_upgraded":1,"win_rate":0,"timestamp":1607589668,"path_taken":["M","M","?","M","$","R","M","M","T","?","?","?","E","M","R","BOSS","M","M","$","M","M","R","M","?","T","M","M","?","M","$","R","BOSS","M","M","?","M","M","R","M","M","T","?","M","R","E","?","R","BOSS"],"build_version":"2020-11-30","purchased_purges":0,"victory":false,"max_hp_per_floor":[82,82,82,77,77,77,77,77,77,77,77,77,77,77,77,77,84,87,87,87,88,89,89,90,90,90,91,92,92,88,88,88,89,79,79,83,83,84,84,84,80,76,76,76,77,77,77,77,77,77,77],"card_choices":[{"not_picked":[],"picked":"EpicFetus","floor":0},{"not_picked":["HollowMod:SharpenedNail","HollowMod:NewLittleFool"],"picked":"HollowMod:DoubleDash","floor":1},{"not_picked":["HollowMod:CornifersMapStart","HollowMod:DescendingDark"],"picked":"Bomb","floor":2},{"not_picked":["HollowMod:PureVessel","HollowMod:GrimmsGift"],"picked":"HollowMod:CycloneSlash","floor":3},{"not_picked":["HollowMod:SharpenedShadows","HollowMod:NewJinnsSoul"],"picked":"HollowMod:DoubleDash","floor":4},{"not_picked":["HollowMod:ChannelNail","HollowMod:ShadowDash"],"picked":"HollowMod:DoubleDash","floor":7},{"not_picked":["HollowMod:DescendingDark","HollowMod:PureVessel"],"picked":"HollowMod:SoulStrike","floor":8},{"not_picked":["HollowMod:CycloneSlash","HollowMod:SoulShaman"],"picked":"HollowMod:SiblingsSouls","floor":12},{"not_picked":["HollowMod:NewJinnsSoul","HollowMod:CornifersMapStart","HollowMod:SoulShaman"],"picked":"SKIP","floor":13},{"not_picked":["HollowMod:ChannelNail","HollowMod:HornetsHelp"],"picked":"HollowMod:DashSlash","floor":14},{"not_picked":["HollowMod:VoidDash","HollowMod:Hiveblood"],"picked":"HollowMod:Weaversong","floor":16},{"not_picked":["HollowMod:NewLittleFool","HollowMod:MawleksShell"],"picked":"HollowMod:SoulStrike","floor":18},{"not_picked":["HollowMod:SharpenedShadows","HollowMod:SoulSplash"],"picked":"HollowMod:MantisMark","floor":19},{"not_picked":["HollowMod:BlackTendrils","HollowMod:FastStrike"],"picked":"HollowMod:ChannelNail+1","floor":21},{"not_picked":["HollowMod:MonarchWings","HollowMod:SharpenedNail"],"picked":"HollowMod:DashSlash","floor":22},{"not_picked":["HollowMod:NewLittleFool","HollowMod:SoulShaman"],"picked":"HollowMod:LifebloodCocoon","floor":24},{"not_picked":["HollowMod:NewLittleFool","HollowMod:DesolateDive"],"picked":"HollowMod:SharpenedNail+1","floor":27},{"not_picked":["HollowMod:SoulStrike","HollowMod:SoulEater","HollowMod:NewLittleFool"],"picked":"SKIP","floor":28},{"not_picked":["HollowMod:HuntersJournal","HollowMod:CoiledNail+1"],"picked":"HollowMod:DashSlash","floor":30},{"not_picked":["HollowMod:InfectedCysts","HollowMod:CornifersMapStart"],"picked":"HollowMod:DashSlash+1","floor":32},{"not_picked":["HollowMod:SoulMaster","HollowMod:PureVessel"],"picked":"HollowMod:Hiveblood","floor":33},{"not_picked":["HollowMod:SharpenedShadows+1","HollowMod:NewLittleFool+1"],"picked":"HollowMod:DoubleDash","floor":35},{"not_picked":["HollowMod:InfectedCysts","HollowMod:RadiancesLament","HollowMod:InfectedAttack"],"picked":"SKIP","floor":36},{"not_picked":["HollowMod:InfectedCysts","HollowMod:DescendingDark"],"picked":"HollowMod:SoulStrike+1","floor":38},{"not_picked":["HollowMod:MonomonsArchive","HollowMod:RadiancesLament"],"picked":"HollowMod:GoodIntentions+1","floor":39},{"not_picked":["HollowMod:DescendingDark+1","HollowMod:SoulEater+1"],"picked":"HollowMod:HowlingWraiths","floor":41},{"not_picked":["HollowMod:NewGlowingWomb+1","HollowMod:InfectionAssault"],"picked":"HollowMod:HowlingWraiths+1","floor":42},{"not_picked":["HollowMod:FallenFury+1","HollowMod:InfectedAttack+1"],"picked":"HollowMod:Weaversong","floor":45},{"not_picked":["HollowMod:Grubsong+1","HollowMod:HeavyBlow+1"],"picked":"HollowMod:SiblingsSouls","floor":46},{"not_picked":["HollowMod:MonomonsArchive","HollowMod:MonarchWings"],"picked":"HollowMod:SiblingsSouls+1","floor":47},{"not_picked":["HollowMod:SoulSplash","HollowMod:MonomonsArchive+1"],"picked":"HollowMod:SharpenedNail+1","floor":49}],"player_experience":271402,"relics_obtained":[{"floor":3,"key":"SatanicBible"},{"floor":13,"key":"D6"},{"floor":26,"key":"Dream Catcher"},{"floor":29,"key":"Gambling Chip"},{"floor":43,"key":"Bronze Scales"},{"floor":47,"key":"Art of War"}],"event_choices":[{"damage_healed":0,"gold_gain":75,"player_choice":"Gather Gold","damage_taken":11,"max_hp_gain":0,"max_hp_loss":0,"event_name":"World of Goop","floor":11,"gold_loss":0},{"damage_healed":0,"gold_gain":0,"player_choice":"Simplicity","damage_taken":0,"max_hp_gain":0,"max_hp_loss":0,"event_name":"Back to Basics","floor":25,"gold_loss":0,"cards_upgraded":["HollowMod:NailStrikeStart","HollowMod:NailStrikeStart","HollowMod:NailStrikeStart","HollowMod:NailStrikeStart","HollowMod:QuickDashStart","HollowMod:QuickDashStart","HollowMod:QuickDashStart","HollowMod:QuickDashStart"]},{"cards_removed":["HollowMod:LifebloodCocoon"],"damage_healed":0,"gold_gain":0,"player_choice":"Removed Skill","damage_taken":0,"max_hp_gain":0,"max_hp_loss":0,"event_name":"Falling","floor":37,"gold_loss":0},{"damage_healed":19,"gold_gain":0,"player_choice":"Writhe","damage_taken":0,"max_hp_gain":0,"max_hp_loss":0,"event_name":"Winding Halls","floor":44,"gold_loss":0,"cards_obtained":["Writhe"]}],"is_beta":false,"boss_relics":[{"not_picked":["conspire:RunicOctahedron","Empty Cage"],"picked":"MagicMushroom"},{"not_picked":[]},{"not_picked":["Pandora\u0027s Box","Busted Crown"],"picked":"Philosopher\u0027s Stone"},{"not_picked":[]}],"items_purged_floors":[],"is_endless":false,"potions_floor_spawned":[2,7,8,13,14,19,21,27,28,33,39,41,42,45],"killed_by":"Awakened One","ascension_level":0}}