{"host":"9vecvdjkx64cw9bo","time":1607610526,"event":{"mods":["BaseMod","StSLib","Custom Start","SuperFastMode","Keyboard Shortcuts","Minty Spire (QoL Compilation)","Quick Restart"],"gold_per_floor":[368,4,4,154,46,46,46,46,72,9,69,80,80,99,99,176,176,193,193,193,193,118,118,168,83,129,129,149,165,165,165],"floor_reached":30,"playtime":484,"items_purged":["Strike_B","Doubt","Strike_B"],"score":424,"play_id":"c11e0040-ce2c-4b60-a77f-290722e26cdc","local_time":"20201210232846","is_ascension_mode":true,"campfire_choices":[{"data":"Zap","floor":6.0,"key":"SMITH"},{"data":"Chaos","floor":8.0,"key":"SMITH"},{"data":"Go for the Eyes","floor":13.0,"key":"SMITH"},{"data":"Blizzard","floor":15.0,"key":"SMITH"},{"data":"Coolheaded","floor":23.0,"key":"SMITH"},{"data":"Glacier","floor":27,"key":"SMITH"}],"circlet_count":0,"master_deck":["AscendersBane","Strike_B+1","Defend_B","Defend_B","Defend_B","Defend_B","Zap+1","Dualcast","Flash of Steel","Go for the Eyes+1","Chaos+1","Blizzard+1","Glacier+1","Loop","Core Surge","BootSequence","Chaos+1","Coolheaded+1","Self Repair"],"special_seed":0,"relics":["Cracked Core","Membership Card","Art of War","Akabeko","Juzu Bracelet","SlaversCollar","Potion Belt","Happy Flower"],"acts_visited":["Exordium","TheCity"],"potions_floor_usage":[],"damage_taken":[{"damage":9.0,"enemies":"Jaw Worm","floor":1.0,"turns":4.0},{"damage":12.0,"enemies":"Gremlin Nob","floor":11.0,"turns":3.0},{"damage":0.0,"enemies":"Small Slimes","floor":12.0,"turns":2.0},{"damage":2.0,"enemies":"2 Louse","floor":14.0,"turns":3.0},{"damage":1.0,"enemies":"Slime Boss","floor":16.0,"turns":8.0},{"damage":21.0,"enemies":"2 Thieves","floor":18.0,"turns":4.0},{"damage":24,"enemies":"3 Byrds","floor":28,"turns":5},{"damage":6,"enemies":"Centurion and Healer","floor":29,"turns":8},{"damage":17,"enemies":"Slavers","floor":30,"turns":1}],"seed_played":"6018711888220641371","potions_obtained":[{"floor":11.0,"key":"FocusPotion"},{"floor":12.0,"key":"Block Potion"},{"floor":16.0,"key":"FearPotion"},{"floor":29,"key":"FearPotion"}],"is_trial":false,"path_per_floor":["M","$","?","?","$","R","?","R","T","$","?","M","R","M","R","B",null,"M","?","?","?","?","R","?","?","T","R","M","M","E"],"character_chosen":"DEFECT","items_purchased":["Membership Card","Flash of Steel","Go for the Eyes","Art of War","Chaos","Blizzard"],"campfire_rested":0,"item_purchase_floors":[2,2,2,2,5,5],"current_hp_per_floor":[37,37,16,16,16,16,21,21,21,21,9,9,9,7,7,6,59,38,38,38,38,38,38,38,38,38,38,14,15,0,0],"gold":165,"neow_bonus":"TWO_FIFTY_GOLD","is_daily":false,"chose_seed":false,"campfire_upgraded":6,"win_rate":0,"timestamp":1607610526,"path_taken":["M","$","?","?","$","R","?","R","T","$","?","M","R","M","R","BOSS","M","?","?","?","?","R","?","?","T","R","M","M","E"],"build_version":"2020-11-30","purchased_purges":3,"victory":false,"max_hp_per_floor":[71,71,71,71,71,71,76,76,76,76,76,76,76,76,76,76,76,76,76,76,76,76,76,76,76,76,76,76,76,76,76],"card_choices":[{"not_picked":["Barrage","Storm","Steam"],"picked":"SKIP","floor":1.0},{"not_picked":["Sweeping Beam","Redo"],"picked":"Glacier","floor":12.0},{"not_picked":["Redo","White Noise"],"picked":"Loop","floor":14.0},{"not_picked":["Creative AI","Machine Learning"],"picked":"Core Surge","floor":16.0},{"not_picked":["Hologram","Compile Driver"],"picked":"BootSequence","floor":18.0},{"not_picked":["Steam","Barrage"],"picked":"Self Repair","floor":28},{"not_picked":["Gash","Conserve Battery","All For One"],"picked":"SKIP","floor":29}],"player_experience":774878,"relics_obtained":[{"floor":9.0,"key":"Akabeko"},{"floor":26,"key":"Happy Flower"}],"event_choices":[{"damage_healed":0.0,"max_hp_gain":0.0,"max_hp_loss":0.0,"gold_gain":0.0,"event_name":"Shining Light","player_choice":"Entered Light","floor":3.0,"gold_loss":0.0,"damage_taken":21.0,"cards_upgraded":["Strike_B","Strike_B"]},{"damage_healed":0.0,"max_hp_gain":0.0,"max_hp_loss":0.0,"gold_gain":150.0,"event_name":"Liars Game","player_choice":"AGREE","floor":4.0,"gold_loss":0.0,"damage_taken":0.0,"cards_obtained":["Doubt"]},{"damage_healed":0.0,"max_hp_gain":5.0,"max_hp_loss":0.0,"gold_gain":0.0,"event_name":"Big Fish","player_choice":"Donut","floor":7.0,"gold_loss":0.0,"damage_taken":0.0},{"damage_healed":0.0,"max_hp_gain":0.0,"max_hp_loss":0.0,"gold_gain":0.0,"event_name":"Dead Adventurer","player_choice":"Searched \u00272\u0027 times","floor":11.0,"gold_loss":0.0,"damage_taken":0.0,"relics_obtained":["Juzu Bracelet"]},{"damage_healed":0.0,"max_hp_gain":0.0,"max_hp_loss":0.0,"gold_gain":0.0,"event_name":"N\u0027loth","player_choice":"Ignored","floor":19.0,"gold_loss":0.0,"damage_taken":0.0},{"damage_healed":0.0,"max_hp_gain":0.0,"max_hp_loss":0.0,"gold_gain":0.0,"event_name":"Duplicator","player_choice":"Copied","floor":20.0,"gold_loss":0.0,"damage_taken":0.0,"cards_obtained":["Chaos"]},{"damage_healed":0.0,"max_hp_gain":0.0,"max_hp_loss":0.0,"gold_gain":0.0,"event_name":"The Library","player_choice":"Read","floor":21.0,"gold_loss":0.0,"damage_taken":0.0,"cards_obtained":["Coolheaded"]},{"cards_removed":["Strike_B"],"damage_healed":0.0,"max_hp_gain":0.0,"max_hp_loss":0.0,"gold_gain":0.0,"event_name":"Beggar","player_choice":"Gave Gold","floor":22.0,"gold_loss":75.0,"damage_taken":0.0},{"damage_healed":0,"gold_gain":100,"player_choice":"Bet on Murderer","damage_taken":0,"max_hp_gain":0,"max_hp_loss":0,"event_name":"The Joust","floor":24,"gold_loss":50},{"damage_healed":0,"gold_gain":0,"player_choice":"Obtained Relic","damage_taken":0,"relics_obtained":["Potion Belt"],"max_hp_gain":0,"max_hp_loss":0,"event_name":"Addict","floor":25,"gold_loss":85}],"is_beta":false,"boss_relics":[{"not_picked":["Coffee Dripper","Calling Bell"],"picked":"SlaversCollar"}],"items_purged_floors":[2,5,10],"is_endless":false,"potions_floor_spawned":[11,12,16,29],"killed_by":"Slavers","ascension_level":20}}