{"host":"1c52r9kaxdyo25eq","time":1607634582,"event":{"mods":["BaseMod","AchievementEnabler","Minty Spire (QoL Compilation)","Rare Cards Sparkle","SuperFastMode","everything is the same but u backflip on backflip"],"gold_per_floor":[116,116,135,135,154,154,79,109,161,174,174,193,212,224,224,295,295,313,273,284,71,88,88,88,88],"floor_reached":24,"playtime":532,"items_purged":["Defend_P"],"score":405,"play_id":"28245798-6c72-4a74-878f-3f4c61c84e90","local_time":"20201211060942","is_ascension_mode":true,"campfire_choices":[{"floor":6.0,"key":"REST"},{"floor":11.0,"key":"REST"},{"floor":15.0,"key":"REST"},{"floor":23,"key":"REST"}],"circlet_count":0,"master_deck":["AscendersBane","Strike_P","Strike_P","Strike_P","Defend_P+1","Defend_P","Eruption+1","Vigilance","InnerPeace","MentalFortress","Vault"],"special_seed":0,"relics":["PureWater","NeowsBlessing","Regal Pillow","Smiling Mask","SacredBark","Membership Card"],"acts_visited":["Exordium","TheCity"],"potions_floor_usage":[20,22],"damage_taken":[{"damage":0.0,"enemies":"Cultist","floor":1.0,"turns":1.0},{"damage":0.0,"enemies":"Small Slimes","floor":3.0,"turns":1.0},{"damage":0.0,"enemies":"Jaw Worm","floor":5.0,"turns":1.0},{"damage":45.0,"enemies":"Lagavulin","floor":8.0,"turns":6.0},{"damage":5.0,"enemies":"Exordium Wildlife","floor":10.0,"turns":7.0},{"damage":21.0,"enemies":"Lots of Slimes","floor":12.0,"turns":3.0},{"damage":28.0,"enemies":"Large Slime","floor":13.0,"turns":2.0},{"damage":2.0,"enemies":"Looter","floor":14.0,"turns":4.0},{"damage":33.0,"enemies":"The Guardian","floor":16.0,"turns":11.0},{"damage":12,"enemies":"2 Thieves","floor":18,"turns":6},{"damage":14,"enemies":"3 Byrds","floor":20,"turns":5},{"damage":22,"enemies":"Centurion and Healer","floor":22,"turns":7},{"damage":24,"enemies":"3 Cultists","floor":24,"turns":4}],"seed_played":"6774781346681294158","potions_obtained":[{"floor":3.0,"key":"ColorlessPotion"},{"floor":12.0,"key":"FairyPotion"},{"floor":14.0,"key":"CultistPotion"},{"floor":19,"key":"PowerPotion"},{"floor":19,"key":"Weak Potion"},{"floor":20,"key":"Swift Potion"},{"floor":22,"key":"GamblersBrew"}],"is_trial":false,"path_per_floor":["M","?","M","?","M","R","?","E","T","M","R","M","M","M","R","B",null,"M","?","M","$","M","R","M"],"character_chosen":"WATCHER","items_purchased":["Membership Card"],"campfire_rested":4,"item_purchase_floors":[21],"current_hp_per_floor":[61,41,41,34,34,54,54,9,9,4,39,18,20,18,53,20,56,44,44,30,30,8,43,19,19],"gold":88,"neow_bonus":"THREE_ENEMY_KILL","is_daily":false,"chose_seed":false,"campfire_upgraded":0,"win_rate":0,"timestamp":1607634582,"path_taken":["M","?","M","?","M","R","?","E","T","M","R","M","?","M","R","BOSS","M","?","M","$","M","R","M"],"build_version":"2020-11-30","purchased_purges":1,"victory":false,"max_hp_per_floor":[68,68,68,68,68,68,68,68,68,68,68,68,68,68,68,68,68,68,68,68,68,68,68,68,68],"card_choices":[{"not_picked":["Protect","ForeignInfluence","FollowUp"],"picked":"SKIP","floor":1.0},{"not_picked":["Protect","PathToVictory","SashWhip"],"picked":"SKIP","floor":3.0},{"not_picked":["JustLucky","Prostrate","Alpha"],"picked":"SKIP","floor":5.0},{"not_picked":["TalkToTheHand","FlyingSleeves","Nirvana"],"picked":"SKIP","floor":8.0},{"not_picked":["LikeWater","CarveReality"],"picked":"InnerPeace","floor":10.0},{"not_picked":["FlyingSleeves","EmptyMind","BowlingBash"],"picked":"SKIP","floor":12.0},{"not_picked":["WaveOfTheHand","FearNoEvil"],"picked":"MentalFortress","floor":13.0},{"not_picked":["JustLucky","FlyingSleeves","CutThroughFate"],"picked":"SKIP","floor":14.0},{"not_picked":["DeusExMachina","Judgement"],"picked":"Vault","floor":16.0},{"not_picked":["Prostrate","Meditate","FlurryOfBlows+1"],"picked":"SKIP","floor":18},{"not_picked":["Evaluate","Collect","DeceiveReality+1"],"picked":"SKIP","floor":20},{"not_picked":["Conclude","EmptyBody","ClearTheMind"],"picked":"SKIP","floor":22}],"player_experience":453101,"relics_obtained":[{"floor":8.0,"key":"Regal Pillow"},{"floor":9.0,"key":"Smiling Mask"}],"event_choices":[{"damage_healed":0.0,"max_hp_gain":0.0,"max_hp_loss":0.0,"gold_gain":0.0,"event_name":"Shining Light","player_choice":"Entered Light","floor":2.0,"gold_loss":0.0,"damage_taken":20.0,"cards_upgraded":["Eruption","Defend_P"]},{"cards_removed":["Strike_P"],"damage_healed":0.0,"max_hp_gain":0.0,"max_hp_loss":0.0,"gold_gain":0.0,"event_name":"Golden Wing","player_choice":"Card Removal","floor":4.0,"gold_loss":0.0,"damage_taken":7.0},{"cards_removed":["Defend_P"],"damage_healed":0.0,"max_hp_gain":0.0,"max_hp_loss":0.0,"gold_gain":0.0,"event_name":"The Cleric","player_choice":"Card Removal","floor":7.0,"gold_loss":75.0,"damage_taken":0.0},{"damage_healed":0,"gold_gain":0,"player_choice":"Bought 3 Potions","damage_taken":0,"max_hp_gain":0,"max_hp_loss":0,"event_name":"The Woman in Blue","floor":19,"gold_loss":0}],"is_beta":false,"boss_relics":[{"not_picked":["Pandora\u0027s Box","Busted Crown"],"picked":"SacredBark"}],"items_purged_floors":[21],"is_endless":false,"potions_floor_spawned":[3,12,14,20,22],"killed_by":"3 Cultists","ascension_level":16}}