{"host":"4par9lyhj7bf4dsa","time":1607562884,"event":{"gold_per_floor":[114,114,6,19,39,71,87,105,131,108,108,108,126,142,142,221,221,241,201,126,126,140,140,140,140],"floor_reached":24,"playtime":1620,"items_purged":[],"score":384,"play_id":"9013ce7b-6a6b-43a5-9b27-1d26a3dc23a1","local_time":"20201210121444","is_ascension_mode":true,"campfire_choices":[{"data":"Zap","floor":12,"key":"SMITH"},{"data":"Coolheaded","floor":15,"key":"SMITH"},{"data":"Glacier","floor":23,"key":"SMITH"}],"neow_cost":"NONE","seed_source_timestamp":244193134578700,"circlet_count":0,"master_deck":["AscendersBane","Strike_B","Strike_B","Defend_B","Defend_B","Defend_B","Defend_B","Zap+1","Dualcast","Ball Lightning","Sweeping Beam","Reinforced Body","Coolheaded","Coolheaded+1","Glacier+1","Darkness","Echo Form","Ball Lightning"],"relics":["Inserter","Pen Nib","Busted Crown"],"potions_floor_usage":[6,10,16,19,24,24],"damage_taken":[{"damage":14,"enemies":"Jaw Worm","floor":1,"turns":5},{"damage":1,"enemies":"Cultist","floor":4,"turns":3},{"damage":0,"enemies":"2 Louse","floor":5,"turns":4},{"damage":25,"enemies":"Lagavulin","floor":6,"turns":6},{"damage":13,"enemies":"Large Slime","floor":7,"turns":6},{"damage":2,"enemies":"2 Fungi Beasts","floor":8,"turns":4},{"damage":6,"enemies":"Exordium Thugs","floor":10,"turns":4},{"damage":9,"enemies":"Large Slime","floor":13,"turns":8},{"damage":4,"enemies":"Looter","floor":14,"turns":3},{"damage":36,"enemies":"The Guardian","floor":16,"turns":13},{"damage":5,"enemies":"Chosen","floor":18,"turns":4},{"damage":18,"enemies":"2 Thieves","floor":19,"turns":5},{"damage":13,"enemies":"Shelled Parasite and Fungi","floor":22,"turns":8},{"damage":35,"enemies":"Book of Stabbing","floor":24,"turns":6}],"seed_played":"-5353502233549522639","potions_obtained":[{"floor":8,"key":"ColorlessPotion"},{"floor":14,"key":"Strength Potion"},{"floor":16,"key":"Swift Potion"},{"floor":19,"key":"DuplicationPotion"}],"is_trial":false,"path_per_floor":["M","?","$","M","M","E","M","M","T","M","?","R","M","M","R","B",null,"M","M","?","?","M","R","E"],"character_chosen":"DEFECT","items_purchased":["Strength Potion","Fire Potion"],"campfire_rested":0,"item_purchase_floors":[3,3],"current_hp_per_floor":[50,50,50,49,49,24,11,9,9,3,81,81,72,68,68,32,69,64,46,46,46,33,33,0,0],"gold":140,"neow_bonus":"BOSS_RELIC","is_prod":false,"is_daily":false,"chose_seed":false,"campfire_upgraded":3,"win_rate":0,"timestamp":1607562884,"path_taken":["M","?","$","M","M","E","M","M","T","?","?","R","M","M","R","BOSS","M","M","?","?","M","R","E"],"build_version":"2020-11-30","purchased_purges":0,"victory":false,"max_hp_per_floor":[71,71,71,71,71,71,71,71,71,71,81,81,81,81,81,81,81,81,81,81,81,81,81,81,81],"relic_stats":{"Inserter":[39],"Busted Crown":6,"counters":[14,79],"Pen Nib":[3],"obtain_stats":[{"Inserter":0,"Busted Crown":17,"Pen Nib":9,"Cracked Core":0},{"Inserter":0,"Busted Crown":10,"Pen Nib":6,"Cracked Core":0},{"Inserter":0,"Busted Crown":56,"Pen Nib":28,"Cracked Core":0}]},"card_choices":[{"not_picked":["Go for the Eyes","Streamline"],"picked":"Ball Lightning","floor":1},{"not_picked":["Steam","Rebound"],"picked":"Reinforced Body","floor":4},{"not_picked":["Double Energy","Beam Cell","Conserve Battery"],"picked":"SKIP","floor":5},{"not_picked":["Hologram","Steam"],"picked":"Thunder Strike","floor":6},{"not_picked":["Stack","Auto Shields"],"picked":"Coolheaded","floor":7},{"not_picked":["Conserve Battery","Sweeping Beam","Streamline"],"picked":"SKIP","floor":8},{"not_picked":["Conserve Battery","Gash"],"picked":"Coolheaded","floor":10},{"not_picked":["All For One","Leap"],"picked":"Glacier","floor":13},{"not_picked":["BootSequence","Steam"],"picked":"Darkness","floor":14},{"not_picked":["Rainbow","Meteor Strike"],"picked":"Echo Form","floor":16},{"not_picked":[],"picked":"Ball Lightning","floor":18},{"not_picked":["Go for the Eyes"],"picked":"SKIP","floor":19},{"not_picked":["Aggregate"],"picked":"SKIP","floor":22}],"player_experience":824498,"relics_obtained":[{"floor":9,"key":"Pen Nib"}],"event_choices":[{"damage_healed":0,"gold_gain":0,"cards_transformed":["Strike_B"],"player_choice":"Transformed","damage_taken":0,"max_hp_gain":0,"max_hp_loss":0,"event_name":"Transmorgrifier","floor":2,"gold_loss":0,"cards_obtained":["Sweeping Beam"]},{"cards_removed":["Thunder Strike"],"damage_healed":68,"gold_gain":0,"player_choice":"Offered Rare","damage_taken":0,"max_hp_gain":10,"max_hp_loss":0,"event_name":"Bonfire Elementals","floor":11,"gold_loss":0},{"cards_removed":["Strike_B"],"damage_healed":0,"gold_gain":0,"player_choice":"Gave Gold","damage_taken":0,"max_hp_gain":0,"max_hp_loss":0,"event_name":"Beggar","floor":20,"gold_loss":75},{"damage_healed":0,"gold_gain":0,"player_choice":"Ignored","damage_taken":0,"max_hp_gain":0,"max_hp_loss":0,"event_name":"Vampires","floor":21,"gold_loss":0}],"is_beta":false,"boss_relics":[{"not_picked":["Runic Pyramid","SlaversCollar"],"picked":"Busted Crown"}],"items_purged_floors":[],"is_endless":false,"potions_floor_spawned":[4,8,14,16,19],"killed_by":"Book of Stabbing","ascension_level":18}}