{"host":"nyihozd9ed6bx8xr","time":1607641377,"event":{"mods":["BaseMod","StSLib","The Bug Knight","The Cursed","The Poker Player","Downfall","Hermit","Minty Spire (QoL Compilation)","Replay The Spire","The Animator"],"gold_per_floor":[116,136,52,52,65,65,79,79,79,79,79,79,114,60,60,91,91,91,91],"floor_reached":18,"playtime":1205,"items_purged":[],"score":118,"play_id":"c99cc469-92a6-4538-bed9-1f772cb77c12","local_time":"20201210180257","is_ascension_mode":false,"campfire_choices":[{"floor":6,"key":"REST"},{"floor":10,"key":"REST"},{"floor":12,"key":"DIG"},{"floor":15,"key":"REST"},{"floor":17,"key":"REST"}],"circlet_count":0,"master_deck":["hermit:Strike_Hermit","hermit:Strike_Hermit","hermit:Strike_Hermit","hermit:Strike_Hermit","hermit:Defend_Hermit","hermit:Defend_Hermit","hermit:Defend_Hermit","hermit:Defend_Hermit","hermit:Snapshot","hermit:Covet+1","hermit:LuckOfTheDraw","hermit:TrackingShot","hermit:SprayPray","hermit:Spite","hermit:Shortfuse","hermit:GoldenBullet","hermit:Enervate","hermit:LoneWolf","hermit:LoneWolf","hermit:Cheat"],"relics":["hermit:Momento","Shovel","Incense Burner","Replay:Multitool","hermit:Spyglass"],"acts_visited":["Exordium"],"potions_floor_usage":[13,16],"damage_taken":[{"damage":5,"enemies":"Cultist","floor":1,"turns":4},{"damage":5,"enemies":"2 Louse","floor":2,"turns":3},{"damage":11,"enemies":"Small Slimes","floor":5,"turns":3},{"damage":12,"enemies":"3 Louse","floor":7,"turns":2},{"damage":63,"enemies":"Gremlin Nob","floor":13,"turns":6},{"damage":32,"enemies":"HollowMod:MossKnight","floor":16,"turns":11},{"damage":56,"enemies":"Fading Forest","floor":18,"turns":9}],"seed_played":"-7785953683942446479","potions_obtained":[{"floor":7,"key":"SkillPotion"},{"floor":13,"key":"LiquidBronze"}],"is_trial":false,"path_per_floor":["M","M","$","?","M","R","M","PTL","PTL","R","T","R","E","$","R","E","R","B"],"character_chosen":"HERMIT","items_purchased":["hermit:SprayPray","hermit:Spite","hermit:LoneWolf"],"campfire_rested":4,"item_purchase_floors":[3,3,14],"current_hp_per_floor":[77,72,72,72,61,82,70,70,70,82,82,82,19,19,43,11,35,0,0],"gold":91,"neow_bonus":"TEN_PERCENT_HP_BONUS","is_daily":false,"chose_seed":false,"campfire_upgraded":0,"win_rate":0.0,"timestamp":1607641377,"path_taken":["M","?","$","?","M","R","M","PTL","PTL","R","T","R","E","$","R","E","R","BOSS"],"build_version":"2020-11-30","purchased_purges":0,"victory":false,"max_hp_per_floor":[82,82,82,82,82,82,82,82,82,82,82,82,82,82,82,82,82,82,82],"card_choices":[{"not_picked":["hermit:WideOpen","hermit:Dive"],"picked":"hermit:LuckOfTheDraw","floor":1},{"not_picked":["hermit:Shortfuse","hermit:GhostlyPresence"],"picked":"hermit:TrackingShot","floor":2},{"not_picked":["hermit:EyeOfTheStorm","hermit:SprayPray"],"picked":"hermit:Shortfuse","floor":5},{"not_picked":["hermit:LuckOfTheDraw","hermit:Manifest"],"picked":"hermit:GoldenBullet","floor":7},{"not_picked":["hermit:HoleUp","hermit:Gestalt"],"picked":"hermit:Enervate","floor":13},{"not_picked":["hermit:Snipe","hermit:HighCaliber"],"picked":"hermit:Cheat","floor":16}],"player_experience":181343,"relics_obtained":[{"floor":11,"key":"Shovel"},{"floor":12,"key":"Incense Burner"},{"floor":13,"key":"Replay:Multitool"},{"floor":16,"key":"hermit:Spyglass"}],"event_choices":[{"damage_healed":0,"gold_gain":0,"player_choice":"Upgraded","damage_taken":0,"max_hp_gain":0,"max_hp_loss":0,"event_name":"Upgrade Shrine","floor":4,"gold_loss":0,"cards_upgraded":["hermit:Covet"]}],"is_beta":false,"boss_relics":[],"items_purged_floors":[],"is_endless":false,"potions_floor_spawned":[7,13],"killed_by":"Fading Forest","ascension_level":0}}