{"host":"ea1gz0s8chhg5p89","time":1607579161,"event":{"gold_per_floor":[117,15,33,33,33,33,61,74,74,87,87,87,87,87,87,87,87],"floor_reached":16,"playtime":394,"items_purged":["Doubt"],"score":108,"play_id":"294e7959-9c35-4309-b293-106ffcc7efb8","local_time":"20201210134601","is_ascension_mode":false,"campfire_choices":[{"data":"PropBag","floor":6,"key":"SMITH"},{"data":"DeepEcoloBomb","floor":11,"key":"SMITH"},{"floor":15,"key":"REST"}],"neow_cost":"CURSE","seed_source_timestamp":3251569194400,"circlet_count":0,"master_deck":["Strike_MRS","Strike_MRS","Strike_MRS","Defend_MRS","Defend_MRS","Defend_MRS","Defend_MRS","MasterSpark","UpSweep","SatelliteIllusion","Acceleration","MilkyWay","PropBag+1","CollectingQuirk","Regret","Singularity","DeepEcoloBomb+1","DeepEcoloBomb"],"relics":["MiniHakkero","Du-Vu Doll","Girya","HandmadeGrimoire","MagicBroom","Mummified Hand"],"potions_floor_usage":[12,16],"damage_taken":[{"damage":6,"enemies":"Jaw Worm","floor":1,"turns":3},{"damage":0,"enemies":"2 Louse","floor":3,"turns":3},{"damage":29,"enemies":"Lagavulin","floor":7,"turns":7},{"damage":2,"enemies":"Small Slimes","floor":8,"turns":3},{"damage":12,"enemies":"Looter","floor":10,"turns":3},{"damage":25,"enemies":"3 Sentries","floor":12,"turns":4},{"damage":31,"enemies":"Slime Boss","floor":16,"turns":3}],"seed_played":"2056824077744321709","potions_obtained":[{"floor":1,"key":"ShroomBrew"},{"floor":7,"key":"Weak Potion"}],"is_trial":false,"path_per_floor":["M","$","M","?","?","R","E","M","T","M","R","E","?","T","R","B"],"character_chosen":"MARISA","items_purchased":["MilkyWay"],"campfire_rested":1,"item_purchase_floors":[2],"current_hp_per_floor":[69,69,69,69,69,69,40,38,38,26,26,1,1,1,23,0,0],"gold":87,"neow_bonus":"THREE_RARE_CARDS","is_prod":false,"is_daily":false,"chose_seed":false,"campfire_upgraded":2,"win_rate":0,"timestamp":1607579161,"path_taken":["M","$","M","?","?","R","E","M","T","M","R","E","?","?","R","BOSS"],"build_version":"2020-11-30","purchased_purges":1,"victory":false,"max_hp_per_floor":[75,75,75,75,75,75,75,75,75,75,75,75,75,75,75,75,75],"card_choices":[{"not_picked":["AbsoluteMagnitude","EscapeVelocity"],"picked":"SatelliteIllusion","floor":0},{"not_picked":["AsteroidBelt","UnstableBomb"],"picked":"Acceleration","floor":1},{"not_picked":["Occultation","GrandCross"],"picked":"PropBag","floor":3},{"not_picked":["SporeBomb","DoubleSpark"],"picked":"Singularity","floor":7},{"not_picked":["DC","MysteriousBeam"],"picked":"DeepEcoloBomb","floor":8},{"not_picked":["JA","Acceleration"],"picked":"DeepEcoloBomb","floor":10}],"player_experience":448845,"relics_obtained":[{"floor":7,"key":"Girya"},{"floor":9,"key":"HandmadeGrimoire"},{"floor":14,"key":"MagicBroom"}],"event_choices":[{"damage_healed":0,"gold_gain":0,"cards_transformed":["Strike_MRS"],"player_choice":"Change","damage_taken":0,"max_hp_gain":0,"max_hp_loss":0,"event_name":"Living Wall","floor":4,"gold_loss":0,"cards_obtained":["CollectingQuirk"]},{"damage_healed":0,"gold_gain":0,"player_choice":"Box","damage_taken":0,"relics_obtained":["Du-Vu Doll"],"max_hp_gain":0,"max_hp_loss":0,"event_name":"Big Fish","floor":5,"gold_loss":0,"cards_obtained":["Regret"]},{"damage_healed":0,"gold_gain":0,"player_choice":"Fled","damage_taken":0,"max_hp_gain":0,"max_hp_loss":0,"event_name":"Scrap Ooze","floor":13,"gold_loss":0}],"is_beta":false,"boss_relics":[],"items_purged_floors":[2],"is_endless":false,"potions_floor_spawned":[1,7],"killed_by":"Slime Boss","ascension_level":0}}