{"host":"jr9f8lmgw9kaplsw","time":1607640568,"event":{"mods":["BaseMod","BetterRewards","Colored Map","StSLib","Hubris","Replay The Spire","Shop Mod","AchievementEnabler","Minty Spire (QoL Compilation)","The Cursed"],"gold_per_floor":[117,117,134,134,144,144,178,195,247,247,322,43,58,69,69,141,141,160,178,178,206,219,219,253,50,50,50,50],"floor_reached":27,"playtime":1209,"items_purged":[],"score":519,"play_id":"952ab7e9-cd13-44d8-b79d-dd1cc9351306","local_time":"20201210174928","is_ascension_mode":true,"campfire_choices":[{"data":"Neutralize","floor":6,"key":"SMITH"},{"floor":15,"key":"REST"},{"floor":23,"key":"REST"}],"circlet_count":0,"master_deck":["AscendersBane","ReplayTheSpireMod:Brewmster+1","Strike_G+1","Strike_G","Strike_G","Strike_G","Strike_G","Defend_G","Defend_G+1","Defend_G","Defend_G","Defend_G","Survivor","Neutralize+1","Cloak And Dagger","All Out Attack","Leg Sweep","Quick Slash","Burst","TheCursedMod:Dregs","Looming Evil","Overencumbered","Pain","Cloak And Dagger","Dodge and Roll","Sickly","Footwork"],"relics":["Busted Crown","Anchor","Lantern","Pear","Replay:Ancient Bell","Gremlin Food","Mercury Hourglass","FossilizedHelix","PreservedInsect","ReplayTheSpireMod:CursedCoin","Mummified Hand","Ginger"],"acts_visited":["Exordium","TheCity"],"potions_floor_usage":[1,3,7,8,8,8,13,13,16,16,16,16,16,16,18,18,19,22,24,24,24,24,24,24,24,27],"damage_taken":[{"damage":2,"enemies":"Cultist","floor":1,"turns":4},{"damage":7,"enemies":"Jaw Worm","floor":3,"turns":4},{"damage":0,"enemies":"2 Louse","floor":5,"turns":4},{"damage":17,"enemies":"3 Sentries","floor":7,"turns":8},{"damage":0,"enemies":"Large Slime","floor":8,"turns":5},{"damage":0,"enemies":"Blue Slaver","floor":13,"turns":4},{"damage":0,"enemies":"Lots of Slimes","floor":14,"turns":3},{"damage":46,"enemies":"Slime Boss","floor":16,"turns":10},{"damage":4,"enemies":"Shell Parasite","floor":18,"turns":7},{"damage":10,"enemies":"3 Byrds","floor":19,"turns":3},{"damage":17,"enemies":"3 Cultists","floor":22,"turns":5},{"damage":45,"enemies":"Gremlin Leader","floor":24,"turns":10},{"damage":0,"enemies":"Snake Plant","floor":27,"turns":4}],"seed_played":"2971576908694142210","potions_obtained":[{"floor":13,"key":"DistilledChaos"},{"floor":19,"key":"Toxic Potion"}],"is_trial":false,"path_per_floor":["M","?","M","?","M","R","E","M","T","?","?","$","M","M","R","B",null,"M","M","?","?","M","R","E","$","T","M"],"character_chosen":"THE_SILENT","items_purchased":["Pear","ReplayTheSpireMod:CursedCoin","Mummified Hand","Footwork"],"campfire_rested":2,"item_purchase_floors":[12,25,25,25],"current_hp_per_floor":[57,57,50,50,50,50,33,33,33,33,22,32,32,32,54,8,59,55,45,45,45,28,50,5,5,5,5,5],"gold":50,"neow_bonus":"BOSS_RELIC","is_daily":false,"chose_seed":false,"campfire_upgraded":1,"win_rate":0,"timestamp":1607640568,"path_taken":["M","?","M","?","M","R","E","M","T","?","?","$","?","M","R","BOSS","M","?","?","?","M","R","E","$","T","M"],"build_version":"2020-11-30","purchased_purges":0,"victory":false,"max_hp_per_floor":[66,66,66,66,66,66,66,66,66,66,66,76,76,76,76,76,76,76,76,76,76,76,76,76,76,76,76,76],"card_choices":[{"not_picked":[],"picked":"Cloak And Dagger","floor":1},{"not_picked":[],"picked":"Leg Sweep","floor":3},{"not_picked":["Deadly Poison"],"picked":"SKIP","floor":5},{"not_picked":[],"picked":"Quick Slash","floor":7},{"not_picked":["hubris:TrickCloak"],"picked":"SKIP","floor":8},{"not_picked":["ReplayTheSpireMod:Shiv Toss"],"picked":"SKIP","floor":13},{"not_picked":["Prepared"],"picked":"SKIP","floor":14},{"not_picked":[],"picked":"Burst","floor":16},{"not_picked":[],"picked":"TheCursedMod:Dregs","floor":17},{"not_picked":[],"picked":"Looming Evil","floor":17},{"not_picked":[],"picked":"Overencumbered","floor":17},{"not_picked":["Hidden Blade"],"picked":"SKIP","floor":18},{"not_picked":["Dagger Throw"],"picked":"SKIP","floor":19},{"not_picked":[],"picked":"Cloak And Dagger","floor":22},{"not_picked":[],"picked":"Dodge and Roll","floor":24}],"player_experience":2767302,"relics_obtained":[{"floor":7,"key":"Anchor"},{"floor":9,"key":"Lantern"},{"floor":24,"key":"PreservedInsect"},{"floor":26,"key":"Ginger"}],"event_choices":[{"damage_healed":0,"gold_gain":0,"player_choice":"Ignored","damage_taken":0,"max_hp_gain":0,"max_hp_loss":0,"event_name":"Shining Light","floor":10,"gold_loss":0},{"damage_healed":0,"gold_gain":75,"player_choice":"Gather Gold","damage_taken":11,"max_hp_gain":0,"max_hp_loss":0,"event_name":"World of Goop","floor":11,"gold_loss":0}],"is_beta":false,"boss_relics":[{"not_picked":["Replay:Wanted Poster","WristBlade"],"picked":"Replay:Ancient Bell"},{"not_picked":["Replay:Rubber Ducky","hubris:ToyBattleship"],"picked":"Gremlin Food"},{"not_picked":["Frozen Egg 2","hubris:DisguiseKit"],"picked":"Mercury Hourglass"},{"not_picked":["Calipers","hubris:AstralHammer"],"picked":"FossilizedHelix"}],"items_purged_floors":[],"is_endless":false,"potions_floor_spawned":[8,13,14,16,19],"killed_by":"Snake Plant","ascension_level":16}}