{"host":"nc3dlacrfhmj2qcx","time":1607603458,"event":{"gold_per_floor":[16,33,33,33,46,46,60,80,106,146,146,196,220,258,258,347,347,362,387,387,387],"floor_reached":20,"playtime":49887,"items_purged":[],"score":372,"play_id":"6798fd00-1da2-4a26-9ab9-0ba17a3a39ba","local_time":"20201210213058","is_ascension_mode":true,"campfire_choices":[{"data":"Dagger Spray","floor":6,"key":"SMITH"},{"floor":11,"key":"REST"},{"data":"Neutralize","floor":15,"key":"SMITH"}],"neow_cost":"NO_GOLD","seed_source_timestamp":4495473860004,"circlet_count":0,"master_deck":["AscendersBane","Strike_G","Defend_G","Defend_G","Defend_G","Defend_G","Survivor","Neutralize+1","Choke","Dagger Spray+1","Footwork","Endless Agony","Adrenaline","Burst","Dagger Throw+1","Blade Dance+1","Sucker Punch+1","Blade Dance","Crippling Poison"],"relics":["Ring of the Snake","Golden Idol","Orichalcum","Regal Pillow","Strawberry","Astrolabe"],"potions_floor_usage":[16,20],"damage_taken":[{"damage":1,"enemies":"Small Slimes","floor":1,"turns":4},{"damage":2,"enemies":"2 Louse","floor":2,"turns":3},{"damage":1,"enemies":"Cultist","floor":5,"turns":3},{"damage":6,"enemies":"Blue Slaver","floor":7,"turns":4},{"damage":7,"enemies":"Looter","floor":8,"turns":4},{"damage":16,"enemies":"Gremlin Nob","floor":10,"turns":4},{"damage":0,"enemies":"Gremlin Gang","floor":13,"turns":2},{"damage":14,"enemies":"3 Sentries","floor":14,"turns":7},{"damage":34,"enemies":"The Guardian","floor":16,"turns":17},{"damage":10,"enemies":"3 Byrds","floor":18,"turns":4},{"damage":0,"enemies":"Chosen","floor":19,"turns":3},{"damage":29,"enemies":"Snake Plant","floor":20,"turns":5}],"seed_played":"-4815948721950126745","potions_obtained":[{"floor":1,"key":"Poison Potion"},{"floor":7,"key":"FairyPotion"},{"floor":19,"key":"ColorlessPotion"}],"is_trial":false,"path_per_floor":["M","M","$","?","M","R","M","M","T","E","R","?","M","E","R","B",null,"M","M","M"],"character_chosen":"THE_SILENT","items_purchased":[],"campfire_rested":1,"item_purchase_floors":[],"current_hp_per_floor":[58,56,56,56,55,55,49,42,42,26,59,59,59,52,52,18,55,45,45,16,16],"gold":387,"neow_bonus":"REMOVE_TWO","is_prod":false,"is_daily":false,"chose_seed":false,"campfire_upgraded":2,"win_rate":0,"timestamp":1607603458,"path_taken":["M","M","$","?","M","R","M","M","T","E","R","?","M","E","R","BOSS","M","M","?"],"build_version":"2020-11-30","purchased_purges":0,"victory":false,"max_hp_per_floor":[66,66,66,60,60,60,60,60,60,60,60,60,60,67,67,67,67,67,67,67,67],"card_choices":[{"not_picked":["Reflex","Leg Sweep"],"picked":"Choke","floor":1},{"not_picked":["Noxious Fumes","Backflip"],"picked":"Dagger Spray","floor":2},{"not_picked":["Concentrate","Deflect"],"picked":"Footwork","floor":5},{"not_picked":["Blur","Outmaneuver"],"picked":"Endless Agony","floor":7},{"not_picked":["Quick Slash","Dodge and Roll","Sucker Punch"],"picked":"SKIP","floor":8},{"not_picked":["Flechettes","Prepared"],"picked":"Adrenaline","floor":10},{"not_picked":["Flying Knee","Deflect","PiercingWail"],"picked":"SKIP","floor":13},{"not_picked":["Quick Slash","Bane","Night Terror"],"picked":"SKIP","floor":14},{"not_picked":["Tools of the Trade","Unload"],"picked":"Burst","floor":16},{"not_picked":["Backflip","Poisoned Stab"],"picked":"Blade Dance","floor":18},{"not_picked":["Masterful Stab","All Out Attack"],"picked":"Crippling Poison","floor":19}],"player_experience":1001827,"relics_obtained":[{"floor":9,"key":"Orichalcum"},{"floor":10,"key":"Regal Pillow"},{"floor":14,"key":"Strawberry"}],"event_choices":[{"damage_healed":0,"gold_gain":0,"player_choice":"Lose Max HP","damage_taken":0,"relics_obtained":["Golden Idol"],"max_hp_gain":0,"max_hp_loss":6,"event_name":"Golden Idol","floor":4,"gold_loss":0},{"damage_healed":0,"gold_gain":50,"player_choice":"Pray","damage_taken":0,"max_hp_gain":0,"max_hp_loss":0,"event_name":"Golden Shrine","floor":12,"gold_loss":0}],"is_beta":false,"boss_relics":[{"not_picked":["Sozu","Empty Cage"],"picked":"Astrolabe"}],"items_purged_floors":[],"is_endless":false,"potions_floor_spawned":[1,7,8,13,19],"killed_by":"Snake Plant","ascension_level":20}}