{"host":"bg0cyinkrjnqf173","time":1607623204,"event":{"mods":["BaseMod","StSLib","Aspiration","Beaked The Cultist","Better Third Choice","BetterRewards","Conspire","Custom Start","Googly Eyes","Halation","Hubris","Infinite Spire","Permanent Neow","Rare Cards Sparkle","Relic Sorter","Replay The Spire","Shop Mod","Spicy Shops","Spikes Relics","The Construct","The Valiant","Colored Map","Defuse TimeMaze Blight","Displayed Cursed Tome","Jedi Mod","Minty Spire (QoL Compilation)","Quick Restart","The Bladedancer","Hermit"],"gold_per_floor":[111,111,123,123,135,135,135],"floor_reached":6,"playtime":504,"items_purged":[],"score":38,"play_id":"14ea33d7-d81d-40f8-9fa6-9b55bba58056","local_time":"20201210130004","is_ascension_mode":true,"campfire_choices":[],"circlet_count":0,"master_deck":["construct:Strike_Gold","construct:Strike_Gold","construct:Strike_Gold","construct:Strike_Gold","construct:Strike_Gold","construct:Defend_Gold","construct:Defend_Gold","construct:Defend_Gold","construct:Defend_Gold","construct:Defend_Gold","construct:AttackMode","construct:DefenseMode+1","construct:Boost","construct:GuardCore"],"relics":["construct:ClockworkPhoenix","aspiration:Nostalgia","Cross Pendant","hubris:OldNail"],"acts_visited":["Exordium"],"potions_floor_usage":[],"damage_taken":[{"damage":2,"enemies":"Small Slimes","floor":1,"turns":3},{"damage":0,"enemies":"Cultist","floor":3,"turns":5},{"damage":15,"enemies":"Jaw Worm","floor":5,"turns":6},{"damage":37,"enemies":"3 Sentries","floor":6,"turns":11}],"seed_played":"6904778449757159263","potions_obtained":[{"floor":5,"key":"Energy Potion"}],"is_trial":false,"path_per_floor":["M","?","M","$","M","E"],"character_chosen":"THE_CONSTRUCT_MOD","items_purchased":["hubris:OldNail"],"campfire_rested":0,"item_purchase_floors":[4],"current_hp_per_floor":[83,83,83,73,58,21,21],"gold":135,"neow_bonus":"NOSTALGIA","is_daily":false,"chose_seed":false,"campfire_upgraded":0,"win_rate":0,"timestamp":1607623204,"path_taken":["M","?","?","?","?","E"],"build_version":"2020-11-30","purchased_purges":0,"victory":false,"max_hp_per_floor":[85,85,85,85,85,85,85],"card_choices":[{"not_picked":["construct:Disrupt","construct:Analyze"],"picked":"construct:Boost","floor":1},{"not_picked":["construct:ClusterMines","construct:Dampening","construct:FlakBarrage"],"picked":"SKIP","floor":3},{"not_picked":["construct:SaveState","construct:HeavyBolt"],"picked":"construct:GuardCore","floor":5}],"player_experience":735186,"relics_obtained":[],"event_choices":[{"damage_healed":0,"gold_gain":0,"player_choice":"Upgraded","damage_taken":0,"max_hp_gain":0,"max_hp_loss":0,"event_name":"Upgrade Shrine","floor":2,"gold_loss":0,"cards_upgraded":["construct:DefenseMode"]}],"is_beta":false,"boss_relics":[],"items_purged_floors":[],"is_endless":false,"potions_floor_spawned":[5],"killed_by":"3 Sentries","ascension_level":1}}