{"host":"dntw6kil9p09eemm","time":1607626076,"event":{"mods":["BaseMod","StSLib","Minty Spire (QoL Compilation)","Shop Mod","Colored Powertips","2.2 Compatiblity","Downfall","The Alterego","Aspiration","Become a monster €›?Œ÷","Hubris","Replay The Spire"],"gold_per_floor":[119,133,153,153,169,199,215,230,230,230,230,230,230,230,230,230,230],"floor_reached":16,"playtime":1163,"items_purged":[],"score":127,"play_id":"66ab4816-f892-438c-bc9d-2c755a612296","local_time":"20201211034756","is_ascension_mode":false,"campfire_choices":[{"floor":10,"key":"REST"},{"data":"alterego_mod:BrynhildrRomantia","floor":12,"key":"SMITH"},{"data":"alterego_mod:Impale","floor":15,"key":"SMITH"}],"circlet_count":0,"master_deck":["alterego_mod:Strike","alterego_mod:Strike+1","alterego_mod:Strike","alterego_mod:Strike","alterego_mod:Defend+1","alterego_mod:Defend","alterego_mod:Defend","alterego_mod:Defend","alterego_mod:Impale+1","alterego_mod:BigMeatyClaws","alterego_mod:BrynhildrsRune","alterego_mod:Skirt","alterego_mod:Swimsuit","alterego_mod:SakuraPetals","alterego_mod:Schoolgirl","alterego_mod:BrynhildrRomantia+1","alterego_mod:MagicResistance","Injury"],"relics":["alterego_mod:MasochisticConstitution","Turnip","Frozen Egg 2","Molten Egg 2"],"acts_visited":["Exordium"],"potions_floor_usage":[],"damage_taken":[{"damage":18,"enemies":"Cultist","floor":1,"turns":6},{"damage":8,"enemies":"2 Louse","floor":2,"turns":4},{"damage":17,"enemies":"Jaw Worm","floor":3,"turns":4},{"damage":2,"enemies":"2 Fungi Beasts","floor":5,"turns":4},{"damage":38,"enemies":"Replay:BlueRogue","floor":6,"turns":10},{"damage":7,"enemies":"Blue Slaver","floor":7,"turns":6},{"damage":33,"enemies":"Lots of Slimes","floor":8,"turns":9},{"damage":65,"enemies":"Hexaghost","floor":16,"turns":10}],"seed_played":"404320617548129371","potions_obtained":[{"floor":6,"key":"SpeedPotion"},{"floor":8,"key":"Fire Potion"}],"is_trial":false,"path_per_floor":["M","M","M","$","M","E","M","M","T","R","?","R","?","?","R","B"],"character_chosen":"The_Alterego","items_purchased":[],"campfire_rested":1,"item_purchase_floors":[],"current_hp_per_floor":[67,67,51,51,64,34,38,47,47,74,83,83,65,65,65,0,0],"gold":230,"neow_bonus":"TEN_PERCENT_HP_BONUS","is_daily":false,"chose_seed":false,"campfire_upgraded":2,"win_rate":0.0,"timestamp":1607626076,"path_taken":["M","M","M","$","M","E","?","M","T","R","?","R","?","?","R","BOSS"],"build_version":"2020-11-30","purchased_purges":0,"victory":false,"max_hp_per_floor":[78,79,80,80,81,82,86,92,92,92,92,92,92,92,92,92,92],"card_choices":[{"not_picked":["alterego_mod:DiscoLights","alterego_mod:HighServant"],"picked":"alterego_mod:Skirt","floor":1},{"not_picked":["alterego_mod:DiscoLights","alterego_mod:Nekomimi"],"picked":"alterego_mod:Swimsuit","floor":2},{"not_picked":["alterego_mod:Support","alterego_mod:GachaTicket"],"picked":"alterego_mod:SakuraPetals","floor":3},{"not_picked":["alterego_mod:Mirror","alterego_mod:Belts"],"picked":"alterego_mod:Schoolgirl","floor":5},{"not_picked":["alterego_mod:Jiggle","alterego_mod:TrashNCrash"],"picked":"alterego_mod:BrynhildrRomantia","floor":6},{"not_picked":["alterego_mod:Belle","alterego_mod:PerceptionDisorder"],"picked":"alterego_mod:MagicResistance","floor":7},{"not_picked":["alterego_mod:MagicResistance","alterego_mod:Mirror","alterego_mod:DiscoLights"],"picked":"SKIP","floor":8}],"player_experience":264326,"relics_obtained":[{"floor":6,"key":"Turnip"},{"floor":9,"key":"Frozen Egg 2"}],"event_choices":[{"damage_healed":0,"gold_gain":0,"player_choice":"Entered Light","damage_taken":18,"max_hp_gain":0,"max_hp_loss":0,"event_name":"Shining Light","floor":13,"gold_loss":0,"cards_upgraded":["alterego_mod:Strike","alterego_mod:Defend"]}],"is_beta":false,"boss_relics":[],"items_purged_floors":[],"is_endless":false,"potions_floor_spawned":[6,8],"killed_by":"Hexaghost","ascension_level":0}}