{"host":"kw4o7b3ro2ktmmbe","time":1607581286,"event":{"gold_per_floor":[113,38,56,56,74,74,86,86,86,36,55,75,75,108,108,208,208,226,226,237,336,336,370,380,380,380],"floor_reached":25,"playtime":1878,"items_purged":["TheSimpletonMod:Defend_TheSimpleton"],"score":248,"play_id":"95b1a52b-84d6-4c9d-b431-79491345e299","local_time":"20201210192126","is_ascension_mode":false,"campfire_choices":[{"data":"TheSimpletonMod:Swelter","floor":6,"key":"SMITH"},{"data":"TheSimpletonMod:ReapAndSow","floor":8,"key":"SMITH"},{"data":"TheSimpletonMod:Mulch","floor":15,"key":"SMITH"}],"neow_cost":"NONE","seed_source_timestamp":717691265949865,"circlet_count":0,"master_deck":["TheSimpletonMod:Defend_TheSimpleton","TheSimpletonMod:Defend_TheSimpleton+1","TheSimpletonMod:Haymaker","TheSimpletonMod:ReapAndSow+1","TheSimpletonMod:Sunseed","TheSimpletonMod:Swelter+1","TH:TreasureMap","TheSimpletonMod:ResearchGrant","TheSimpletonMod:RootDown","TH:CursedSword","TheSimpletonMod:Mulch+1","TH:DeckOfManyThings","TheSimpletonMod:Photosynthesis","TheSimpletonMod:Thresh+1","Bite","Bite","Bite","Bite","Bite","TheSimpletonMod:SpiceUp","TH:BikiniMail","TheSimpletonMod:CropRotation"],"relics":["TheSimpletonMod:NightSoil","TheSimpletonMod:TheHarvester","Cursed Key","Mummified Hand","TheSimpletonMod:SpudOfTheMartyr","Sozu","Anchor"],"potions_floor_usage":[14],"damage_taken":[{"damage":0,"enemies":"2 Louse","floor":1,"turns":2},{"damage":0,"enemies":"Small Slimes","floor":3,"turns":2},{"damage":0,"enemies":"Jaw Worm","floor":5,"turns":2},{"damage":0,"enemies":"2 Fungi Beasts","floor":7,"turns":2},{"damage":0,"enemies":"3 Louse","floor":11,"turns":2},{"damage":1,"enemies":"Looter","floor":12,"turns":3},{"damage":3,"enemies":"3 Sentries","floor":14,"turns":6},{"damage":27,"enemies":"Slime Boss","floor":16,"turns":7},{"damage":11,"enemies":"2 Thieves","floor":18,"turns":4},{"damage":14,"enemies":"Spheric Guardian","floor":20,"turns":4},{"damage":25,"enemies":"Gremlin Leader","floor":23,"turns":7},{"damage":28,"enemies":"Snecko","floor":24,"turns":5},{"damage":42,"enemies":"Book of Stabbing","floor":25,"turns":5}],"seed_played":"-8052027643881732961","potions_obtained":[{"floor":7,"key":"Energy Potion"},{"floor":11,"key":"LiquidMemories"}],"is_trial":false,"path_per_floor":["M","$","M","?","M","R","M","R","T","?","M","M","?","E","R","B",null,"M","?","M","?","?","E","M","E"],"character_chosen":"THE_SIMPLETON","items_purchased":[],"campfire_rested":0,"item_purchase_floors":[],"current_hp_per_floor":[75,75,75,60,64,64,68,68,68,68,72,74,74,72,72,48,75,64,52,40,40,40,37,25,0,0],"gold":380,"neow_bonus":"BOSS_RELIC","is_prod":false,"is_daily":false,"chose_seed":false,"campfire_upgraded":3,"win_rate":0.0,"timestamp":1607581286,"path_taken":["M","$","M","?","M","R","M","R","T","?","M","M","?","E","R","BOSS","M","?","M","?","?","E","M","E"],"build_version":"2020-11-30","purchased_purges":1,"victory":false,"max_hp_per_floor":[75,75,75,75,75,75,75,75,75,75,75,75,75,75,75,75,75,75,52,52,52,52,52,52,52,52],"card_choices":[{"not_picked":["TheSimpletonMod:BumperCrop","TheSimpletonMod:SpiceUp"],"picked":"TheSimpletonMod:Sunseed","floor":1},{"not_picked":["TheSimpletonMod:CropRotation","TheSimpletonMod:ToughenUp","TheSimpletonMod:Rototilling"],"picked":"SKIP","floor":3},{"not_picked":["TheSimpletonMod:Potatoes","TheSimpletonMod:ToughenUp"],"picked":"TheSimpletonMod:Swelter","floor":5},{"not_picked":["TheSimpletonMod:DigIn","TheSimpletonMod:SoilSample","TheSimpletonMod:Potatoes"],"picked":"SKIP","floor":7},{"not_picked":["TH:DeckOfManyThings"],"picked":"TH:TreasureMap","floor":9},{"not_picked":["TheSimpletonMod:Rake","TheSimpletonMod:SeedCoat"],"picked":"TheSimpletonMod:ResearchGrant","floor":11},{"not_picked":["TheSimpletonMod:DoubleBarrel","TheSimpletonMod:SeedCoat"],"picked":"TheSimpletonMod:RootDown","floor":12},{"not_picked":["TH:PixieDust"],"picked":"TH:CursedSword","floor":14},{"not_picked":["TheSimpletonMod:SoilSample","TheSimpletonMod:Corn"],"picked":"TheSimpletonMod:Mulch","floor":14},{"not_picked":["TH:PixieDust"],"picked":"TH:DeckOfManyThings","floor":16},{"not_picked":["TheSimpletonMod:FlashPasteurize","TheSimpletonMod:CrackOfDawn"],"picked":"TheSimpletonMod:Photosynthesis","floor":16},{"not_picked":["TheSimpletonMod:VineRipen","TheSimpletonMod:DoubleBarrel"],"picked":"TheSimpletonMod:Thresh+1","floor":18},{"not_picked":["TheSimpletonMod:KeenEdge","TheSimpletonMod:Mulch"],"picked":"TheSimpletonMod:SpiceUp","floor":20},{"not_picked":["TH:CopperCoins"],"picked":"TH:BikiniMail","floor":23},{"not_picked":["TheSimpletonMod:Mulch","TheSimpletonMod:Potatoes"],"picked":"TheSimpletonMod:CropRotation","floor":23},{"not_picked":["TheSimpletonMod:SeedCoat","TheSimpletonMod:Rototilling+1","TheSimpletonMod:SoilSample"],"picked":"SKIP","floor":24}],"player_experience":1726754,"relics_obtained":[{"floor":9,"key":"Mummified Hand"},{"floor":14,"key":"TheSimpletonMod:SpudOfTheMartyr"},{"floor":23,"key":"Anchor"}],"event_choices":[{"damage_healed":0,"gold_gain":0,"player_choice":"Entered Light","damage_taken":15,"max_hp_gain":0,"max_hp_loss":0,"event_name":"Shining Light","floor":4,"gold_loss":0,"cards_upgraded":["TheSimpletonMod:Defend_TheSimpleton","TheSimpletonMod:Strike_TheSimpleton"]},{"cards_removed":["Pain"],"damage_healed":0,"gold_gain":0,"player_choice":"Card Removal","damage_taken":0,"max_hp_gain":0,"max_hp_loss":0,"event_name":"The Cleric","floor":10,"gold_loss":50},{"cards_removed":["TheSimpletonMod:Defend_TheSimpleton"],"damage_healed":0,"gold_gain":0,"player_choice":"Forget","damage_taken":0,"max_hp_gain":0,"max_hp_loss":0,"event_name":"Living Wall","floor":13,"gold_loss":0},{"damage_healed":0,"gold_gain":0,"player_choice":"Became a vampire","damage_taken":0,"max_hp_gain":0,"max_hp_loss":23,"event_name":"Vampires","floor":19,"gold_loss":0,"cards_obtained":["Bite","Bite","Bite","Bite","Bite"]},{"damage_healed":0,"gold_gain":99,"player_choice":"Stole From Cult","damage_taken":0,"max_hp_gain":0,"max_hp_loss":0,"event_name":"Nest","floor":21,"gold_loss":0}],"is_beta":false,"boss_relics":[{"not_picked":["Fusion Hammer","Pandora\u0027s Box"],"picked":"Sozu"}],"items_purged_floors":[2],"is_endless":false,"potions_floor_spawned":[7,11,20],"killed_by":"Book of Stabbing","ascension_level":0}}