{"host":"a484oiac96svwyi6","time":1607644327,"event":{"mods":["2.2 Compatiblity","AchievementEnabler","Act Like it!","Astrologer","BaseMod","Better Altar","Better Match","Better Sensory Stone","Better Skull","Better Third Choice","Better-Laid Plans","BetterRewards","Block Reminder","Clawfect","Colored Map","Colored Powertips","Conjunction","Conspire","Custom Start","Dio Mod","Displayed Cursed Tome","Duelist Mod","GifTheSpireLib","Gold Saver","Googly Eyes","Hallownest","Hubris","Infinite Spire","Ironclad Rager","Jorbs\u0027s Wanderer Trilogy","Melee Mod","Menagerie","Minty Spire (QoL Compilation)","Quick Restart","RNG Fix","Random Character Button","Relic Filter","Relic Sorter","Relic Stats","Replay The Spire","Retaliation","Shop Mod","Small Relic Pack","Spikes Relics","Spire Birthday Party","StSLib","Stuff the Spire","SuperFastMode","The Fake Hero","The Necromancer","The Poker Player","TheHero","Transform Curses","Uncapped","Virulent Crown","[JumpMod]????","everything is the same but u backflip on backflip","vexMod"],"gold_per_floor":[1089,793,793,793,793,793,805,805,805,824,849,849,857,857],"floor_reached":13,"playtime":1030,"items_purged":[],"score":138,"play_id":"ccf4a164-4889-4d38-87f3-c0b61a3902a3","local_time":"20201210185207","is_ascension_mode":true,"campfire_choices":[{"data":"dioMod:Minions","floor":6.0,"key":"SMITH"},{"floor":12.0,"key":"REST"}],"circlet_count":0,"master_deck":["dioMod:Strike","dioMod:Strike","dioMod:Strike+1","dioMod:Strike","Bite+1","dioMod:Defend","dioMod:Defend","dioMod:Defend","dioMod:Defend","dioMod:Minions","dioMod:Minions","dioMod:Minions","dioMod:DominatingPresence","dioMod:SecretPlan","dioMod:Minions+1","dioMod:ComboFever","dioMod:BloodSuck","dioMod:DaggerSpree","dioMod:Hiss"],"relics":["dioMod:VampireBlood","HowToJump","SuspiciousGoo","ReplayTheSpireMod:TigerMarble","Replay:Bandana","StuffTheSpire:Saxophone","Ginger","Lantern","StuffTheSpire:GrapeVine"],"acts_visited":["Exordium"],"potions_floor_usage":[],"damage_taken":[{"damage":1.0,"enemies":"Cultist","floor":1.0,"turns":4.0},{"damage":20.0,"enemies":"Small Slimes","floor":7.0,"turns":3.0},{"damage":8.0,"enemies":"2 Louse","floor":10.0,"turns":2.0},{"damage":40.0,"enemies":"Lagavulin","floor":11.0,"turns":5.0},{"damage":55,"enemies":"3 Sentries","floor":13,"turns":4}],"seed_played":"4455104632010050273","potions_obtained":[{"floor":1.0,"key":"Strength Potion"}],"is_trial":false,"path_per_floor":["M","$","?","$","?","R","M","?","T","M","E","R","E"],"character_chosen":"THE_DEFAULT","items_purchased":["dioMod:Minions","SuspiciousGoo","ReplayTheSpireMod:TigerMarble","dioMod:Minions","Replay:Bandana","dioMod:DominatingPresence","StuffTheSpire:Saxophone","dioMod:SecretPlan","dioMod:Minions","Ginger"],"campfire_rested":1,"item_purchase_floors":[0,0,0,0,0,0,0,0,0,2],"current_hp_per_floor":[70,70,74,74,59,59,48,48,48,49,15,37,0,0],"gold":857,"neow_bonus":"","is_daily":false,"chose_seed":false,"campfire_upgraded":1,"win_rate":0.0,"timestamp":1607644327,"path_taken":["M","$","?","$","?","R","?","?","T","M","E","R","E"],"items_purchased_type":["Card","Relic","Relic","Card","Relic","Card","Relic","Card","Card","Relic"],"build_version":"2020-11-30","purchased_purges":0,"victory":false,"max_hp_per_floor":[75,75,75,75,75,75,75,75,75,75,75,75,75,75],"relic_stats":{"counters":[168,609],"Ginger":[0],"obtain_stats":[{"infinitespire:BottledMercury":28,"StuffTheSpire:Barrel":11,"vexMod:MemoryStick":26,"StuffTheSpire:Rhapsscallions":38,"Whetstone":8,"Ginger":9,"Boot":0,"Sling":5,"Old Coin":23,"Replay:Wanted Poster":17,"Blood Vial":19,"vexMod:InvisibilityCloak":24,"hubris:AstralHammer":0,"Sundial":3,"infinitespire:Golems Mask":24,"Kunai":10,"relicPack:AllForOne":37,"Replay:Bottled Steam":7,"MerchantsRug":0,"Counterbalance":7,"Pen Nib":45,"Akabeko":0,"relicPack:EdsArm":5,"SlaversCollar":34,"dioMod:VampireBlood":0,"Pandora\u0027s Box":34,"conspire:BottledYoYo":46,"vexMod:ImprovementManual":28,"vexMod:BigBerry":34,"Lantern":0,"Regal Pillow":14,"Rawhide":11,"Replay:Multitool":40,"Bag of Preparation":27,"StuffTheSpire:GrapeVine":0,"HeavenlyBonsai":32,"Smiling Mask":11,"Pet Ghost":2,"Replay:Rubber Ducky":9,"StuffTheSpire:RunicConfusion":17,"StuffTheSpire:Gunfinga":43,"Shovel":30,"Matryoshka":0,"Toolbox":0,"hubris:FunFungus":9,"Replay:Lucky Slots":28,"Potion Belt":17,"Golden Idol":5,"StuffTheSpire:Expresso":11,"StuffTheSpire:Saxophone":0,"conspire:RunicOctahedron":34,"Omamori":31,"infinitespire:CheckeredPen":0,"hubris:Towel":29,"MawBank":13,"Busted Crown":17,"StuffTheSpire:Mouthbags":43,"Ornamental Fan":13,"betterThird:SlimedRelic":3,"Bloody Idol":19,"dioMod:JoestarBlood":17,"Turnip":0,"SpikesRelics:DaevaFist":0,"ReplayTheSpireMod:Lightbulb":8,"Ice Cream":0,"Gremlin Horn":46,"CeramicFish":40,"Vajra":13,"DollysMirror":10,"Strawberry":26,"Philosopher\u0027s Stone":25,"LugNut":5,"conspire:Dentures":27,"Girya":20,"Happy Flower":6,"vexMod:ScavengeHelm":10,"Replay:Grab Bag":17,"Oddly Smooth Stone":0,"infinitespire:Beetle Shell":0,"Letter Opener":26,"BlackRope":0,"War Paint":4,"Question Card":24,"WarpedTongs":19,"Bottled Flame":45,"Replay:Baseball":50,"relicPack:KazumaCape":34,"Shuriken":8,"StuffTheSpire:DarkSteelAnvil":41,"Simple Rune":42,"Molten Egg 2":0,"ReplayTheSpireMod:TigerMarble":28,"infinitespire:EmpoweringShard":23,"ReplayTheSpireMod:DimensionalGlitch":38,"StuffTheSpire:OldFever":7,"Pocketwatch":40,"ReplayFunnel":0,"SnailShell":38,"SacredBark":17,"RetroEgg":30,"conspire:SpecialSausage":17,"BrokenLever":0,"hubris:SlimyHat":0,"Juzu Bracelet":26,"Replay:Mystery Machine":6,"Empty Cage":17,"vexMod:Spyglass":0,"ReplayTheSpireMod:EnergyBall":36,"Frozen Eye":14,"Nunchaku":44,"Replay:Bandana":0,"hubris:Icosahedron":19,"StuffTheSpire:HeavyRock":6,"MiniBlackHole":26,"Gremlin Food":10,"BargainBundle":0,"HowToJump":0,"Quantum Egg":9,"SuspiciousGoo":0,"vexMod:Dragonfruit":43,"Calling Bell":17,"Pondfish Scales":26,"CaptainsWheel":9,"vexMod:BarristanHead":9,"StuffTheSpire:CocoNut":44,"Snack Pack":8,"FossilizedHelix":42},{"infinitespire:BottledMercury":83,"StuffTheSpire:Barrel":72,"vexMod:MemoryStick":127,"StuffTheSpire:Rhapsscallions":108,"Whetstone":4,"Ginger":28,"Boot":25,"Sling":96,"Old Coin":81,"Replay:Wanted Poster":8,"Blood Vial":47,"vexMod:InvisibilityCloak":11,"hubris:AstralHammer":139,"Sundial":141,"infinitespire:Golems Mask":104,"Kunai":99,"relicPack:AllForOne":154,"Replay:Bottled Steam":43,"MerchantsRug":66,"Counterbalance":97,"Pen Nib":62,"Akabeko":39,"relicPack:EdsArm":26,"SlaversCollar":55,"dioMod:VampireBlood":0,"Pandora\u0027s Box":153,"conspire:BottledYoYo":161,"vexMod:ImprovementManual":13,"vexMod:BigBerry":131,"Lantern":66,"Regal Pillow":146,"Rawhide":28,"Replay:Multitool":19,"Bag of Preparation":105,"StuffTheSpire:GrapeVine":115,"HeavenlyBonsai":152,"Smiling Mask":5,"Pet Ghost":116,"Replay:Rubber Ducky":4,"StuffTheSpire:RunicConfusion":8,"StuffTheSpire:Gunfinga":135,"Shovel":53,"Matryoshka":139,"Toolbox":25,"hubris:FunFungus":43,"Replay:Lucky Slots":105,"Potion Belt":122,"Golden Idol":117,"StuffTheSpire:Expresso":28,"StuffTheSpire:Saxophone":163,"conspire:RunicOctahedron":107,"Omamori":106,"infinitespire:CheckeredPen":115,"hubris:Towel":151,"MawBank":45,"Busted Crown":76,"StuffTheSpire:Mouthbags":20,"Ornamental Fan":74,"betterThird:SlimedRelic":1,"Bloody Idol":47,"dioMod:JoestarBlood":147,"Turnip":25,"SpikesRelics:DaevaFist":94,"ReplayTheSpireMod:Lightbulb":43,"Ice Cream":115,"Gremlin Horn":63,"CeramicFish":157,"Vajra":145,"DollysMirror":43,"Strawberry":82,"Philosopher\u0027s Stone":151,"LugNut":141,"conspire:Dentures":36,"Girya":9,"Happy Flower":97,"vexMod:ScavengeHelm":120,"Replay:Grab Bag":8,"Oddly Smooth Stone":25,"infinitespire:Beetle Shell":139,"Letter Opener":12,"BlackRope":66,"War Paint":41,"Question Card":35,"WarpedTongs":148,"Bottled Flame":21,"Replay:Baseball":65,"relicPack:KazumaCape":16,"Shuriken":71,"StuffTheSpire:DarkSteelAnvil":91,"Simple Rune":91,"Molten Egg 2":94,"ReplayTheSpireMod:TigerMarble":13,"infinitespire:EmpoweringShard":50,"ReplayTheSpireMod:DimensionalGlitch":18,"StuffTheSpire:OldFever":142,"Pocketwatch":110,"ReplayFunnel":94,"SnailShell":18,"SacredBark":8,"RetroEgg":14,"conspire:SpecialSausage":31,"BrokenLever":94,"hubris:SlimyHat":66,"Juzu Bracelet":104,"Replay:Mystery Machine":118,"Empty Cage":8,"vexMod:Spyglass":66,"ReplayTheSpireMod:EnergyBall":88,"Frozen Eye":45,"Nunchaku":21,"Replay:Bandana":25,"hubris:Icosahedron":9,"StuffTheSpire:HeavyRock":3,"MiniBlackHole":35,"Gremlin Food":43,"BargainBundle":139,"HowToJump":0,"Quantum Egg":142,"SuspiciousGoo":163,"vexMod:Dragonfruit":91,"Calling Bell":122,"Pondfish Scales":51,"CaptainsWheel":71,"vexMod:BarristanHead":119,"StuffTheSpire:CocoNut":62,"Snack Pack":98,"FossilizedHelix":60},{"infinitespire:BottledMercury":314,"StuffTheSpire:Barrel":284,"vexMod:MemoryStick":464,"StuffTheSpire:Rhapsscallions":395,"Whetstone":21,"Ginger":96,"Boot":81,"Sling":356,"Old Coin":309,"Replay:Wanted Poster":32,"Blood Vial":191,"vexMod:InvisibilityCloak":40,"hubris:AstralHammer":507,"Sundial":515,"infinitespire:Golems Mask":379,"Kunai":364,"relicPack:AllForOne":561,"Replay:Bottled Steam":169,"MerchantsRug":269,"Counterbalance":359,"Pen Nib":254,"Akabeko":154,"relicPack:EdsArm":84,"SlaversCollar":227,"dioMod:VampireBlood":0,"Pandora\u0027s Box":559,"conspire:BottledYoYo":586,"vexMod:ImprovementManual":43,"vexMod:BigBerry":478,"Lantern":269,"Regal Pillow":532,"Rawhide":96,"Replay:Multitool":57,"Bag of Preparation":383,"StuffTheSpire:GrapeVine":415,"HeavenlyBonsai":552,"Smiling Mask":24,"Pet Ghost":418,"Replay:Rubber Ducky":21,"StuffTheSpire:RunicConfusion":32,"StuffTheSpire:Gunfinga":490,"Shovel":214,"Matryoshka":507,"Toolbox":81,"hubris:FunFungus":169,"Replay:Lucky Slots":383,"Potion Belt":440,"Golden Idol":421,"StuffTheSpire:Expresso":96,"StuffTheSpire:Saxophone":591,"conspire:RunicOctahedron":392,"Omamori":385,"infinitespire:CheckeredPen":415,"hubris:Towel":550,"MawBank":176,"Busted Crown":296,"StuffTheSpire:Mouthbags":61,"Ornamental Fan":291,"betterThird:SlimedRelic":3,"Bloody Idol":191,"dioMod:JoestarBlood":538,"Turnip":81,"SpikesRelics:DaevaFist":351,"ReplayTheSpireMod:Lightbulb":169,"Ice Cream":415,"Gremlin Horn":257,"CeramicFish":569,"Vajra":529,"DollysMirror":169,"Strawberry":312,"Philosopher\u0027s Stone":550,"LugNut":515,"conspire:Dentures":140,"Girya":35,"Happy Flower":359,"vexMod:ScavengeHelm":430,"Replay:Grab Bag":32,"Oddly Smooth Stone":81,"infinitespire:Beetle Shell":507,"Letter Opener":42,"BlackRope":269,"War Paint":160,"Question Card":137,"WarpedTongs":541,"Bottled Flame":66,"Replay:Baseball":263,"relicPack:KazumaCape":51,"Shuriken":281,"StuffTheSpire:DarkSteelAnvil":341,"Simple Rune":341,"Molten Egg 2":351,"ReplayTheSpireMod:TigerMarble":43,"infinitespire:EmpoweringShard":204,"ReplayTheSpireMod:DimensionalGlitch":53,"StuffTheSpire:OldFever":521,"Pocketwatch":400,"ReplayFunnel":351,"SnailShell":53,"SacredBark":32,"RetroEgg":45,"conspire:SpecialSausage":114,"BrokenLever":351,"hubris:SlimyHat":269,"Juzu Bracelet":379,"Replay:Mystery Machine":424,"Empty Cage":32,"vexMod:Spyglass":269,"ReplayTheSpireMod:EnergyBall":331,"Frozen Eye":176,"Nunchaku":66,"Replay:Bandana":81,"hubris:Icosahedron":35,"StuffTheSpire:HeavyRock":14,"MiniBlackHole":137,"Gremlin Food":169,"BargainBundle":507,"HowToJump":0,"Quantum Egg":521,"SuspiciousGoo":591,"vexMod:Dragonfruit":341,"Calling Bell":440,"Pondfish Scales":207,"CaptainsWheel":281,"vexMod:BarristanHead":426,"StuffTheSpire:CocoNut":254,"Snack Pack":362,"FossilizedHelix":249}]},"card_choices":[{"not_picked":["dioMod:BloodSuck","dioMod:Donut"],"picked":"dioMod:VengefulMuda","floor":1.0},{"not_picked":["dioMod:SlashThroughTime","dioMod:FlyAway"],"picked":"dioMod:ComboFever","floor":7.0},{"not_picked":["dioMod:DisarmingVoice","dioMod:ComboFever"],"picked":"dioMod:DaggerSpree","floor":10.0},{"not_picked":["dioMod:DaggerSpree","dioMod:LaserVision"],"picked":"dioMod:Hiss","floor":11.0}],"player_experience":288730,"relics_obtained":[{"floor":9.0,"key":"Lantern"},{"floor":11.0,"key":"StuffTheSpire:GrapeVine"}],"event_choices":[{"damage_healed":4.0,"max_hp_gain":0.0,"max_hp_loss":0.0,"gold_gain":0.0,"event_name":"betterSkull:BetterSkull","player_choice":"LEAVE ","floor":3.0,"gold_loss":0.0,"damage_taken":0.0,"cards_upgraded":[],"relics_obtained":[]},{"damage_healed":74.0,"max_hp_gain":0.0,"max_hp_loss":75.0,"gold_gain":0.0,"event_name":"betterThird:BetterShining","player_choice":"Upgrade","floor":5.0,"gold_loss":0.0,"damage_taken":15.0,"cards_upgraded":["dioMod:Strike","Bite"]},{"damage_healed":0.0,"max_hp_gain":0.0,"max_hp_loss":0.0,"gold_gain":0.0,"cards_transformed":["dioMod:VengefulMuda"],"event_name":"Transmorgrifier","player_choice":"Transformed","floor":8.0,"gold_loss":0.0,"damage_taken":0.0,"cards_obtained":["dioMod:BloodSuck"]}],"is_beta":false,"boss_relics":[],"items_purged_floors":[],"is_endless":false,"potions_floor_spawned":[1],"killed_by":"3 Sentries","ascension_level":8}}