{"host":"ezkqjaqywejtjag1","time":1607634519,"event":{"mods":["BaseMod","Colored Map","StSLib","Infinite Spire","Minty Spire (QoL Compilation)"],"gold_per_floor":[112,112,112,112,112,153,41,82,107,107,121,121,146,69,69,200,200,200,200,155,155,155,155,155,155,155,155,155,155,3,3,3,3,3,3,3,3,3,3,3,3,3,3,3,3,3,3,3,3,3,3,3,3,3,3,3],"floor_reached":55,"playtime":2530,"items_purged":[],"score":810,"play_id":"4ed4a2c8-3551-4f5c-91a2-a5d0ccdeb02d","local_time":"20201210160839","is_ascension_mode":true,"campfire_choices":[{"data":"Zap","floor":10,"key":"SMITH"},{"data":"White Noise","floor":12,"key":"SMITH"},{"data":"Storm","floor":15,"key":"SMITH"},{"floor":23,"key":"REST"},{"data":"Go for the Eyes","floor":23,"key":"SMITH"},{"floor":27,"key":"REST"},{"data":"White Noise","floor":27,"key":"SMITH"},{"floor":32,"key":"REST"},{"data":"Defragment","floor":32,"key":"SMITH"},{"floor":40,"key":"REST"},{"floor":44,"key":"RECALL"},{"floor":46,"key":"REST"},{"floor":49,"key":"REST"},{"floor":52,"key":"REST"}],"circlet_count":0,"master_deck":["Strike_B+1","Strike_B+1","Strike_B+1","Strike_B+1","Defend_B+1","Defend_B+1","Defend_B+1","Defend_B+1","Zap+1","Barrage+1","Injury","White Noise+1","Storm+1","FTL","Go for the Eyes+1","Storm","Heatsinks","Defragment+1","Reboot","Sweeping Beam","Beam Cell+1","White Noise+1","Biased Cognition+1","Conserve Battery","Thunder Strike","Stack+1","Heatsinks+1","BootSequence+1","Barrage","infinitespire:Collect","Capacitor+1","Go for the Eyes+1","Defragment+1","Beam Cell+1"],"relics":["Cracked Core","NeowsBlessing","Golden Idol","Strawberry","infinitespire:Magic Flask","infinitespire:Lucky Rock","infinitespire:FocusingShard","Boot","Ectoplasm","Nilry\u0027s Codex","SsserpentHead","Pear","Frozen Egg 2","Centennial Puzzle","Art of War","Fusion Hammer","Sling","SlaversCollar","Whetstone","Orichalcum"],"acts_visited":["Exordium","TheCity","TheBeyond","TheEnding"],"potions_floor_usage":[33,33,50,54,55],"damage_taken":[{"damage":0,"enemies":"2 Louse","floor":1,"turns":1},{"damage":0,"enemies":"3 Sentries","floor":6,"turns":1},{"damage":0,"enemies":"Gremlin Nob","floor":8,"turns":1},{"damage":5,"enemies":"Small Slimes","floor":11,"turns":3},{"damage":3,"enemies":"Jaw Worm","floor":13,"turns":2},{"damage":33,"enemies":"Hexaghost","floor":16,"turns":6},{"damage":0,"enemies":"Spheric Guardian","floor":18,"turns":3},{"damage":20,"enemies":"2 Thieves","floor":20,"turns":3},{"damage":25,"enemies":"Snecko","floor":22,"turns":6},{"damage":25,"enemies":"Snake Plant","floor":24,"turns":3},{"damage":23,"enemies":"Gremlin Leader","floor":28,"turns":5},{"damage":0,"enemies":"Shelled Parasite and Fungi","floor":29,"turns":3},{"damage":13,"enemies":"Champ","floor":33,"turns":5},{"damage":27,"enemies":"3 Darklings","floor":35,"turns":3},{"damage":0,"enemies":"Orb Walker","floor":37,"turns":2},{"damage":3,"enemies":"Spire Growth","floor":39,"turns":3},{"damage":19,"enemies":"Maw","floor":41,"turns":4},{"damage":0,"enemies":"Transient","floor":45,"turns":5},{"damage":17,"enemies":"Jaw Worm Horde","floor":47,"turns":3},{"damage":0,"enemies":"Giant Head","floor":48,"turns":4},{"damage":23,"enemies":"Awakened One","floor":50,"turns":4},{"damage":39,"enemies":"Shield and Spear","floor":54,"turns":3},{"damage":98,"enemies":"The Heart","floor":55,"turns":3}],"seed_played":"1766246396366139333","potions_obtained":[{"floor":13,"key":"AttackPotion"},{"floor":16,"key":"LiquidMemories"},{"floor":18,"key":"Energy Potion"},{"floor":29,"key":"Block Potion"},{"floor":33,"key":"Fruit Juice"},{"floor":35,"key":"BlessingOfTheForge"},{"floor":39,"key":"PotionOfCapacity"},{"floor":54,"key":"GamblersBrew"}],"is_trial":false,"path_per_floor":["M","?","?","?","T","E","$","E","T","R","M","R","M","$","R","B",null,"M","?","M","?","M","R","M","?","T","R","E","M","$","?","R","B",null,"M","?","M","$","M","R","M","AVR","T","R","M","R","M","E","R","B",null,"R","$","E","B"],"character_chosen":"DEFECT","items_purchased":["Storm","FTL","Defragment","Centennial Puzzle"],"campfire_rested":7,"item_purchase_floors":[7,7,14,30],"current_hp_per_floor":[75,75,82,82,82,82,82,82,82,82,77,77,74,74,74,41,82,82,66,46,46,21,45,20,20,30,57,34,34,34,34,61,53,97,70,70,70,70,67,96,77,77,77,77,77,97,80,80,97,74,97,97,97,58,0,0],"gold":3,"neow_bonus":"THREE_ENEMY_KILL","is_daily":false,"chose_seed":false,"campfire_upgraded":6,"win_rate":0,"timestamp":1607634519,"path_taken":["M","?","?","?","?","E","$","E","T","R","M","R","M","$","R","BOSS","M","?","M","?","M","R","?","?","T","R","E","M","$","?","R","BOSS","M","?","M","$","M","R","M","AVR","T","R","M","R","M","E","R","BOSS","R","$","E","BOSS"],"build_version":"2020-11-30","purchased_purges":0,"victory":false,"max_hp_per_floor":[75,75,82,82,82,82,82,82,82,82,82,82,82,82,82,82,82,82,82,82,82,82,82,82,82,92,92,92,92,92,92,92,97,97,97,97,97,97,97,97,97,97,97,97,97,97,97,97,97,97,97,97,97,97,97,97],"card_choices":[{"not_picked":["Blizzard","Reinforced Body"],"picked":"Barrage","floor":1},{"not_picked":["Compile Driver","Ball Lightning"],"picked":"White Noise","floor":6},{"not_picked":["Hello World","Streamline"],"picked":"Go for the Eyes","floor":8},{"not_picked":["Sweeping Beam","Stack"],"picked":"Storm","floor":11},{"not_picked":["Sweeping Beam","Meteor Strike"],"picked":"Heatsinks","floor":13},{"not_picked":["Fission","Thunder Strike"],"picked":"Reboot","floor":16},{"not_picked":["Reprogram","Streamline"],"picked":"Hologram","floor":18},{"not_picked":["Steam Power+1","Steam"],"picked":"Sweeping Beam","floor":20},{"not_picked":["Melter+1","Steam+1"],"picked":"Beam Cell","floor":22},{"not_picked":["Sweeping Beam","FTL"],"picked":"White Noise","floor":24},{"not_picked":["Rebound","Conserve Battery"],"picked":"Biased Cognition+1","floor":28},{"not_picked":["Barrage+1","Redo"],"picked":"Conserve Battery","floor":29},{"not_picked":["Meteor Strike","Fission"],"picked":"Thunder Strike","floor":33},{"not_picked":["Genetic Algorithm","Rebound+1"],"picked":"Stack+1","floor":35},{"not_picked":["Conserve Battery+1","Streamline+1"],"picked":"Heatsinks+1","floor":37},{"not_picked":["Coolheaded+1","Stack"],"picked":"BootSequence+1","floor":39},{"not_picked":["Reprogram+1","Hologram"],"picked":"Barrage","floor":41},{"not_picked":["Genetic Algorithm","Coolheaded+1"],"picked":"Capacitor+1","floor":45},{"not_picked":["Conserve Battery","Coolheaded"],"picked":"Go for the Eyes+1","floor":47},{"not_picked":["Coolheaded+1","Conserve Battery+1"],"picked":"Defragment+1","floor":48},{"not_picked":["Go for the Eyes+1","Ball Lightning"],"picked":"Beam Cell+1","floor":54}],"player_experience":139746,"relics_obtained":[{"floor":3,"key":"Strawberry"},{"floor":5,"key":"infinitespire:Magic Flask"},{"floor":6,"key":"infinitespire:Lucky Rock"},{"floor":8,"key":"infinitespire:FocusingShard"},{"floor":9,"key":"Boot"},{"floor":19,"key":"Nilry\u0027s Codex"},{"floor":26,"key":"Pear"},{"floor":28,"key":"Frozen Egg 2"},{"floor":48,"key":"Whetstone"},{"floor":54,"key":"Orichalcum"}],"event_choices":[{"damage_healed":0,"gold_gain":0,"player_choice":"Take Wound","damage_taken":0,"relics_obtained":["Golden Idol"],"max_hp_gain":0,"max_hp_loss":0,"event_name":"Golden Idol","floor":2,"gold_loss":0,"cards_obtained":["Injury"]},{"damage_healed":0,"gold_gain":0,"player_choice":"Ignored","damage_taken":0,"max_hp_gain":0,"max_hp_loss":0,"event_name":"Liars Game","floor":4,"gold_loss":0},{"damage_healed":0,"gold_gain":0,"player_choice":"Obtained Book","damage_taken":16,"max_hp_gain":0,"max_hp_loss":0,"event_name":"Cursed Tome","floor":19,"gold_loss":0},{"damage_healed":0,"gold_gain":0,"player_choice":"Trade","damage_taken":0,"relics_obtained":["SsserpentHead"],"max_hp_gain":0,"max_hp_loss":0,"event_name":"FaceTrader","floor":21,"gold_loss":0},{"damage_healed":0,"gold_gain":0,"player_choice":"Simplicity","damage_taken":0,"max_hp_gain":0,"max_hp_loss":0,"event_name":"Back to Basics","floor":25,"gold_loss":0,"cards_upgraded":["Strike_B","Strike_B","Strike_B","Strike_B","Defend_B","Defend_B","Defend_B","Defend_B"]},{"cards_removed":["Hologram"],"damage_healed":0,"gold_gain":0,"player_choice":"Gave Card","damage_taken":0,"relics_obtained":["Art of War"],"max_hp_gain":0,"max_hp_loss":0,"event_name":"WeMeetAgain","floor":31,"gold_loss":0},{"cards_removed":["Dualcast"],"damage_healed":0,"gold_gain":0,"player_choice":"Removed Skill","damage_taken":0,"max_hp_gain":0,"max_hp_loss":0,"event_name":"Falling","floor":36,"gold_loss":0}],"is_beta":false,"boss_relics":[{"not_picked":["infinitespire:Cupcake","Runic Dome"],"picked":"Ectoplasm"},{"not_picked":["Tiny House","Coffee Dripper"],"picked":"Fusion Hammer"}],"items_purged_floors":[],"is_endless":false,"potions_floor_spawned":[13,16,18,29,33,35,39,48,54],"killed_by":"The Heart","ascension_level":1}}