{"host":"4a0aa7b2d8dxohwr","time":1607595509,"event":{"gold_per_floor":[109,127,127,127,127,153,153,180,203,215,243,263,295,306,306,409,409,429,443,443,543,553,582,614,649,649,649,649,134,198,236,236,337,337,353,108,408,425,437,470,485,519,542,573,29,29,60,73,73,73,73,73,73,98,98],"floor_reached":56,"playtime":2966,"items_purged":["Murderer","Strike_RM","Strike_RM"],"score":2412,"play_id":"1d333bf8-81fb-4785-b206-ebd92b9df09a","local_time":"20201210181829","is_ascension_mode":true,"campfire_choices":[{"data":"BombardNight","floor":7.0,"key":"SMITH"},{"data":"CeilingFear","floor":15.0,"key":"SMITH"},{"data":"DemonKingCradle","floor":32,"key":"SMITH"},{"data":"QueenOfMidnight","floor":46,"key":"SMITH"},{"floor":49,"key":"RECALL"},{"data":"BatForm","floor":52,"key":"SMITH"}],"neow_cost":"","seed_source_timestamp":64789142831600,"circlet_count":0,"master_deck":["AscendersBane","Strike_RM","Strike_RM","Defend_RM","Defend_RM","Defend_RM","Defend_RM","RedMoon","ForecastOfChange","BombardNight+1","CeilingFear+1","NightDance","StarOfDavid","ScarletMeister","Stigmanizer","BatForm+1","ChainGang+1","MastersStateliness","DiffusionOfMisfortune","UnstableMagic+1","DemonKingCradle+1","EternalNight","MillenniumVampire+1","TricksterDevil","ScarletDevilSign","NightLord","QueenOfMidnight+1","ForecastOfChange","MastersStateliness+1"],"special_seed":0,"relics":["ScarletHat","CogitoBucket","LetterFromLob","Happy Flower","DemoMod:SerJunkan","DemoMod:Junk","Onion Ring","DemoMod:RiddleOfLead","WingedGreaves","Pondfish Scales","Blue Doll","Omamori","Replay:Rubber Ducky","theSenshi:SailorFukuRelic","White Beast Statue","Painkiller Herb","DemoMod:NanoMachines","Akabeko","CrazyTorch:ReiMu","MerchantsRug","Art of War","Replay:Wax Seal","Calipers"],"potions_floor_usage":[31,42,55,55],"damage_taken":[{"damage":2.0,"enemies":"Gensokyo:Python","floor":1.0,"turns":3.0},{"damage":8.0,"enemies":"Gensokyo:3_Fairies","floor":2.0,"turns":6.0},{"damage":6.0,"enemies":"Gensokyo:Cirno","floor":6.0,"turns":6.0},{"damage":10.0,"enemies":"Gensokyo:Mamizou","floor":8.0,"turns":9.0},{"damage":0.0,"enemies":"Gensokyo:2_Kodama","floor":10.0,"turns":2.0},{"damage":3.0,"enemies":"Gensokyo:Cirno","floor":11.0,"turns":7.0},{"damage":0.0,"enemies":"Gensokyo:LivingMonolith","floor":12.0,"turns":4.0},{"damage":0.0,"enemies":"Gensokyo:Mamizou","floor":13.0,"turns":7.0},{"damage":3.0,"enemies":"Gensokyo:VengefulSpirit","floor":14.0,"turns":6.0},{"damage":0.0,"enemies":"Gensokyo:Reimu","floor":16.0,"turns":12.0},{"damage":0.0,"enemies":"Gensokyo:CosmicMonolith","floor":18.0,"turns":3.0},{"damage":40.0,"enemies":"Gensokyo:Chomper","floor":19.0,"turns":6.0},{"damage":11.0,"enemies":"Gensokyo:Chomper","floor":21.0,"turns":9.0},{"damage":0.0,"enemies":"Gensokyo:Wraith","floor":22.0,"turns":2.0},{"damage":8.0,"enemies":"Gensokyo:Tenshi","floor":23.0,"turns":2.0},{"damage":3.0,"enemies":"Gensokyo:Koishi","floor":24.0,"turns":6.0},{"damage":0.0,"enemies":"Gensokyo:Tenshi","floor":25.0,"turns":3.0},{"damage":0.0,"enemies":"Gensokyo:Reisen","floor":28.0,"turns":2.0},{"damage":4,"enemies":"Gensokyo:Mirror_and_Dog","floor":31,"turns":10},{"damage":0,"enemies":"Gensokyo:Eiki","floor":33,"turns":3},{"damage":0,"enemies":"Orb Walker","floor":35,"turns":1},{"damage":0,"enemies":"3 Shapes","floor":38,"turns":1},{"damage":0,"enemies":"Spire Growth","floor":39,"turns":2},{"damage":0,"enemies":"Giant Head","floor":40,"turns":3},{"damage":0,"enemies":"Jaw Worm Horde","floor":41,"turns":1},{"damage":0,"enemies":"Nemesis","floor":42,"turns":3},{"damage":0,"enemies":"Giant Head","floor":44,"turns":3},{"damage":0,"enemies":"Reptomancer","floor":47,"turns":2},{"damage":0,"enemies":"3 Darklings","floor":48,"turns":1},{"damage":0,"enemies":"Awakened One","floor":50,"turns":4},{"damage":0,"enemies":"Shield and Spear","floor":54,"turns":2},{"damage":22,"enemies":"The Heart","floor":55,"turns":4}],"seed_played":"-7909265599580129013","potions_obtained":[{"floor":1.0,"key":"ZuzhouPotion:ReiMu"},{"floor":12.0,"key":"LiquidMemories"},{"floor":16.0,"key":"Weak Potion"},{"floor":24.0,"key":"AttackPotion"},{"floor":25.0,"key":"DistilledChaos"},{"floor":30,"key":"Flashbang"},{"floor":31,"key":"BlessingOfTheForge"},{"floor":33,"key":"Swift Potion"},{"floor":39,"key":"Energy Potion"},{"floor":44,"key":"Milkshake"},{"floor":48,"key":"LiquidMemories"}],"is_trial":false,"path_per_floor":["M","M","T","M","?","E","R","E","T","M","E","M","E","M","R","B",null,"M","M","?","?","M","E","E","E","T","?","E","$","?","M","R","B",null,"?","T","?","?","?","E","?","E","T","E","T","T","E","?","T","B",null,"T","T","E","B",null],"character_chosen":"REMILIA","items_purchased":["Replay:Rubber Ducky","theSenshi:SailorFukuRelic","TricksterDevil","BargainBundle","ForecastOfChange","CrazyTorch:ReiMu","MerchantsRug","Art of War"],"campfire_rested":0,"item_purchase_floors":[29,29,29,36,36,45,45,45],"current_hp_per_floor":[66,60,60,60,60,54,54,44,44,44,43,43,49,46,46,52,85,85,47,47,38,38,33,30,36,36,36,44,44,44,73,73,79,79,79,79,79,79,79,79,79,79,79,79,79,79,79,79,79,79,79,79,79,79,71],"gold":98,"neow_bonus":"","is_prod":false,"is_daily":false,"chose_seed":false,"campfire_upgraded":5,"win_rate":0,"timestamp":1607595509,"path_taken":["M","M","?","M","?","E","R","E","T","M","E","M","E","M","R","BOSS","M","M","?","?","M","E","E","E","T","?","E","$","?","M","R","BOSS","?","T","?","?","?","E","?","E","T","E","T","T","E","?","T","BOSS","T","T","E","BOSS"],"build_version":"2020-11-30","purchased_purges":3,"victory":true,"max_hp_per_floor":[75,75,75,75,75,75,75,75,75,75,75,75,75,75,75,75,85,85,85,79,79,79,79,79,79,79,79,79,79,79,79,79,79,79,79,79,79,79,79,79,79,79,79,79,79,79,79,79,79,79,79,79,79,79,79],"card_choices":[{"not_picked":["Funeral","Freischutz"],"picked":"Murderer","floor":1.0},{"not_picked":["ScarletImprint","TwelveNightmare"],"picked":"ForecastOfChange","floor":1.0},{"not_picked":["UnderTheZenith","DiffusionOfMisfortune"],"picked":"BombardNight","floor":2.0},{"not_picked":["HeartBreak","NightLord","EndlessAdversity"],"picked":"SKIP","floor":6.0},{"not_picked":["BloodHunter","UnderTheZenith"],"picked":"CeilingFear","floor":8.0},{"not_picked":["GlobalNightmare","BlasphemousPunishment","BombardNight"],"picked":"SKIP","floor":10.0},{"not_picked":["TwelveNightmare","EndlessAdversity"],"picked":"NightDance","floor":11.0},{"not_picked":["ReincarnationDial","BombardNight"],"picked":"StarOfDavid","floor":12.0},{"not_picked":["ScarletDream","BlasphemousPunishment"],"picked":"ScarletMeister","floor":13.0},{"not_picked":["RedNightlessCastle","BloodyTrap"],"picked":"Stigmanizer","floor":14.0},{"not_picked":["TransientEternity","ChaoticDestiny"],"picked":"BatForm","floor":16.0},{"not_picked":["UnderTheZenith+1","FitfulNightmare"],"picked":"ChainGang+1","floor":18.0},{"not_picked":["BloodHunter+1","BloodRain"],"picked":"MastersStateliness","floor":19.0},{"not_picked":["EndlessAdversity","VampireKiss"],"picked":"DiffusionOfMisfortune","floor":21.0},{"not_picked":["RedRainbow","ScarletNetherworld+1"],"picked":"UnstableMagic+1","floor":22.0},{"not_picked":["EndlessAdversity","Ultimatum+1","DevilSight"],"picked":"SKIP","floor":23.0},{"not_picked":["ScarletDevil+1","VampireKiss","RedRainbow"],"picked":"SKIP","floor":24.0},{"not_picked":["DevilSight","BlasphemousPunishment"],"picked":"DemonKingCradle","floor":25.0},{"not_picked":["BloodHunter+1","StarOfDavid"],"picked":"MillenniumVampire+1","floor":28.0},{"not_picked":["RedRainbow","BombardNight"],"picked":"ScarletDevilSign","floor":30},{"not_picked":["VampireSweep","CharismaGuard"],"picked":"NightLord","floor":31},{"not_picked":["KillingBlow","TricksterDevil"],"picked":"QueenOfMidnight","floor":33},{"not_picked":["FavorOfDestiny+1","DiffusionOfMisfortune","Septette+1"],"picked":"SKIP","floor":35},{"not_picked":["EndlessAdversity+1","UnderTheZenith","DiffusionOfMisfortune+1"],"picked":"SKIP","floor":38},{"not_picked":["PunishingBird","ShyLook","SnowQueen"],"picked":"Singing Bowl","floor":39},{"not_picked":["TwelveNightmare+1","RedRainbow+1"],"picked":"MastersStateliness+1","floor":39},{"not_picked":["CurseOfVladTepes","BloodHunter+1","DiffusionOfMisfortune"],"picked":"SKIP","floor":40},{"not_picked":["EmergencyRegeneration","UnstableMagic+1","EndlessAdversity"],"picked":"SKIP","floor":41},{"not_picked":["ScarletImprint","RedRainbow+1","VampireSweep"],"picked":"SKIP","floor":42},{"not_picked":["EternalNight+1","RedMagic","EndlessAdversity+1"],"picked":"SKIP","floor":44},{"not_picked":["NightDance","GlobalNightmare","VampireFantasy"],"picked":"SKIP","floor":47},{"not_picked":["VampireSweep","ScarletDevilSign","MastersStateliness+1"],"picked":"SKIP","floor":48},{"not_picked":["RedRainbow","CharismaGuard+1","VampirishNight+1"],"picked":"SKIP","floor":54}],"player_experience":431014,"relics_obtained":[{"floor":1.0,"key":"LetterFromLob"},{"floor":6.0,"key":"DemoMod:SerJunkan"},{"floor":8.0,"key":"DemoMod:Junk"},{"floor":9.0,"key":"DemoMod:Junk"},{"floor":11.0,"key":"DemoMod:Junk"},{"floor":13.0,"key":"Onion Ring"},{"floor":21.0,"key":"DemoMod:Junk"},{"floor":21.0,"key":"Pondfish Scales"},{"floor":23.0,"key":"DemoMod:Junk"},{"floor":24.0,"key":"Blue Doll"},{"floor":25.0,"key":"Omamori"},{"floor":26.0,"key":"DemoMod:Junk"},{"floor":28.0,"key":"Pantograph"},{"floor":30,"key":"White Beast Statue"},{"floor":31,"key":"DemoMod:Junk"},{"floor":40,"key":"DemoMod:Junk"},{"floor":42,"key":"DemoMod:NanoMachines"},{"floor":43,"key":"DemoMod:Junk"},{"floor":44,"key":"Akabeko"},{"floor":47,"key":"Replay:Wax Seal"},{"floor":54,"key":"Calipers"}],"event_choices":[{"damage_healed":0,"gold_gain":300,"player_choice":"Gold","damage_taken":0,"max_hp_gain":0,"max_hp_loss":0,"event_name":"Wheel of Change","floor":37,"gold_loss":0}],"is_beta":false,"boss_relics":[{"not_picked":["Pandora\u0027s Box","ReplayTheSpireMod:DimensionalGlitch"],"picked":"DemoMod:RiddleOfLead"},{"not_picked":["Tiny House","SacredBark"],"picked":"Painkiller Herb"}],"items_purged_floors":[29,36,45],"is_endless":false,"potions_floor_spawned":[1,12,16,24,25,33,35,38,39,40,41,44,48],"ascension_level":10}}