{"host":"pz1ko3gi7nsxydm3","time":1607566199,"event":{"gold_per_floor":[210,14,14,33,46,80,80,97,171,136,58,58,72,105,105,200,200,218,218,143,143],"floor_reached":20,"playtime":1233,"items_purged":[],"score":257,"play_id":"e8f64971-0997-4712-bf77-df54660d5b49","local_time":"20201210020959","is_ascension_mode":false,"campfire_choices":[{"floor":7,"key":"RECALL"},{"data":"Corruption","floor":15,"key":"SMITH"}],"neow_cost":"NONE","seed_source_timestamp":41213048484100,"circlet_count":0,"master_deck":["Strike_R","Strike_R","Strike_R","Strike_R","Strike_R","Defend_R","Defend_R","Defend_R","Defend_R","Bash","BloodyBrimstone","Whirlwind","Shrug It Off","Warcry","Pommel Strike","Bloodletting","Offering","expansioncontent:ManipulateTime","Flame Barrier","Heavy Blade","Battle Trance","Body Slam","expansioncontent:DashGenerateEvil+1","Armaments","Armaments","Double Tap","Corruption+1","Fiend Fire","REME_TheLastStrike","Fiend Fire","Abandon"],"relics":["Burning Blood","REME_ComplimentaryCards","HushsDoor","SteamSale","hubris:64BitClover","Blue Doll","Happy Flower","Potion Belt","ChewingGum","GuppysTail"],"potions_floor_usage":[6,16,16,16],"damage_taken":[{"damage":0,"enemies":"2 Louse","floor":1,"turns":1},{"damage":6,"enemies":"Cultist","floor":4,"turns":1},{"damage":23,"enemies":"Jaw Worm","floor":5,"turns":4},{"damage":36,"enemies":"HollowMod:MossKnight","floor":6,"turns":9},{"damage":6,"enemies":"Exordium Wildlife","floor":8,"turns":2},{"damage":9,"enemies":"Large Slime","floor":13,"turns":3},{"damage":0,"enemies":"3 Sentries","floor":14,"turns":2},{"damage":6,"enemies":"Slime Boss","floor":16,"turns":4},{"damage":16,"enemies":"Spheric Guardian","floor":18,"turns":3},{"damage":20,"enemies":"Hiden Room Battle","floor":20,"turns":2}],"seed_played":"-1545273525196298778","potions_obtained":[{"floor":1,"key":"Energy Potion"},{"floor":5,"key":"Languid Potion"},{"floor":8,"key":"sneckomod:MuddlingPotion"},{"floor":13,"key":"Swift Potion"},{"floor":16,"key":"Dexterity Potion"},{"floor":19,"key":"Explosive Potion"},{"floor":19,"key":"Toxic Potion"},{"floor":19,"key":"Toxic Potion"}],"is_trial":false,"path_per_floor":["M","$","?","M","M","E","R","M","T","?","$","?","M","E","R","B",null,"M","?","?"],"character_chosen":"IRONCLAD","items_purchased":["hubris:64BitClover","Warcry","Pommel Strike","expansioncontent:DashGenerateEvil+1","Armaments","GuppysTail","REME_TheLastStrike","Fiend Fire"],"campfire_rested":0,"item_purchase_floors":[2,2,2,11,11,17,17,17],"current_hp_per_floor":[80,80,80,77,60,30,30,30,30,47,47,47,44,64,64,62,44,34,34,0,0],"gold":143,"neow_bonus":"HUNDRED_GOLD","is_prod":false,"is_daily":false,"chose_seed":false,"campfire_upgraded":1,"win_rate":0.0,"timestamp":1607566199,"path_taken":["M","$","?","M","M","E","R","M","T","?","?","?","M","E","R","BOSS","M","?","?"],"build_version":"2020-11-30","purchased_purges":0,"victory":false,"max_hp_per_floor":[80,80,80,77,77,74,74,71,71,71,71,71,71,65,65,62,44,41,41,41,41],"card_choices":[{"not_picked":[],"picked":"BloodyBrimstone","floor":0},{"not_picked":["Twin Strike","ReplayTheSpireMod:Stacked"],"picked":"Shrug It Off","floor":1},{"not_picked":["Run Through","Thunderclap"],"picked":"Flame Barrier","floor":4},{"not_picked":["Clash","Thunderclap"],"picked":"Heavy Blade","floor":5},{"not_picked":["Anger","Twin Strike"],"picked":"Battle Trance","floor":6},{"not_picked":["Twin Strike","Sword Boomerang"],"picked":"Body Slam","floor":8},{"not_picked":["Thunderclap","Heavy Blade"],"picked":"Double Tap","floor":13},{"not_picked":["Thunderclap","Sever Soul"],"picked":"Corruption","floor":14},{"not_picked":["Feed","Eclipse"],"picked":"Fiend Fire","floor":16},{"not_picked":["Anger","Sword Boomerang"],"picked":"Abandon","floor":18}],"player_experience":60941,"relics_obtained":[{"floor":6,"key":"Blue Doll"},{"floor":14,"key":"Potion Belt"}],"event_choices":[{"damage_healed":0,"gold_gain":0,"player_choice":"3 cards matched","damage_taken":0,"max_hp_gain":0,"max_hp_loss":0,"event_name":"Match and Keep!","floor":3,"gold_loss":0,"cards_obtained":["Bloodletting","Offering","expansioncontent:ManipulateTime"]},{"damage_healed":17,"gold_gain":0,"player_choice":"Healed","damage_taken":0,"max_hp_gain":0,"max_hp_loss":0,"event_name":"The Cleric","floor":10,"gold_loss":35},{"damage_healed":0,"gold_gain":0,"player_choice":"Searched \u00271\u0027 times","damage_taken":0,"relics_obtained":["Happy Flower"],"max_hp_gain":0,"max_hp_loss":0,"event_name":"Dead Adventurer","floor":12,"gold_loss":0},{"damage_healed":0,"gold_gain":0,"player_choice":"Got Potions","damage_taken":0,"max_hp_gain":0,"max_hp_loss":0,"event_name":"Lab","floor":19,"gold_loss":0},{"damage_healed":0,"gold_gain":0,"player_choice":"Fight","damage_taken":0,"max_hp_gain":0,"max_hp_loss":0,"event_name":"HidenRoomEvent","floor":20,"gold_loss":0}],"is_beta":false,"boss_relics":[{"not_picked":["Empty Cage","Replay:Drink Me"],"picked":"ChewingGum"},{"not_picked":[]}],"items_purged_floors":[],"is_endless":false,"potions_floor_spawned":[1,5,8,13,16],"killed_by":"Hiden Room Battle","ascension_level":0}}