{"host":"yllrlz30c75z9571","time":1607613136,"event":{"gold_per_floor":[141,201,201,201,246,246,58,58,100,100,100,100,100,100,100,157,157,488,488,558,616,541,541,541,541,580,580,580,638,638,130,130,130,286,623,723,771,771,824,824,539,539,598,598,650,650,581,626,705,787,787,837],"floor_reached":53,"playtime":2513,"items_purged":[],"score":491,"play_id":"17530563-b1b0-4a39-9a43-8a8978e60195","local_time":"20201210151216","daily_mods":["Vintage","Heirloom","Midas"],"is_ascension_mode":false,"campfire_choices":[{"floor":8,"key":"REST"},{"floor":13,"key":"REST"},{"floor":17,"key":"REST"},{"floor":25,"key":"REST"},{"floor":27,"key":"REST"},{"floor":30,"key":"REST"},{"floor":51,"key":"REST"}],"neow_cost":"NONE","seed_source_timestamp":531180223218000,"circlet_count":0,"master_deck":["blackbeard:BlackbeardStrike","blackbeard:BlackbeardStrike","blackbeard:BlackbeardStrike","blackbeard:IntimidatingStrike+1","blackbeard:BlackbeardDefend","blackbeard:BlackbeardDefend","blackbeard:BlackbeardDefend","blackbeard:BlackbeardDefend","blackbeard:Cutlass","blackbeard:CatONineTails+1","blackbeard:Intoxication","conspire:DoublingDagger","blackbeard:Bandana","blackbeard:RearmingStrike","blackbeard:FinalBarrage","blackbeard:CloakAndCannonball+1","blackbeard:Shrapnel","blackbeard:Spear+1","blackbeard:CloakAndCannonball","blackbeard:Sword","Panache","blackbeard:GoldenCannonball","blackbeard:GoldenStrike","blackbeard:WeaponMastery","Strike_R","blackbeard:BeatUp","blackbeard:BeatUp","blackbeard:GoldenCannonball","blackbeard:ArmorUp+1"],"relics":["blackbeard:LoadTheCannons","HushsDoor","Peace Pipe","aspiration:HiddenCompartment","HowToJump","ReplayTheSpireMod:TigerMarble","hubris:DeckOfHolding","Lantern","aspiration:Nostalgia","BlackCat","blackbeard:CannonballsOfSteel","CCEMRelics:Pendulum","Dream Catcher","blackbeard:Karategi","Juzu Bracelet","conspire:DecoderRing","aspiration:Nostalgia","Vampire_Amulet","Anchor","Bottled Lightning","CCEMRelics:Barrel","PreservedInsect","Regal Pillow","Replay:Wanted Poster","conspire:InfiniteJournal","Gremlin Horn","conspire:Dentures","aspiration:Lifesprig","halation:PapillonHeart","construct:FoamFinger","aspiration:EmptySkull"],"potions_floor_usage":[18,21,35,52,52],"damage_taken":[{"damage":0,"enemies":"2 Louse","floor":1,"turns":1},{"damage":6,"enemies":"Cultist","floor":2,"turns":3},{"damage":1,"enemies":"Jaw Worm","floor":5,"turns":4},{"damage":0,"enemies":"2 Fungi Beasts","floor":16,"turns":1},{"damage":25,"enemies":"Fading Forest","floor":18,"turns":11},{"damage":32,"enemies":"theJungle:GiantWrat","floor":20,"turns":6},{"damage":7,"enemies":"Shell Parasite","floor":21,"turns":4},{"damage":23,"enemies":"theJungle:Snecko_Cultist_And_Trap","floor":26,"turns":4},{"damage":7,"enemies":"theJungle:2_Snecko_Cultists","floor":29,"turns":3},{"damage":35,"enemies":"theJungle:FunGuy","floor":35,"turns":10},{"damage":0,"enemies":"Orb Walker","floor":37,"turns":2},{"damage":11,"enemies":"3 Darklings","floor":39,"turns":3},{"damage":11,"enemies":"Sphere and 2 Shapes","floor":43,"turns":4},{"damage":5,"enemies":"4 Shapes","floor":48,"turns":3},{"damage":0,"enemies":"Jaw Worm Horde","floor":50,"turns":2},{"damage":79,"enemies":"Time Eater","floor":52,"turns":9}],"seed_played":"3260221256158174373","potions_obtained":[{"floor":5,"key":"BlessingOfTheForge"},{"floor":16,"key":"Weak Potion"},{"floor":18,"key":"Regen Potion"},{"floor":21,"key":"Explosive Potion"},{"floor":35,"key":"Dexterity Potion"},{"floor":48,"key":"FearPotion"},{"floor":50,"key":"blackbeard:OrangeJuicePotion"}],"is_trial":true,"path_per_floor":["M","M","PTL","PTL","M","WH","$","R","?","WH","T","?","R","?","WH","M","R","B",null,"M","M","?","WH","?","R","M","R","T","M","R","$","WH","?","R_BF","B",null,"M","WH","M","WH","$","WH","M","WH","T","?","$","M","?","M","R","B",null],"character_chosen":"BLACKBEARD_CLASS","items_purchased":["blackbeard:CatONineTails","blackbeard:Intoxication","PreservedInsect","blackbeard:Sword","Panache","blackbeard:GoldenCannonball","blackbeard:GoldenStrike","Gremlin Horn","blackbeard:BeatUp","blackbeard:GoldenCannonball"],"campfire_rested":7,"item_purchase_floors":[7,7,31,31,31,31,31,41,41,47],"current_hp_per_floor":[75,69,69,69,68,68,68,75,60,60,60,45,67,37,37,37,59,56,75,48,46,46,46,46,68,49,71,71,68,75,75,75,75,75,42,75,75,82,73,73,73,81,81,90,90,90,90,91,76,82,94,25],"gold":837,"neow_bonus":"TEN_PERCENT_HP_BONUS","is_prod":false,"is_daily":false,"chose_seed":false,"campfire_upgraded":0,"win_rate":0.0,"timestamp":1607613136,"path_taken":["M","M","PTL","PTL","M","WH","$","R","?","WH","T","?","R","?","WH","M","R","BOSS","M","M","?","WH","?","R","M","R","T","M","R","$","WH","?","R_BF","BOSS","M","WH","M","WH","$","WH","M","WH","T","?","$","M","?","M","R","BOSS"],"build_version":"2020-11-30","purchased_purges":0,"victory":true,"max_hp_per_floor":[75,75,75,75,75,75,75,75,75,75,75,75,75,75,75,75,75,75,75,75,75,75,75,75,75,75,75,75,75,75,75,75,75,75,75,75,75,82,82,82,82,90,90,99,99,94,94,94,94,94,94,94],"card_choices":[{"not_picked":["blackbeard:Toast","blackbeard:DeadlyArsenal"],"picked":"blackbeard:Bandana","floor":15},{"not_picked":["Bomb","blackbeard:ArmorUp"],"picked":"blackbeard:RearmingStrike","floor":17},{"not_picked":["blackbeard:ReapersScythe","blackbeard:Salvager"],"picked":"blackbeard:FinalBarrage","floor":18},{"not_picked":["blackbeard:RearmingStrike+1","blackbeard:GoldenStrike+1"],"picked":"blackbeard:CloakAndCannonball+1","floor":22},{"not_picked":["blackbeard:TacticalRetreat","blackbeard:DangerousBlow"],"picked":"blackbeard:Shrapnel","floor":25},{"not_picked":["blackbeard:Revenge","blackbeard:Shrapnel"],"picked":"blackbeard:Spear+1","floor":27},{"not_picked":["blackbeard:DelayedPain","blackbeard:PirateEarring"],"picked":"blackbeard:CloakAndCannonball","floor":30},{"not_picked":["blackbeard:PirateStrength","blackbeard:MegaUpgrade"],"picked":"blackbeard:WeaponMastery","floor":35},{"not_picked":["blackbeard:Sharpening","blackbeard:Toast+1"],"picked":"blackbeard:ArmorUp+1","floor":51}],"player_experience":99700,"relics_obtained":[{"floor":1,"key":"aspiration:HiddenCompartment"},{"floor":2,"key":"ReplayTheSpireMod:TigerMarble"},{"floor":5,"key":"hubris:DeckOfHolding"},{"floor":11,"key":"blackbeard:CannonballsOfSteel"},{"floor":16,"key":"Dream Catcher"},{"floor":20,"key":"Juzu Bracelet"},{"floor":21,"key":"conspire:DecoderRing"},{"floor":26,"key":"Anchor"},{"floor":28,"key":"Bottled Lightning"},{"floor":29,"key":"CCEMRelics:Barrel"},{"floor":37,"key":"conspire:InfiniteJournal"},{"floor":43,"key":"conspire:Dentures"},{"floor":45,"key":"aspiration:Lifesprig"},{"floor":48,"key":"construct:FoamFinger"},{"floor":50,"key":"aspiration:EmptySkull"}],"event_choices":[{"damage_healed":60,"gold_gain":0,"player_choice":"Upgrade","damage_taken":15,"max_hp_gain":0,"max_hp_loss":75,"event_name":"betterThird:BetterShining","floor":12,"gold_loss":0,"cards_upgraded":["blackbeard:CatONineTails","blackbeard:IntimidatingStrike"]},{"damage_healed":0,"gold_gain":0,"player_choice":"2","damage_taken":0,"max_hp_gain":0,"max_hp_loss":0,"event_name":"betterMatch:BetterMatch","floor":22,"gold_loss":0,"cards_obtained":["betterMatch:CommonCard"]},{"cards_removed":["blackbeard:BlackbeardStrike"],"damage_healed":0,"gold_gain":0,"player_choice":"Purged","damage_taken":0,"max_hp_gain":0,"max_hp_loss":0,"event_name":"Purifier","floor":24,"gold_loss":0},{"damage_healed":0,"gold_gain":0,"player_choice":"Ignored","damage_taken":0,"max_hp_gain":0,"max_hp_loss":0,"event_name":"betterNote:BetterNote","floor":33,"gold_loss":0,"cards_obtained":["Strike_R"]},{"damage_healed":0,"gold_gain":3,"player_choice":"4","damage_taken":0,"max_hp_gain":0,"max_hp_loss":0,"event_name":"betterStone:BetterStone","floor":40,"gold_loss":0,"cards_obtained":["Strike_R"]}],"is_beta":false,"boss_relics":[{"not_picked":["hubris:HollowSoul","halation:MonkeysPaw"],"picked":"blackbeard:Karategi"},{"not_picked":[]},{"not_picked":["MagicMushroom","ReplayTheSpireMod:DimensionalGlitch"],"picked":"Replay:Wanted Poster"},{"not_picked":[]}],"items_purged_floors":[],"is_endless":false,"potions_floor_spawned":[5,16,18,21,35,48,50],"ascension_level":0}}