{"host":"4edbuligkc8x13l4","time":1607618207,"event":{"mods":["BaseMod","SuperFastMode","StSLib","Minty Spire (QoL Compilation)"],"gold_per_floor":[110,110,125,72,88,88,88,123,123,134,134,160,180,213,213,290,290,309,213,188,204,154,186,186,186,186,186,236,253,253,253],"floor_reached":30,"playtime":823,"items_purged":["Defend_R","Strike_R"],"score":496,"play_id":"f3caa1c6-1235-4546-aba1-a0342eb30fba","local_time":"20201211003647","is_ascension_mode":true,"campfire_choices":[{"data":"Pommel Strike","floor":6.0,"key":"SMITH"},{"data":"Sword Boomerang","floor":11.0,"key":"SMITH"},{"data":"Demon Form","floor":15.0,"key":"SMITH"},{"floor":24,"key":"REST"},{"data":"Strike_R","floor":27,"key":"PURGE"}],"circlet_count":0,"master_deck":["AscendersBane","Strike_R","Strike_R","Defend_R","Defend_R","Bash","Cleave","Sword Boomerang+1","Pommel Strike+1","Battle Trance","Demon Form+1","Ghostly Armor","Second Wind","Double Tap","Shrug It Off","Feel No Pain","Berserk"],"special_seed":0,"relics":["Black Blood","Smiling Mask","Meat on the Bone","The Courier","CaptainsWheel","Blood Vial","Bag of Marbles","Peace Pipe"],"acts_visited":["Exordium","TheCity"],"potions_floor_usage":[23,23],"damage_taken":[{"damage":14.0,"enemies":"Jaw Worm","floor":1.0,"turns":4.0},{"damage":7.0,"enemies":"Small Slimes","floor":3.0,"turns":4.0},{"damage":1.0,"enemies":"Cultist","floor":5.0,"turns":3.0},{"damage":35.0,"enemies":"3 Sentries","floor":8.0,"turns":7.0},{"damage":17.0,"enemies":"Exordium Thugs","floor":10.0,"turns":4.0},{"damage":10.0,"enemies":"Lagavulin","floor":12.0,"turns":5.0},{"damage":7.0,"enemies":"3 Louse","floor":13.0,"turns":3.0},{"damage":8.0,"enemies":"Gremlin Nob","floor":14.0,"turns":4.0},{"damage":50.0,"enemies":"The Guardian","floor":16.0,"turns":9.0},{"damage":19.0,"enemies":"Chosen","floor":18.0,"turns":6.0},{"damage":26.0,"enemies":"2 Thieves","floor":20.0,"turns":4.0},{"damage":42.0,"enemies":"Snecko","floor":21.0,"turns":6.0},{"damage":27,"enemies":"Book of Stabbing","floor":23,"turns":5},{"damage":36,"enemies":"Snake Plant","floor":29,"turns":4},{"damage":58,"enemies":"Cultist and Chosen","floor":30,"turns":5}],"seed_played":"1940511169609112592","potions_obtained":[{"floor":5.0,"key":"Regen Potion"},{"floor":10.0,"key":"GamblersBrew"},{"floor":12.0,"key":"PowerPotion"},{"floor":13.0,"key":"Dexterity Potion"},{"floor":16.0,"key":"SteroidPotion"}],"is_trial":false,"path_per_floor":["M","?","M","$","M","R","?","E","T","M","R","E","M","E","R","B",null,"M","$","M","M","$","E","R","?","T","R","?","M","M"],"character_chosen":"IRONCLAD","items_purchased":["Pommel Strike","Shrug It Off"],"campfire_rested":1,"item_purchase_floors":[4,19],"current_hp_per_floor":[60,60,59,59,64,64,64,35,35,45,45,53,52,50,50,20,61,56,56,56,40,40,39,61,61,61,61,61,51,0,0],"gold":253,"neow_bonus":"RANDOM_COMMON_RELIC","is_daily":false,"chose_seed":false,"campfire_upgraded":3,"win_rate":0,"timestamp":1607618207,"path_taken":["M","?","M","$","M","R","?","E","T","M","R","E","M","E","R","BOSS","M","$","M","M","$","E","R","?","T","R","?","?","M"],"build_version":"2020-11-30","purchased_purges":2,"victory":false,"max_hp_per_floor":[75,75,75,75,75,75,75,75,75,75,75,75,75,75,75,75,75,75,75,75,75,75,75,75,75,75,75,75,75,75,75],"card_choices":[{"not_picked":["Wild Strike","Twin Strike"],"picked":"Cleave","floor":1.0},{"not_picked":["Perfected Strike","Shrug It Off"],"picked":"Sword Boomerang","floor":3.0},{"not_picked":["Burning Pact","Infernal Blade"],"picked":"Battle Trance","floor":5.0},{"not_picked":["Cleave","Blood for Blood"],"picked":"Demon Form","floor":8.0},{"not_picked":["Clothesline","Thunderclap","Perfected Strike"],"picked":"SKIP","floor":10.0},{"not_picked":["Iron Wave","Pommel Strike"],"picked":"Ghostly Armor","floor":12.0},{"not_picked":["Iron Wave","Hemokinesis","Headbutt"],"picked":"SKIP","floor":13.0},{"not_picked":["Sever Soul","Headbutt"],"picked":"Second Wind","floor":14.0},{"not_picked":["Reaper","Immolate"],"picked":"Double Tap","floor":16.0},{"not_picked":["Hemokinesis","Shrug It Off","Heavy Blade"],"picked":"SKIP","floor":18.0},{"not_picked":["Thunderclap","Perfected Strike"],"picked":"Feel No Pain","floor":20.0},{"not_picked":["Pommel Strike","Perfected Strike","Anger"],"picked":"SKIP","floor":21.0},{"not_picked":["Flex","Cleave"],"picked":"Berserk","floor":23},{"not_picked":["Combust","Body Slam","Clash"],"picked":"SKIP","floor":29}],"player_experience":891751,"relics_obtained":[{"floor":8.0,"key":"Meat on the Bone"},{"floor":9.0,"key":"The Courier"},{"floor":12.0,"key":"CaptainsWheel"},{"floor":14.0,"key":"Blood Vial"},{"floor":23,"key":"Bag of Marbles"},{"floor":26,"key":"Peace Pipe"}],"event_choices":[{"cards_removed":["Strike_R"],"damage_healed":0.0,"max_hp_gain":0.0,"max_hp_loss":0.0,"gold_gain":0.0,"event_name":"Living Wall","player_choice":"Forget","floor":2.0,"gold_loss":0.0,"damage_taken":0.0},{"damage_healed":0.0,"max_hp_gain":0.0,"max_hp_loss":0.0,"gold_gain":0.0,"event_name":"Liars Game","player_choice":"Ignored","floor":7.0,"gold_loss":0.0,"damage_taken":0.0},{"cards_removed":["Defend_R"],"damage_healed":0,"gold_gain":0,"player_choice":"Elegance","damage_taken":0,"max_hp_gain":0,"max_hp_loss":0,"event_name":"Back to Basics","floor":25,"gold_loss":0},{"damage_healed":0,"gold_gain":50,"player_choice":"Pray","damage_taken":0,"max_hp_gain":0,"max_hp_loss":0,"event_name":"Golden Shrine","floor":28,"gold_loss":0}],"is_beta":false,"boss_relics":[{"not_picked":["Astrolabe","Black Star"],"picked":"Black Blood"}],"items_purged_floors":[19,22],"is_endless":false,"potions_floor_spawned":[5,10,12,13,16,18,21],"killed_by":"Cultist and Chosen","ascension_level":17}}