{"host":"ko40t1o51xotjt2v","time":1607630206,"event":{"mods":["BaseMod","GifTheSpireLib","StSLib","AchievementEnabler","Downfall","Downfall-Rebalance","2.2 Compatiblity","Aspiration","Energized Spire","Halation","Hubris","Jedi Mod","MostiFishMod","Spikes Relics","Stuff the Spire","TestMod","Conspire","Spicy Shops","Minty Spire (QoL Compilation)","vexMod"],"gold_per_floor":[110,122,142,67,77,107,117,147,171,198,210,244,50,68,68,163,163,177,177,194,97,97,122,134,161,242,271,282,315,326,339,339,438,438,452,452,466,466,24,49,49,78,78,106,106,123,151,163,163,163,163,163,41,74,74],"floor_reached":56,"playtime":1985,"items_purged":["Strike_B"],"score":2224,"play_id":"80b04574-f537-4285-8039-cfaa4ea7dff8","local_time":"20201210205646","is_ascension_mode":true,"campfire_choices":[{"floor":15,"key":"REST"},{"floor":32,"key":"RECALL"},{"data":"Zap","floor":41,"key":"SMITH"},{"data":"Gash","floor":45,"key":"SMITH"},{"data":"Beam Cell","floor":49,"key":"SMITH"},{"data":"Go for the Eyes","floor":52,"key":"SMITH"}],"circlet_count":0,"master_deck":["Strike_B","Strike_B","Strike_B","Defend_B","Defend_B","Defend_B","Defend_B","Zap+1","Dualcast","Cold Snap","Gash+1","Gash","Ball Lightning","Go for the Eyes+1","Gash","Beam Cell+1","StuffTheSpire:Brawn","Core Surge","Gash+1","MostiFishMod:StarOceanB"],"relics":["Cracked Core","DaveBox","testmod-TestBox","testmod-Alchemist","ShadowXiaoBlade","NeowsBlessing","Question Card","Omamori","halation:AfternoonTea","SentryEyes","aspiration:HummingbirdHeart","Frozen Eye","ImportantClient","ChiXiaoBlade","CrustySpines","jedi:purplefairy","hubris:DeckOfHolding","BionicSphere","Toy Ornithopter","testmod-BatchProcessingSystem","hubris:Towel","SnailShell","aspiration:FrozenJewel","Lantern","testmod-IntensifyImprint","testmod-LifeArmor","jedi:superconductor","hubris:CrystalStatue","testmod-CasingShield","StuffTheSpire:BottledEssence","conspire:GiftBox"],"acts_visited":["Exordium","TheCity","TheBeyond","TheEnding"],"potions_floor_usage":[11,55],"damage_taken":[{"damage":0,"enemies":"Cultist","floor":1,"turns":1},{"damage":0,"enemies":"conspire:RoseBush","floor":2,"turns":1},{"damage":0,"enemies":"2 Louse","floor":3,"turns":1},{"damage":10,"enemies":"2 Fungi Beasts","floor":5,"turns":3},{"damage":11,"enemies":"3 Sentries","floor":6,"turns":4},{"damage":18,"enemies":"Exordium Wildlife","floor":7,"turns":3},{"damage":11,"enemies":"Gremlin Nob","floor":8,"turns":3},{"damage":3,"enemies":"3 Sentries","floor":10,"turns":4},{"damage":3,"enemies":"Large Slime","floor":11,"turns":2},{"damage":0,"enemies":"Lagavulin","floor":12,"turns":2},{"damage":0,"enemies":"Exordium Thugs","floor":14,"turns":2},{"damage":0,"enemies":"Slime Boss","floor":16,"turns":3},{"damage":0,"enemies":"Shell Parasite","floor":18,"turns":2},{"damage":0,"enemies":"3 Byrds","floor":20,"turns":2},{"damage":0,"enemies":"conspire:Head Lice","floor":23,"turns":2},{"damage":0,"enemies":"Snecko","floor":24,"turns":2},{"damage":5,"enemies":"conspire:SneckoGhost","floor":25,"turns":2},{"damage":0,"enemies":"conspire:Head Lice","floor":27,"turns":2},{"damage":0,"enemies":"Centurion and Healer","floor":28,"turns":2},{"damage":0,"enemies":"Book of Stabbing","floor":29,"turns":2},{"damage":0,"enemies":"Snake Plant","floor":30,"turns":2},{"damage":0,"enemies":"Snecko","floor":31,"turns":2},{"damage":0,"enemies":"Champ","floor":33,"turns":3},{"damage":0,"enemies":"3 Shapes","floor":35,"turns":1},{"damage":0,"enemies":"3 Darklings","floor":37,"turns":2},{"damage":0,"enemies":"Giant Head","floor":40,"turns":4},{"damage":0,"enemies":"Nemesis","floor":42,"turns":3},{"damage":0,"enemies":"Giant Head","floor":44,"turns":4},{"damage":0,"enemies":"Spire Growth","floor":46,"turns":2},{"damage":0,"enemies":"Nemesis","floor":47,"turns":3},{"damage":0,"enemies":"Sphere and 2 Shapes","floor":48,"turns":2},{"damage":0,"enemies":"hubris:GrandSnecko","floor":50,"turns":4},{"damage":0,"enemies":"Shield and Spear","floor":54,"turns":2},{"damage":0,"enemies":"The Heart","floor":55,"turns":3}],"seed_played":"525554142933065686","potions_obtained":[{"floor":1,"key":"Strength Potion"},{"floor":3,"key":"Weak Potion"},{"floor":10,"key":"FearPotion"},{"floor":11,"key":"SteroidPotion"},{"floor":12,"key":"FocusPotion"},{"floor":14,"key":"Regen Potion"},{"floor":47,"key":"AttackPotion"}],"is_trial":false,"path_per_floor":["M","M","M","$","M","E","M","E","T","E","M","E","$","M","R","B",null,"M","$","M","?","?","E","M","E","T","E","M","E","M","M","R","B",null,"M","?","M","?","$","E","R","E","T","E","R","M","E","M","R","B",null,"R","$","E","B",null],"character_chosen":"DEFECT","items_purchased":["Gash","Frozen Eye","SnailShell","aspiration:FrozenJewel","Lantern","StuffTheSpire:BottledEssence"],"campfire_rested":1,"item_purchase_floors":[13,13,39,39,39,53],"current_hp_per_floor":[75,75,75,75,65,54,36,25,25,22,19,19,19,19,41,50,69,69,69,69,69,69,69,69,64,64,64,64,64,64,64,64,64,72,72,72,72,72,72,72,75,75,75,75,75,75,75,75,75,75,75,75,75,75,75],"gold":74,"neow_bonus":"THREE_ENEMY_KILL","is_daily":false,"chose_seed":false,"campfire_upgraded":4,"win_rate":0,"timestamp":1607630206,"path_taken":["M","M","M","$","M","E","M","E","T","E","M","E","$","M","R","BOSS","M","?","M","?","?","E","M","E","T","E","M","E","M","?","R","BOSS","M","?","?","?","$","E","R","E","T","E","R","M","E","M","R","BOSS","R","$","E","BOSS"],"build_version":"2020-11-30","purchased_purges":1,"victory":true,"max_hp_per_floor":[75,75,75,75,75,75,75,75,75,75,75,75,75,75,75,75,75,75,75,75,75,75,75,75,75,75,75,75,75,75,75,75,75,75,75,75,75,75,75,75,75,75,75,75,75,75,75,75,75,75,75,75,75,75,75],"card_choices":[{"not_picked":["Sunder","Tempest"],"picked":"Cold Snap","floor":1},{"not_picked":["Hologram","StuffTheSpire:Synthwave","jedi:blockon","Sweeping Beam"],"picked":"SKIP","floor":2},{"not_picked":["Hologram","Sweeping Beam","Redo","Steam"],"picked":"SKIP","floor":3},{"not_picked":["Blizzard","conspire:SharedLibrary","Rebound"],"picked":"Gash","floor":5},{"not_picked":["Self Repair","jedi:blockon","jedi:BurstLightning"],"picked":"Gash","floor":6},{"not_picked":["Turbo","Recycle","Doom and Gloom"],"picked":"Ball Lightning","floor":7},{"not_picked":["hubris:Ukulele","jedi:markofdeath","jedi:BurstFrost","Undo"],"picked":"SKIP","floor":8},{"not_picked":["Barrage","jedi:sharpshooter","StuffTheSpire:Purify","Loop"],"picked":"SKIP","floor":10},{"not_picked":["jedi:blockon","jedi:locknload","jedi:BurstLightning"],"picked":"Go for the Eyes","floor":11},{"not_picked":["BootSequence","Consume","Ball Lightning","jedi:BurstLightning"],"picked":"SKIP","floor":12},{"not_picked":["Rebound","Steam","Double Energy"],"picked":"Beam Cell","floor":14},{"not_picked":["jedi:locknload","StuffTheSpire:Plugnplay","Turbo","Darkness+1"],"picked":"SKIP","floor":18},{"not_picked":["Force Field","Redo+1","Ball Lightning","Conserve Battery"],"picked":"SKIP","floor":20},{"not_picked":["jedi:overflow","Ball Lightning","Skim+1","jedi:markofdeath"],"picked":"SKIP","floor":23},{"not_picked":["StuffTheSpire:GlassShard+1","jedi:blockon","conspire:Rain","Static Discharge+1"],"picked":"SKIP","floor":24},{"not_picked":["DiskWipe","Cold Snap","jedi:blockon","Coolheaded"],"picked":"SKIP","floor":25},{"not_picked":["jedi:readyaimfire","Static Discharge+1","FTL","Sweeping Beam"],"picked":"SKIP","floor":27},{"not_picked":["Streamline+1","Stack+1","conspire:SharedLibrary","aspiration:Polymerization"],"picked":"SKIP","floor":28},{"not_picked":["Barrage","Stack+1","Cold Snap","Leap"],"picked":"SKIP","floor":29},{"not_picked":["Rebound","jedi:hex","jedi:blockon","Stack+1"],"picked":"SKIP","floor":30},{"not_picked":["Compile Driver+1","hubris:Ukulele","Recycle"],"picked":"Core Surge","floor":31},{"not_picked":["Go for the Eyes+1","Redo+1","Reinforced Body+1","jedi:BurstFrost+1"],"picked":"SKIP","floor":35},{"not_picked":["StuffTheSpire:GlassShard+1","Double Energy","Recycle+1","jedi:locknload"],"picked":"SKIP","floor":37},{"not_picked":["jedi:blockon+1","Go for the Eyes+1","Reinforced Body","StuffTheSpire:EventHorizon"],"picked":"SKIP","floor":40},{"not_picked":["Go for the Eyes+1","Darkness","Skim"],"picked":"Gash+1","floor":42},{"not_picked":["jedi:hex+1","Go for the Eyes+1","MostiFishMod:InterfaceCompatibility","Ball Lightning+1"],"picked":"SKIP","floor":44},{"not_picked":["Turbo+1","jedi:blockon+1","Gash+1","Rebound+1"],"picked":"SKIP","floor":46},{"not_picked":["Streamline+1","conspire:Rain+1","jedi:BurstFrost","StuffTheSpire:LoadUp"],"picked":"SKIP","floor":47},{"not_picked":["Barrage","Rebound+1","Auto Shields","aspiration:Polymerization+1"],"picked":"SKIP","floor":48},{"not_picked":["MostiFishMod:ActiveDefenseSystem","MostiFishMod:Tomorrow","MostiFishMod:Impulse"],"picked":"MostiFishMod:StarOceanB","floor":54},{"not_picked":["Double Energy+1","Chill","Melter","Static Discharge+1"],"picked":"SKIP","floor":54}],"player_experience":413390,"relics_obtained":[{"floor":1,"key":"Question Card"},{"floor":6,"key":"Omamori"},{"floor":8,"key":"halation:AfternoonTea"},{"floor":10,"key":"SentryEyes"},{"floor":12,"key":"aspiration:HummingbirdHeart"},{"floor":16,"key":"ImportantClient"},{"floor":23,"key":"CrustySpines"},{"floor":25,"key":"jedi:purplefairy"},{"floor":26,"key":"hubris:DeckOfHolding"},{"floor":27,"key":"BionicSphere"},{"floor":29,"key":"Toy Ornithopter"},{"floor":40,"key":"testmod-IntensifyImprint"},{"floor":42,"key":"testmod-LifeArmor"},{"floor":43,"key":"jedi:superconductor"},{"floor":44,"key":"hubris:CrystalStatue"},{"floor":47,"key":"testmod-CasingShield"},{"floor":54,"key":"conspire:GiftBox"}],"event_choices":[{"damage_healed":0,"gold_gain":0,"player_choice":"Bought 0 Potions","damage_taken":0,"max_hp_gain":0,"max_hp_loss":0,"event_name":"The Woman in Blue","floor":36,"gold_loss":0}],"is_beta":false,"boss_relics":[{"not_picked":["testmod-Nine","testmod-BloodSacrificeSpiritualization"],"picked":"ChiXiaoBlade"},{"not_picked":["hubris:BlackHole","StuffTheSpire:Kangaroo"],"picked":"testmod-BatchProcessingSystem"}],"items_purged_floors":[4],"is_endless":false,"potions_floor_spawned":[1,3,10,11,12,14,18,25,27,29,30,31,35,42,47],"ascension_level":5}}