{"host":"a484oiac96svwyi6","time":1607584828,"event":{"gold_per_floor":[1002,1002,1102,1102,1102,1102,1140,1165,1165,1165,472,494,494,517,517,627,627,651,674,540,540,578,578,622,622,649,700,728,728,766,691,691,712,712],"floor_reached":33,"playtime":3745,"items_purged":["theDuelist:RainbowMagician"],"score":460,"play_id":"85b7bad1-3050-4d6a-97a3-48121910d838","local_time":"20201210022028","is_ascension_mode":true,"campfire_choices":[{"data":"dioMod:MudaMudaMuda","floor":6,"key":"SMITH"},{"floor":10,"key":"REST"},{"floor":15,"key":"REST"},{"floor":23,"key":"REST"},{"floor":25,"key":"REST"},{"floor":29,"key":"REST"},{"floor":32,"key":"REST"}],"neow_cost":"","seed_source_timestamp":866654195917200,"circlet_count":0,"master_deck":["dioMod:Strike","dioMod:Strike","dioMod:Strike","dioMod:Strike","Bite","dioMod:MudaMudaMuda+1","relicPack:TruthCard","theDuelist:GoyoKing","dioMod:LaserVision","dioMod:DominatingPresence","dioMod:MudaMudaMuda","dioMod:Freeze","dioMod:Regeneration","dioMod:DoubleTime","dioMod:PathToHeaven","dioMod:Hiss+1","dioMod:DoubleTime+1","dioMod:Muda","StuffTheSpire:FreeRealEstate","dioMod:SadisticLaugh+1","dioMod:Muda+1","dioMod:MudaMudaMuda+1","dioMod:TheWalk","dioMod:BloodShield","Dramatic Entrance","dioMod:HeavyLifting","dioMod:ZaWarudo"],"relics":["dioMod:VampireBlood","HowToJump","Oddly Smooth Stone","Boot","Toolbox","Replay:Bandana","Turnip","relicPack:EdsArm","Nunchaku","Ginger","StuffTheSpire:Expresso","Rawhide","conspire:SpecialSausage","Question Card","MiniBlackHole","conspire:Dentures"],"potions_floor_usage":[16,16,33],"damage_taken":[{"damage":0,"enemies":"2 Louse","floor":1,"turns":3},{"damage":62,"enemies":"3 Sentries","floor":7,"turns":9},{"damage":20,"enemies":"Jaw Worm","floor":8,"turns":3},{"damage":1,"enemies":"Cultist","floor":12,"turns":2},{"damage":19,"enemies":"Looter","floor":14,"turns":4},{"damage":55,"enemies":"Hexaghost","floor":16,"turns":12},{"damage":12,"enemies":"Spheric Guardian","floor":18,"turns":4},{"damage":17,"enemies":"Chosen","floor":19,"turns":6},{"damage":47,"enemies":"Sentry and Sphere","floor":22,"turns":6},{"damage":30,"enemies":"Gremlin Leader","floor":24,"turns":7},{"damage":22,"enemies":"Slavers","floor":27,"turns":3},{"damage":19,"enemies":"Snake Plant","floor":28,"turns":3},{"damage":9,"enemies":"Cultist and Chosen","floor":30,"turns":3},{"damage":86,"enemies":"StardustCrusaders","floor":33,"turns":8}],"seed_played":"6083019403189030592","potions_obtained":[{"floor":1,"key":"Fire Potion"},{"floor":7,"key":"Conjunction:LightningMarble"},{"floor":24,"key":"Dexterity Potion"},{"floor":27,"key":"EssenceOfSteel"},{"floor":30,"key":"LifebloodPotion"}],"is_trial":false,"path_per_floor":["M","?","?","?","?","R","E","M","T","R","$","M","?","M","R","B",null,"M","M","$","?","M","R","E","R","T","E","M","R","M","?","R","B"],"character_chosen":"THE_DEFAULT","items_purchased":["dioMod:MudaMudaMuda","dioMod:MudaMudaMuda","Oddly Smooth Stone","Boot","Toolbox","Replay:Bandana","StuffTheSpire:FreeRealEstate","StuffTheSpire:Expresso","Rawhide","dioMod:MudaMudaMuda","dioMod:Muda","StuffTheSpire:FreeRealEstate"],"campfire_rested":6,"item_purchase_floors":[0,0,0,0,0,0,0,11,11,11,20,20],"current_hp_per_floor":[75,75,75,75,70,70,27,14,14,35,35,39,39,29,50,28,70,67,55,55,55,30,51,44,65,65,54,38,59,58,58,70,0,0],"gold":712,"neow_bonus":"","is_prod":false,"is_daily":false,"chose_seed":false,"campfire_upgraded":1,"win_rate":0,"timestamp":1607584828,"path_taken":["M","?","?","?","?","R","E","M","T","R","$","?","?","M","R","BOSS","M","M","$","?","M","R","E","R","T","E","M","R","M","?","R","BOSS"],"build_version":"2020-11-30","purchased_purges":1,"victory":false,"max_hp_per_floor":[75,75,75,75,70,70,70,70,70,70,70,70,70,70,70,70,70,70,70,70,70,70,70,70,70,70,70,70,70,70,70,70,70,70],"relic_stats":{"Nunchaku":[18],"counters":[39,154],"Turnip":[15],"Ginger":[9],"Boot":[18],"Question Card":8,"obtain_stats":[{"SnailShell":38,"SacredBark":17,"RetroEgg":30,"Rawhide":11,"conspire:SpecialSausage":17,"Replay:Multitool":40,"Whetstone":8,"Ginger":9,"Smiling Mask":11,"Empty Cage":17,"Boot":0,"Replay:Rubber Ducky":9,"Replay:Wanted Poster":17,"StuffTheSpire:RunicConfusion":17,"vexMod:InvisibilityCloak":24,"Nunchaku":44,"Replay:Bandana":0,"hubris:Icosahedron":19,"StuffTheSpire:HeavyRock":6,"Toolbox":0,"MiniBlackHole":26,"conspire:Dentures":27,"Girya":20,"HowToJump":0,"Replay:Grab Bag":17,"Oddly Smooth Stone":0,"StuffTheSpire:Expresso":11,"Letter Opener":26,"Question Card":24,"relicPack:EdsArm":5,"Bottled Flame":45,"relicPack:KazumaCape":34,"StuffTheSpire:Mouthbags":43,"dioMod:VampireBlood":0,"betterThird:SlimedRelic":3,"Turnip":0,"ReplayTheSpireMod:TigerMarble":28,"ReplayTheSpireMod:DimensionalGlitch":38,"vexMod:ImprovementManual":28},{"SnailShell":18,"SacredBark":8,"RetroEgg":14,"Rawhide":28,"conspire:SpecialSausage":31,"Replay:Multitool":19,"Whetstone":4,"Ginger":28,"Smiling Mask":5,"Empty Cage":8,"Boot":25,"Replay:Rubber Ducky":4,"Replay:Wanted Poster":8,"StuffTheSpire:RunicConfusion":8,"vexMod:InvisibilityCloak":11,"Nunchaku":21,"Replay:Bandana":25,"hubris:Icosahedron":9,"StuffTheSpire:HeavyRock":3,"Toolbox":25,"MiniBlackHole":35,"conspire:Dentures":36,"Girya":9,"HowToJump":0,"Replay:Grab Bag":8,"Oddly Smooth Stone":25,"StuffTheSpire:Expresso":28,"Letter Opener":12,"Question Card":35,"relicPack:EdsArm":26,"Bottled Flame":21,"relicPack:KazumaCape":16,"StuffTheSpire:Mouthbags":20,"dioMod:VampireBlood":0,"betterThird:SlimedRelic":1,"Turnip":25,"ReplayTheSpireMod:TigerMarble":13,"ReplayTheSpireMod:DimensionalGlitch":18,"vexMod:ImprovementManual":13},{"SnailShell":53,"SacredBark":32,"RetroEgg":45,"Rawhide":96,"conspire:SpecialSausage":114,"Replay:Multitool":57,"Whetstone":21,"Ginger":96,"Smiling Mask":24,"Empty Cage":32,"Boot":81,"Replay:Rubber Ducky":21,"Replay:Wanted Poster":32,"StuffTheSpire:RunicConfusion":32,"vexMod:InvisibilityCloak":40,"Nunchaku":66,"Replay:Bandana":81,"hubris:Icosahedron":35,"StuffTheSpire:HeavyRock":14,"Toolbox":81,"MiniBlackHole":137,"conspire:Dentures":140,"Girya":35,"HowToJump":0,"Replay:Grab Bag":32,"Oddly Smooth Stone":81,"StuffTheSpire:Expresso":96,"Letter Opener":42,"Question Card":137,"relicPack:EdsArm":84,"Bottled Flame":66,"relicPack:KazumaCape":51,"StuffTheSpire:Mouthbags":61,"dioMod:VampireBlood":0,"betterThird:SlimedRelic":3,"Turnip":81,"ReplayTheSpireMod:TigerMarble":43,"ReplayTheSpireMod:DimensionalGlitch":53,"vexMod:ImprovementManual":43}]},"card_choices":[{"not_picked":["dioMod:HeavyLifting","dioMod:FlyAway"],"picked":"dioMod:SadisticLaugh","floor":1},{"not_picked":["dioMod:BlendIn","dioMod:TripleThreat"],"picked":"dioMod:LaserVision","floor":7},{"not_picked":["dioMod:HeavyLifting","dioMod:SevenPageMuda"],"picked":"dioMod:DominatingPresence","floor":8},{"not_picked":["dioMod:TripleThreat","dioMod:BloodSplash"],"picked":"dioMod:Freeze","floor":12},{"not_picked":["dioMod:BloodTransfusion","dioMod:TripleThreat"],"picked":"dioMod:DoubleTime","floor":14},{"not_picked":["dioMod:KonoDioDa","dioMod:Regeneration"],"picked":"dioMod:PathToHeaven","floor":16},{"not_picked":["dioMod:VengefulMuda","dioMod:CoffinBath"],"picked":"dioMod:Hiss+1","floor":18},{"not_picked":["dioMod:Minions+1","dioMod:ComboFever"],"picked":"dioMod:DoubleTime+1","floor":19},{"not_picked":["dioMod:BloodSuck","dioMod:Roundabout"],"picked":"dioMod:SadisticLaugh+1","floor":22},{"not_picked":["dioMod:BlendIn+1","dioMod:RoadRoller"],"picked":"dioMod:Muda+1","floor":24},{"not_picked":["dioMod:TripleThreat","dioMod:WRYYY","dioMod:CutDeep"],"picked":"dioMod:MudaMudaMuda+1","floor":27},{"not_picked":["dioMod:ComposedMuda","dioMod:SlashThroughTime+1","dioMod:BloodSuck"],"picked":"dioMod:TheWalk","floor":28},{"not_picked":["dioMod:TripleThreat+1","dioMod:Diversion","dioMod:SadisticLaugh"],"picked":"dioMod:BloodShield","floor":30},{"not_picked":["Specialist","DDmod:MulticlassingSkill","Dark Shackles"],"picked":"Dramatic Entrance","floor":31},{"not_picked":["dioMod:BlendIn","dioMod:Roundabout","dioMod:StreetSign"],"picked":"dioMod:HeavyLifting","floor":31},{"not_picked":["dioMod:UltimateSacrifice","dioMod:SevenPageMuda","dioMod:Regeneration"],"picked":"dioMod:ZaWarudo","floor":31}],"player_experience":272767,"relics_obtained":[{"floor":7,"key":"Nunchaku"},{"floor":9,"key":"Ginger"},{"floor":24,"key":"Question Card"},{"floor":26,"key":"MiniBlackHole"},{"floor":27,"key":"conspire:Dentures"}],"event_choices":[{"cards_removed":["dioMod:SadisticLaugh"],"damage_healed":0,"gold_gain":0,"player_choice":"Purged","damage_taken":0,"max_hp_gain":0,"max_hp_loss":0,"event_name":"Purifier","floor":2,"gold_loss":0},{"damage_healed":0,"gold_gain":100,"player_choice":"Gold","damage_taken":0,"max_hp_gain":0,"max_hp_loss":0,"event_name":"Wheel of Change","floor":3,"gold_loss":0},{"damage_healed":0,"gold_gain":0,"cards_transformed":["astrologer:DarkMatter"],"player_choice":"Transformed","damage_taken":0,"max_hp_gain":0,"max_hp_loss":0,"event_name":"Transmorgrifier","floor":13,"gold_loss":0,"cards_obtained":["dioMod:Regeneration"]},{"damage_healed":0,"gold_gain":0,"player_choice":"Bought 0 Potions","damage_taken":0,"max_hp_gain":0,"max_hp_loss":0,"event_name":"The Woman in Blue","floor":21,"gold_loss":0},{"damage_healed":0,"gold_gain":0,"player_choice":"1","damage_taken":0,"max_hp_gain":0,"max_hp_loss":0,"event_name":"betterMatch:BetterMatch","floor":31,"gold_loss":0,"cards_obtained":["betterMatch:ColorlessUncommonCard","betterMatch:CommonCard","betterMatch:RareCard"]}],"is_beta":false,"boss_relics":[{"not_picked":["StuffTheSpire:RunicConfusion","relicPack:StarArrow"],"picked":"conspire:SpecialSausage"}],"items_purged_floors":[11],"is_endless":false,"potions_floor_spawned":[1,7,24,27,30],"killed_by":"StardustCrusaders","ascension_level":4}}