{"host":"jqa9y4qkalbx8qgz","time":1607594058,"event":{"gold_per_floor":[114,114,114,134,309,309,343,343,343,359,393,409,438,453,453,548,548,566,491,508,607,626,655,655,693,693,693,704,39,39,58,58,161,161,189,271,271,68,93,132,158,200,200,244,280,289,315,340,340,340],"floor_reached":51,"playtime":4695,"items_purged":["Defend_R","Strike_R","Strike_R"],"score":1298,"play_id":"50bf07a1-c77a-4a06-a5f5-22774e5fd90d","local_time":"20201210125418","is_ascension_mode":true,"campfire_choices":[{"data":"Pommel Strike","floor":6.0,"key":"SMITH"},{"data":"Bash","floor":8.0,"key":"SMITH"},{"data":"Barricade","floor":24.0,"key":"SMITH"},{"data":"Disarm","floor":27.0,"key":"SMITH"},{"data":"True Grit","floor":32.0,"key":"SMITH"},{"data":"Replay:SS_hec_2","floor":49,"key":"SMITH"}],"neow_cost":"","seed_source_timestamp":345406071230500,"circlet_count":0,"master_deck":["Strike_R","Strike_R","Strike_R","Defend_R","Defend_R+1","Bash+1","expansioncontent:QuickStudy","Pommel Strike","Pommel Strike+1","Evolve","Feel No Pain","Dark Embrace","Intimidate+1","Juggernaut","Dropkick","Iron Wave","Shrug It Off","Barricade+1","True Grit+1","Body Slam+1","Disarm+1","expansioncontent:ManipulateTime","True Grit+1","Warcry","ReplayTheSpireMod:Limb From Limb+1","ReplayTheSpireMod:Stacked+1","True Grit+1","expansioncontent:StudyTheSpire","Ghostly Armor+1","Inflame","Iron Wave+1","Impervious","Fiend Fire","expansioncontent:DashGenerateEvil","Replay:SS_fish_2","Replay:SS_hec_2+1","infinitespire:Gouge","infinitespire:Execution","True Grit+1"],"special_seed":0,"relics":["Burning Blood","Charon\u0027s Ashes","Happy Flower","ClockworkSouvenir","CCEMRelics:DerglesHeadphones","Mango","CCEMRelics:WhiteRose","War Paint","ReplayTheSpireMod:Shallot","Black Star","Bag of Preparation","CeramicFish","Durian","Nunchaku","Red Skull","CCEMRelics:WrappedPresent","Ancient Tea Set","Replay:Multitool","Honey Jar","wanderingMiniBosses:AbyssPearl","CCEMRelics:SpiritsEdge","Regal Pillow","InkBottle","CaptainsWheel","Pet Ghost","Ornamental Fan","White Beast Statue","Gambling Chip","ReplayTheSpireMod:ShopPack","CCEMRelics:Barrel"],"potions_floor_usage":[50,50,50,50,50],"damage_taken":[{"damage":0.0,"enemies":"Small Slimes","floor":1.0,"turns":4.0},{"damage":12.0,"enemies":"2 Louse","floor":4.0,"turns":2.0},{"damage":15.0,"enemies":"Lagavulin","floor":7.0,"turns":6.0},{"damage":1.0,"enemies":"Cultist","floor":10.0,"turns":3.0},{"damage":4.0,"enemies":"3 Sentries","floor":11.0,"turns":7.0},{"damage":6.0,"enemies":"Exordium Wildlife","floor":12.0,"turns":4.0},{"damage":8.0,"enemies":"Lagavulin","floor":13.0,"turns":6.0},{"damage":7.0,"enemies":"Blue Slaver","floor":14.0,"turns":3.0},{"damage":28.0,"enemies":"Slime Boss","floor":16.0,"turns":9.0},{"damage":50.0,"enemies":"Shell Parasite","floor":18.0,"turns":7.0},{"damage":11.0,"enemies":"Chosen","floor":20.0,"turns":4.0},{"damage":25.0,"enemies":"Shelled Parasite and Fungi","floor":22.0,"turns":9.0},{"damage":38.0,"enemies":"Slavers","floor":23.0,"turns":6.0},{"damage":3.0,"enemies":"Replay:Snechameleon","floor":25.0,"turns":8.0},{"damage":9.0,"enemies":"Centurion and Healer","floor":28.0,"turns":5.0},{"damage":0.0,"enemies":"Snake Plant","floor":31.0,"turns":3.0},{"damage":0.0,"enemies":"Champ","floor":33.0,"turns":10.0},{"damage":5.0,"enemies":"3 Darklings","floor":35.0,"turns":5.0},{"damage":0.0,"enemies":"3 Shapes","floor":39.0,"turns":3.0},{"damage":0.0,"enemies":"R_Hoarder","floor":40.0,"turns":7.0},{"damage":0.0,"enemies":"Spire Growth","floor":41.0,"turns":4.0},{"damage":0.0,"enemies":"Reptomancer","floor":42.0,"turns":6.0},{"damage":0.0,"enemies":"R_Hoarder","floor":44.0,"turns":6.0},{"damage":0.0,"enemies":"Transient","floor":48.0,"turns":5.0},{"damage":18,"enemies":"LordOfAnnihilation","floor":50,"turns":6}],"seed_played":"6785685899894019955","potions_obtained":[{"floor":1.0,"key":"Swift Potion"},{"floor":4.0,"key":"Elixir"},{"floor":12.0,"key":"DistilledChaos"},{"floor":13.0,"key":"SteroidPotion"},{"floor":16.0,"key":"Strength Potion"},{"floor":28.0,"key":"BlessingOfTheForge"},{"floor":35.0,"key":"Death Potion"},{"floor":36.0,"key":"ElixirPotion"},{"floor":39.0,"key":"Swift Potion"},{"floor":44.0,"key":"Block Potion"},{"floor":48.0,"key":"Reflective Coating"}],"is_trial":false,"path_per_floor":["M","?","?","M","?","R","E","R","T","M","E","M","E","M","R","B",null,"M","?","M","?","M","E","R","E","T","R","M","$","?","M","R","B",null,"M","?","?","$","M","E","M","E","T","E","AVR","?","T","M","R","B",null],"character_chosen":"IRONCLAD","items_purchased":["Charon\u0027s Ashes","Happy Flower","ClockworkSouvenir","expansioncontent:QuickStudy","Pommel Strike","Evolve","CCEMRelics:WrappedPresent","expansioncontent:ManipulateTime","Ancient Tea Set","True Grit","SpeedPotion","True Grit+1","expansioncontent:StudyTheSpire"],"campfire_rested":0,"item_purchase_floors":[0,0,0,0,0,0,29,29,29,29,29,38,38],"current_hp_per_floor":[48,53,35,29,29,41,46,58,58,71,73,73,71,70,70,48,99,55,55,50,50,39,15,27,35,35,47,44,54,54,60,72,78,109,109,82,82,82,96,102,108,109,109,109,109,82,82,96,108,96],"gold":340,"neow_bonus":"","is_prod":false,"is_daily":false,"chose_seed":false,"campfire_upgraded":6,"win_rate":0,"timestamp":1607594058,"path_taken":["M","?","?","M","?","R","E","R","T","M","E","M","E","M","R","BOSS","M","?","M","?","M","E","R","E","T","R","M","$","?","M","R","BOSS","M","?","?","$","M","E","?","E","T","E","AVR","?","?","M","R","BOSS"],"build_version":"2020-11-30","purchased_purges":3,"victory":true,"max_hp_per_floor":[80,85,85,85,85,85,99,99,99,99,99,99,99,99,99,99,99,99,99,99,99,99,99,99,104,104,104,104,109,109,109,109,109,109,109,109,109,109,109,109,109,109,109,109,109,109,109,109,109,109],"relic_stats":{"Regal Pillow":0,"Happy Flower":[48],"counters":[132,612],"CeramicFish":171,"Charon\u0027s Ashes":[647],"Bag of Preparation":[68],"War Paint":["Spot Weakness","Dual Wield","Intimidate","Defend_R"],"Burning Blood":238,"Nunchaku":[7],"Ornamental Fan":[20],"Gambling Chip":[8],"Black Star":5,"obtain_stats":[{"Golden Egg":54,"Replay:Accelerometer":24,"Whetstone":28,"Boot":13,"Sling":0,"Old Coin":44,"CCEMRelics:DerglesHeadphones":3,"HandDrill":53,"Replay:Wax Seal":44,"Replay:Bottled Steam":9,"Pen Nib":43,"Guardian:PocketSentry":15,"SlaversCollar":17,"MutagenicStrength":19,"Unceasing Top":13,"Abe\u0027s Treasure":17,"Regal Pillow":40,"CCEMRelics:WrappedPresent":29,"Magic Flower":39,"Blue Doll":0,"wanderingMiniBosses:AbyssPearl":35,"Replay:Multitool":47,"Bag of Preparation":3,"Ancient Tea Set":29,"Burning Blood":20,"Pet Ghost":42,"Replay:Rubber Ducky":40,"Shovel":14,"Toolbox":0,"Replay:Bottled Eggs":46,"CCEMRelics:WhiteRose":9,"InkBottle":40,"Potion Belt":23,"Replay:M_StaffOfTheSnake":4,"Damaru":23,"PreservedInsect":11,"Omamori":7,"Ring of Greed":44,"MawBank":46,"Replay:Arrowhead":31,"sneckomod:BabySnecko":28,"Ornamental Fan":7,"Ring of Misfortune":44,"Garlic":42,"Durian":0,"Art of War":47,"ReplayTheSpireMod:Lightbulb":29,"Toy Ornithopter":41,"wanderingMiniBosses:Inkheart":31,"Nilry\u0027s Codex":31,"CeramicFish":40,"Vajra":21,"HornCleat":53,"Strawberry":9,"Honey Jar":34,"Prayer Wheel":41,"Iron Hammer":54,"Toxic Egg 2":41,"Happy Flower":43,"Oddly Smooth Stone":38,"Ring of Chaos":17,"Charon\u0027s Ashes":0,"War Paint":30,"OrangePellets":0,"ReplayTheSpireMod:Shallot":13,"Bronze Scales":11,"Simple Rune":46,"Black Star":34,"Nloth\u0027s Gift":28,"ReplayTheSpireMod:TigerMarble":43,"Grinning Jar":11,"Pocketwatch":0,"ReplayFunnel":42,"Replay:PocketPolymizer":30,"Melange":38,"Mango":7,"CloakClasp":0,"Incense Burner":0,"Juzu Bracelet":47,"Replay:Mystery Machine":45,"ClockworkSouvenir":0,"Replay:Bandana":39,"Nunchaku":45,"Mummified Hand":27,"Pantograph":45,"Gambling Chip":44,"Tiny Chest":25,"Red Mask":25,"Red Skull":26,"CCEMRelics:Barrel":47,"White Beast Statue":44,"CCEMRelics:SpiritsEdge":36,"Anchor":9,"CaptainsWheel":42,"Snack Pack":0,"Coffee Dripper":17,"PureWater":0,"ReplayTheSpireMod:ShopPack":45},{"Golden Egg":27,"Replay:Accelerometer":70,"Whetstone":98,"Boot":36,"Sling":55,"Old Coin":79,"CCEMRelics:DerglesHeadphones":108,"HandDrill":26,"Replay:Wax Seal":79,"Replay:Bottled Steam":33,"Pen Nib":22,"Guardian:PocketSentry":7,"SlaversCollar":8,"MutagenicStrength":39,"Unceasing Top":63,"Abe\u0027s Treasure":93,"Regal Pillow":127,"CCEMRelics:WrappedPresent":122,"Magic Flower":101,"Blue Doll":55,"wanderingMiniBosses:AbyssPearl":125,"Replay:Multitool":81,"Bag of Preparation":85,"Ancient Tea Set":122,"Burning Blood":94,"Pet Ghost":129,"Replay:Rubber Ducky":20,"Shovel":7,"Toolbox":83,"Replay:Bottled Eggs":24,"CCEMRelics:WhiteRose":110,"InkBottle":127,"Potion Belt":42,"Replay:M_StaffOfTheSnake":57,"Damaru":13,"PreservedInsect":90,"Omamori":88,"Ring of Greed":79,"MawBank":24,"Replay:Arrowhead":15,"sneckomod:BabySnecko":14,"Ornamental Fan":3,"Ring of Misfortune":79,"Garlic":22,"Durian":28,"Art of War":54,"ReplayTheSpireMod:Lightbulb":72,"Toy Ornithopter":51,"wanderingMiniBosses:Inkheart":74,"Nilry\u0027s Codex":98,"CeramicFish":20,"Vajra":11,"HornCleat":26,"Strawberry":89,"Honey Jar":75,"Prayer Wheel":79,"Iron Hammer":27,"Toxic Egg 2":51,"Happy Flower":79,"Oddly Smooth Stone":77,"Ring of Chaos":38,"Charon\u0027s Ashes":107,"War Paint":98,"OrangePellets":28,"ReplayTheSpireMod:Shallot":114,"Bronze Scales":5,"Simple Rune":104,"Black Star":16,"Nloth\u0027s Gift":43,"ReplayTheSpireMod:TigerMarble":52,"Grinning Jar":61,"Pocketwatch":28,"ReplayFunnel":22,"Replay:PocketPolymizer":45,"Melange":77,"Mango":110,"CloakClasp":0,"Incense Burner":28,"Juzu Bracelet":54,"Replay:Mystery Machine":53,"ClockworkSouvenir":28,"Replay:Bandana":19,"Nunchaku":80,"Mummified Hand":71,"Pantograph":53,"Gambling Chip":130,"Tiny Chest":14,"Red Mask":43,"Red Skull":121,"CCEMRelics:Barrel":130,"White Beast Statue":130,"CCEMRelics:SpiritsEdge":125,"Anchor":3,"CaptainsWheel":129,"Snack Pack":28,"Coffee Dripper":65,"PureWater":0,"ReplayTheSpireMod:ShopPack":130},{"Golden Egg":172,"Replay:Accelerometer":347,"Whetstone":439,"Boot":206,"Sling":288,"Old Coin":380,"CCEMRelics:DerglesHeadphones":478,"HandDrill":164,"Replay:Wax Seal":380,"Replay:Bottled Steam":198,"Pen Nib":133,"Guardian:PocketSentry":41,"SlaversCollar":53,"MutagenicStrength":220,"Unceasing Top":314,"Abe\u0027s Treasure":423,"Regal Pillow":585,"CCEMRelics:WrappedPresent":557,"Magic Flower":454,"Blue Doll":288,"wanderingMiniBosses:AbyssPearl":575,"Replay:Multitool":386,"Bag of Preparation":401,"Ancient Tea Set":557,"Burning Blood":426,"Pet Ghost":595,"Replay:Rubber Ducky":122,"Shovel":41,"Toolbox":394,"Replay:Bottled Eggs":147,"CCEMRelics:WhiteRose":486,"InkBottle":585,"Potion Belt":227,"Replay:M_StaffOfTheSnake":292,"Damaru":79,"PreservedInsect":413,"Omamori":406,"Ring of Greed":380,"MawBank":147,"Replay:Arrowhead":90,"sneckomod:BabySnecko":86,"Ornamental Fan":19,"Ring of Misfortune":380,"Garlic":133,"Durian":181,"Art of War":281,"ReplayTheSpireMod:Lightbulb":356,"Toy Ornithopter":260,"wanderingMiniBosses:Inkheart":364,"Nilry\u0027s Codex":439,"CeramicFish":122,"Vajra":70,"HornCleat":164,"Strawberry":409,"Honey Jar":371,"Prayer Wheel":380,"Iron Hammer":172,"Toxic Egg 2":260,"Happy Flower":380,"Oddly Smooth Stone":375,"Ring of Chaos":217,"Charon\u0027s Ashes":474,"War Paint":439,"OrangePellets":181,"ReplayTheSpireMod:Shallot":506,"Bronze Scales":28,"Simple Rune":461,"Black Star":98,"Nloth\u0027s Gift":229,"ReplayTheSpireMod:TigerMarble":267,"Grinning Jar":309,"Pocketwatch":181,"ReplayFunnel":133,"Replay:PocketPolymizer":237,"Melange":375,"Mango":486,"CloakClasp":0,"Incense Burner":181,"Juzu Bracelet":281,"Replay:Mystery Machine":274,"ClockworkSouvenir":181,"Replay:Bandana":115,"Nunchaku":383,"Mummified Hand":351,"Pantograph":274,"Gambling Chip":601,"Tiny Chest":86,"Red Mask":229,"Red Skull":552,"CCEMRelics:Barrel":601,"White Beast Statue":601,"CCEMRelics:SpiritsEdge":575,"Anchor":19,"CaptainsWheel":595,"Snack Pack":181,"Coffee Dripper":327,"PureWater":0,"ReplayTheSpireMod:ShopPack":601}],"InkBottle":[14]},"card_choices":[{"not_picked":["Massacre","Clothesline"],"picked":"Feel No Pain","floor":1.0},{"not_picked":["ReplayTheSpireMod:LeadingStrike","Replay:Undeath\u0027s Touch"],"picked":"Dark Embrace","floor":4.0},{"not_picked":["Metallicize","Run Through"],"picked":"Intimidate","floor":7.0},{"not_picked":["Rupture","ReplayTheSpireMod:Stacked","Thunderclap"],"picked":"SKIP","floor":10.0},{"not_picked":["Thunderclap","ReplayTheSpireMod:Strike From Hell"],"picked":"Juggernaut","floor":11.0},{"not_picked":["Armaments","ReplayTheSpireMod:Stacked"],"picked":"Dropkick","floor":12.0},{"not_picked":["Wild Strike","Rampage"],"picked":"Iron Wave","floor":13.0},{"not_picked":["Perfected Strike","Cleave"],"picked":"Shrug It Off","floor":14.0},{"not_picked":["Replay:Many Hands","Offering"],"picked":"Barricade","floor":16.0},{"not_picked":["Second Wind","Replay:Undeath\u0027s Touch"],"picked":"True Grit+1","floor":18.0},{"not_picked":["Rupture+1","Searing Blow+1"],"picked":"Body Slam+1","floor":20.0},{"not_picked":["ReplayTheSpireMod:Strike From Hell","Heavy Blade","Sword Boomerang+1"],"picked":"SKIP","floor":22.0},{"not_picked":["Inflame","Clash","Sever Soul"],"picked":"SKIP","floor":23.0},{"not_picked":["Cleave","Headbutt"],"picked":"Disarm","floor":25.0},{"not_picked":["Replay:Undeath\u0027s Touch","Body Slam","Hemokinesis"],"picked":"SKIP","floor":28.0},{"not_picked":["Wild Strike","Sword Boomerang","Heavy Blade+1"],"picked":"SKIP","floor":31.0},{"not_picked":["Cleave","Replay:Undeath\u0027s Touch+1","Clothesline+1"],"picked":"Warcry","floor":35.0},{"not_picked":["Dark Embrace","Clothesline","Heavy Blade"],"picked":"ReplayTheSpireMod:Limb From Limb+1","floor":36.0},{"not_picked":["ReplayReversal+1","Flex+1","Thunderclap+1"],"picked":"ReplayTheSpireMod:Stacked+1","floor":36.0},{"not_picked":["Armaments+1","Flex","Rupture"],"picked":"Ghostly Armor+1","floor":39.0},{"not_picked":["Wild Strike+1","Pommel Strike+1","Blood for Blood+1"],"picked":"Inflame","floor":40.0},{"not_picked":["Flex+1","Thunderclap+1","Evolve"],"picked":"Iron Wave+1","floor":41.0},{"not_picked":["Blood for Blood+1","Replay:Undeath\u0027s Touch","Infernal Blade"],"picked":"Impervious","floor":42.0},{"not_picked":["Reckless Charge+1","Perfected Strike","Wild Strike"],"picked":"Fiend Fire","floor":44.0},{"not_picked":["The Bomb","Master of Strategy","Magnetism"],"picked":"expansioncontent:DashGenerateEvil","floor":45.0},{"not_picked":["Purity","Flash of Steel","expansioncontent:CaCaw"],"picked":"Replay:SS_fish_2","floor":45.0},{"not_picked":["Replay:SS_forest_6","expansioncontent:DecasProtection","expansioncontent:GuardianWhirl"],"picked":"Replay:SS_hec_2","floor":45.0},{"not_picked":["infinitespire:Gouge","ReplayTheSpireMod:??????????????????????"],"picked":"infinitespire:Execution","floor":46.0},{"not_picked":["Warcry+1","Clothesline+1","Headbutt+1"],"picked":"True Grit+1","floor":48.0}],"player_experience":174714,"relics_obtained":[{"floor":7.0,"key":"Mango"},{"floor":9.0,"key":"CCEMRelics:WhiteRose"},{"floor":11.0,"key":"War Paint"},{"floor":13.0,"key":"ReplayTheSpireMod:Shallot"},{"floor":23.0,"key":"Bag of Preparation"},{"floor":23.0,"key":"CeramicFish"},{"floor":25.0,"key":"Durian"},{"floor":25.0,"key":"Nunchaku"},{"floor":26.0,"key":"Red Skull"},{"floor":29.0,"key":"Replay:Multitool"},{"floor":35.0,"key":"wanderingMiniBosses:AbyssPearl"},{"floor":36.0,"key":"CCEMRelics:SpiritsEdge"},{"floor":40.0,"key":"Regal Pillow"},{"floor":40.0,"key":"InkBottle"},{"floor":42.0,"key":"CaptainsWheel"},{"floor":42.0,"key":"Pet Ghost"},{"floor":43.0,"key":"Ornamental Fan"},{"floor":44.0,"key":"White Beast Statue"},{"floor":44.0,"key":"Gambling Chip"},{"floor":47.0,"key":"CCEMRelics:Barrel"}],"event_choices":[{"damage_healed":0.0,"max_hp_gain":5.0,"max_hp_loss":0.0,"gold_gain":0.0,"event_name":"Big Fish","player_choice":"Donut","floor":2.0,"gold_loss":0.0,"damage_taken":0.0},{"damage_healed":0.0,"max_hp_gain":0.0,"max_hp_loss":0.0,"gold_gain":0.0,"event_name":"Scrap Ooze","player_choice":"Success","floor":3.0,"gold_loss":0.0,"damage_taken":18.0,"relics_obtained":["CCEMRelics:DerglesHeadphones"]},{"damage_healed":0.0,"max_hp_gain":0.0,"max_hp_loss":0.0,"gold_gain":175.0,"event_name":"Liars Game","player_choice":"AGREE","floor":5.0,"gold_loss":0.0,"damage_taken":0.0,"cards_obtained":["Doubt"]},{"cards_removed":["Doubt"],"damage_healed":0.0,"max_hp_gain":0.0,"max_hp_loss":0.0,"gold_gain":0.0,"event_name":"Beggar","player_choice":"Gave Gold","floor":19.0,"gold_loss":75.0,"damage_taken":0.0},{"damage_healed":0.0,"max_hp_gain":0.0,"max_hp_loss":0.0,"gold_gain":99.0,"event_name":"Nest","player_choice":"Stole From Cult","floor":21.0,"gold_loss":0.0,"damage_taken":0.0},{"damage_healed":0.0,"max_hp_gain":0.0,"max_hp_loss":0.0,"gold_gain":0.0,"event_name":"SecretPortal","player_choice":"Ignored","floor":37.0,"gold_loss":0.0,"damage_taken":0.0}],"is_beta":false,"boss_relics":[{"not_picked":["Tiny House","infinitespire:Burning Sword"],"picked":"Black Star"},{"not_picked":["Empty Cage","Electric Blood"],"picked":"Honey Jar"}],"items_purged_floors":[0,29,45],"is_endless":false,"potions_floor_spawned":[1,4,12,13,16,18,20,28,35,39,44,48],"ascension_level":1}}