{"host":"49c2zf0lajbcs427","time":1607571704,"event":{"gold_per_floor":[117,131,143,163,181,181,191,224,224,249,249,140,140,165,165,267,267,287,301,318,33,33,33,51,79,147,223,250,250,250],"floor_reached":29,"playtime":2029,"items_purged":["Defend_P"],"score":550,"play_id":"cbc43b7b-175c-4f77-bdbe-942063a9dfb4","local_time":"20201210164144","is_ascension_mode":true,"campfire_choices":[{"data":"Eruption","floor":6,"key":"SMITH"},{"data":"Meditate","floor":11,"key":"SMITH"},{"data":"Consecrate","floor":13,"key":"SMITH"},{"data":"WindmillStrike","floor":15,"key":"SMITH"}],"neow_cost":"NONE","seed_source_timestamp":30868354111700,"circlet_count":0,"master_deck":["AscendersBane","Strike_P","Strike_P","Strike_P","Defend_P","Defend_P","Eruption+1","Vigilance","Perseverance","ThirdEye","Consecrate+1","WindmillStrike+1","Pray","Pray","Meditate+1","WaveOfTheHand","Crescendo","Devotion","FlyingSleeves+1","MentalFortress","TalkToTheHand","DeceiveReality+1","Alpha"],"relics":["Busted Crown","Mango","MealTicket","Happy Flower","Damaru","Empty Cage","Membership Card","Eternal Feather","Incense Burner","StrikeDummy","Singing Bowl","Bird Faced Urn"],"potions_floor_usage":[4,4,10,18,20,23,24,25,29],"damage_taken":[{"damage":1,"enemies":"Cultist","floor":1,"turns":3},{"damage":2,"enemies":"Jaw Worm","floor":2,"turns":4},{"damage":0,"enemies":"Small Slimes","floor":3,"turns":4},{"damage":7,"enemies":"Exordium Wildlife","floor":4,"turns":7},{"damage":8,"enemies":"Large Slime","floor":5,"turns":9},{"damage":3,"enemies":"Looter","floor":7,"turns":3},{"damage":22,"enemies":"3 Sentries","floor":8,"turns":6},{"damage":11,"enemies":"Gremlin Nob","floor":10,"turns":3},{"damage":13,"enemies":"Lagavulin","floor":14,"turns":6},{"damage":0,"enemies":"Slime Boss","floor":16,"turns":5},{"damage":7,"enemies":"3 Byrds","floor":18,"turns":4},{"damage":9,"enemies":"Shell Parasite","floor":19,"turns":4},{"damage":2,"enemies":"Sentry and Sphere","floor":20,"turns":3},{"damage":6,"enemies":"Slavers","floor":23,"turns":2},{"damage":10,"enemies":"Snake Plant","floor":24,"turns":4},{"damage":12,"enemies":"Book of Stabbing","floor":25,"turns":4},{"damage":31,"enemies":"Gremlin Leader","floor":28,"turns":5},{"damage":19,"enemies":"3 Cultists","floor":29,"turns":3}],"seed_played":"-9002243456993882138","potions_obtained":[{"floor":1,"key":"GamblersBrew"},{"floor":2,"key":"FearPotion"},{"floor":5,"key":"DuplicationPotion"},{"floor":8,"key":"LiquidMemories"},{"floor":16,"key":"SteroidPotion"},{"floor":18,"key":"SmokeBomb"},{"floor":20,"key":"GamblersBrew"},{"floor":24,"key":"Block Potion"},{"floor":28,"key":"Energy Potion"}],"is_trial":false,"path_per_floor":["M","M","M","M","M","R","M","E","T","E","R","$","R","E","R","B",null,"M","M","M","$","?","E","M","E","T","T","E","M"],"character_chosen":"WATCHER","items_purchased":["WaveOfTheHand","Membership Card","Eternal Feather"],"campfire_rested":0,"item_purchase_floors":[12,21,21],"current_hp_per_floor":[64,62,62,55,47,47,44,36,36,25,25,40,40,27,27,27,71,64,55,53,68,68,62,52,40,40,40,9,0,0],"gold":250,"neow_bonus":"BOSS_RELIC","is_prod":false,"is_daily":false,"chose_seed":false,"campfire_upgraded":4,"win_rate":0,"timestamp":1607571704,"path_taken":["M","M","?","?","?","R","M","E","T","E","R","$","R","E","R","BOSS","M","M","?","$","?","E","M","E","T","?","E","?"],"build_version":"2020-11-30","purchased_purges":1,"victory":false,"max_hp_per_floor":[72,72,72,72,72,72,72,86,86,86,86,86,86,86,86,86,86,86,86,86,86,86,86,86,86,86,86,86,86,86],"relic_stats":{"Busted Crown":32,"Happy Flower":[13],"Singing Bowl":0,"counters":[18,79],"Bird Faced Urn":[2],"MealTicket":30,"Eternal Feather":0,"obtain_stats":[{"Happy Flower":10,"Singing Bowl":27,"Damaru":14,"Mango":8,"Eternal Feather":21,"Incense Burner":25,"Empty Cage":17,"Busted Crown":0,"Bird Faced Urn":28,"MealTicket":9,"Membership Card":21,"PureWater":0,"StrikeDummy":26},{"Happy Flower":8,"Singing Bowl":16,"Damaru":9,"Mango":7,"Eternal Feather":13,"Incense Burner":16,"Empty Cage":10,"Busted Crown":0,"Bird Faced Urn":17,"MealTicket":7,"Membership Card":13,"PureWater":0,"StrikeDummy":16},{"Happy Flower":39,"Singing Bowl":71,"Damaru":45,"Mango":36,"Eternal Feather":61,"Incense Burner":71,"Empty Cage":50,"Busted Crown":0,"Bird Faced Urn":76,"MealTicket":36,"Membership Card":61,"PureWater":0,"StrikeDummy":71}]},"card_choices":[{"not_picked":[],"picked":"Perseverance","floor":1},{"not_picked":[],"picked":"ThirdEye","floor":2},{"not_picked":["WreathOfFlame"],"picked":"SKIP","floor":3},{"not_picked":[],"picked":"Consecrate","floor":4},{"not_picked":[],"picked":"WindmillStrike","floor":5},{"not_picked":[],"picked":"Pray","floor":7},{"not_picked":[],"picked":"Pray","floor":8},{"not_picked":[],"picked":"Meditate","floor":10},{"not_picked":[],"picked":"Crescendo","floor":14},{"not_picked":[],"picked":"Devotion","floor":16},{"not_picked":[],"picked":"FlyingSleeves+1","floor":18},{"not_picked":["Tantrum"],"picked":"SKIP","floor":19},{"not_picked":[],"picked":"MentalFortress","floor":20},{"not_picked":["FlyingSleeves+1"],"picked":"SKIP","floor":24},{"not_picked":[],"picked":"DeceiveReality+1","floor":25},{"not_picked":[],"picked":"Alpha","floor":28}],"player_experience":2050489,"relics_obtained":[{"floor":8,"key":"Mango"},{"floor":9,"key":"MealTicket"},{"floor":10,"key":"Happy Flower"},{"floor":14,"key":"Damaru"},{"floor":25,"key":"Incense Burner"},{"floor":26,"key":"StrikeDummy"},{"floor":27,"key":"Singing Bowl"},{"floor":28,"key":"Bird Faced Urn"}],"event_choices":[{"damage_healed":0,"gold_gain":0,"player_choice":"Read","damage_taken":0,"max_hp_gain":0,"max_hp_loss":0,"event_name":"The Library","floor":22,"gold_loss":0,"cards_obtained":["TalkToTheHand"]}],"is_beta":false,"boss_relics":[{"not_picked":["Black Star","Sozu"],"picked":"Empty Cage"}],"items_purged_floors":[12],"is_endless":false,"potions_floor_spawned":[1,2,5,8,16,18,20,23,24,28],"killed_by":"3 Cultists","ascension_level":11}}