{"host":"k6qwgpygxbgz06bg","time":1607624458,"event":{"mods":["BaseMod","StSLib","BetterRewards","Colored Map","Friendly Minions","Better Third Choice","Minty Spire (QoL Compilation)","Replay The Spire","Marisa????????","The Bug Knight","The Cursed","The Mystic","Beaked The Cultist","The Gatherer","The Witch","The Administrix"],"gold_per_floor":[117,117,133,145,158,184,184,201,201,286,321,321,11,23,23,124,124,104,104,19,19,33,33,33,61,107,123,123,133,150,168,168,168,168],"floor_reached":33,"playtime":5095,"items_purged":["AdministrixMod:Strike_Administrix"],"score":279,"play_id":"5647e537-bf57-4762-8d23-7cec19fa61a7","local_time":"20201210192058","is_ascension_mode":false,"campfire_choices":[{"data":"AdministrixMod:TrickOfTheLight","floor":7,"key":"SMITH"},{"data":"AdministrixMod:BegetEternity","floor":12,"key":"SMITH"},{"floor":15,"key":"REST"},{"data":"AdministrixMod:NoblePath","floor":24,"key":"SMITH"},{"data":"AdministrixMod:XianArts","floor":28,"key":"SMITH"},{"data":"AdministrixMod:FiendishCrimson","floor":32,"key":"SMITH"}],"circlet_count":0,"master_deck":["AdministrixMod:Strike_Administrix+1","AdministrixMod:Strike_Administrix+1","AdministrixMod:Strike_Administrix+1","AdministrixMod:RedCloak","AdministrixMod:Defend_Administrix+1","AdministrixMod:Defend_Administrix+1","AdministrixMod:Defend_Administrix+1","AdministrixMod:Defend_Administrix+1","AdministrixMod:BlueCloak","AdministrixMod:BegetEternity+1","AdministrixMod:TouchOfCinnabar","AdministrixMod:FiendishCrimson+1","AdministrixMod:TrickOfTheLight+1","AdministrixMod:PassageOfAges","AdministrixMod:ImmortalPurity","AdministrixMod:NoblePath+1","AdministrixMod:DiversionaryTactic","AdministrixMod:XianArts+1","AdministrixMod:ImmortalClarity","AdministrixMod:NewbornDivinity","AdministrixMod:Transition+1","AdministrixMod:JustRewards","AdministrixMod:ReachToHeaven","AdministrixMod:SealAway+1","AdministrixMod:XianArts"],"relics":["AdministrixMod:ConductorRitualBaton","NeowsBlessing","AdministrixMod:PrescriptionBottle","beaked:ShinyBauble","Blue Doll","Oddly Smooth Stone","ChewingGum","Unceasing Top","White Beast Statue","Gremlin Food"],"acts_visited":["Exordium","TheCity"],"potions_floor_usage":[11,16,30,33,33,33],"damage_taken":[{"damage":0,"enemies":"2 Louse","floor":1,"turns":1},{"damage":0,"enemies":"Small Slimes","floor":3,"turns":1},{"damage":0,"enemies":"Jaw Worm","floor":4,"turns":1},{"damage":11,"enemies":"3 Louse","floor":5,"turns":3},{"damage":22,"enemies":"HollowMod:MossKnight","floor":6,"turns":16},{"damage":3,"enemies":"2 Fungi Beasts","floor":8,"turns":3},{"damage":24,"enemies":"Gremlin Nob","floor":11,"turns":4},{"damage":2,"enemies":"Blue Slaver","floor":14,"turns":3},{"damage":16,"enemies":"Hexaghost","floor":16,"turns":8},{"damage":8,"enemies":"2 Thieves","floor":18,"turns":5},{"damage":5,"enemies":"Shell Parasite","floor":22,"turns":4},{"damage":17,"enemies":"HollowMod:Nosk","floor":25,"turns":6},{"damage":0,"enemies":"Centurion and Healer","floor":27,"turns":6},{"damage":1,"enemies":"Snake Plant","floor":29,"turns":2},{"damage":12,"enemies":"Snecko","floor":30,"turns":4},{"damage":23,"enemies":"Shelled Parasite and Fungi","floor":31,"turns":6},{"damage":41,"enemies":"Automaton","floor":33,"turns":6}],"seed_played":"-1236155197405223207","potions_obtained":[{"floor":1,"key":"Strength Potion"},{"floor":11,"key":"Strength Potion"},{"floor":16,"key":"ColorlessPotion"},{"floor":18,"key":"LiquidBronze"},{"floor":27,"key":"Dexterity Potion"},{"floor":30,"key":"FearPotion"}],"is_trial":false,"path_per_floor":["M","?","M","M","M","E","R","M","T","?","E","R","$","M","R","B",null,"M","?","?","?","M","$","R","E","T","M","R","M","M","M","R","B"],"character_chosen":"TheAdministrix","items_purchased":["AdministrixMod:XianArts","Oddly Smooth Stone"],"campfire_rested":1,"item_purchase_floors":[13,13],"current_hp_per_floor":[65,70,70,70,63,45,45,46,46,29,9,9,9,7,28,12,70,66,66,66,66,61,61,61,48,48,52,52,51,43,32,32,0,0],"gold":168,"neow_bonus":"THREE_ENEMY_KILL","is_daily":false,"chose_seed":false,"campfire_upgraded":5,"win_rate":0.0,"timestamp":1607624458,"path_taken":["M","?","M","M","M","E","R","M","T","?","E","R","$","M","R","BOSS","M","?","?","?","M","?","R","E","T","M","R","M","?","M","R","BOSS"],"build_version":"2020-11-30","purchased_purges":1,"victory":false,"max_hp_per_floor":[65,70,70,70,70,70,70,70,70,70,70,70,70,70,70,70,70,70,70,70,70,70,70,70,70,70,70,70,70,70,70,70,70,70],"card_choices":[{"not_picked":["AdministrixMod:Untouchable","AdministrixMod:JustRewards"],"picked":"AdministrixMod:BegetEternity","floor":1},{"not_picked":["AdministrixMod:RebukeDesires","AdministrixMod:NoblePath"],"picked":"AdministrixMod:TouchOfCinnabar","floor":3},{"not_picked":["AdministrixMod:TouchOfCinnabar","AdministrixMod:PassageOfAges"],"picked":"AdministrixMod:FiendishCrimson","floor":4},{"not_picked":["AdministrixMod:ExtolVirtue","AdministrixMod:FiendishCrimson"],"picked":"AdministrixMod:TrickOfTheLight","floor":5},{"not_picked":["AdministrixMod:HiddenPower","AdministrixMod:SeventeenArticleLaser"],"picked":"AdministrixMod:PassageOfAges","floor":6},{"not_picked":["AdministrixMod:TouchOfCinnabar","AdministrixMod:SyncreticSurge"],"picked":"AdministrixMod:ImmortalPurity","floor":8},{"not_picked":["AdministrixMod:Mastermind","AdministrixMod:TouchOfCinnabar"],"picked":"AdministrixMod:NoblePath","floor":10},{"not_picked":["AdministrixMod:RebukeDesires","AdministrixMod:UnstableVigor"],"picked":"AdministrixMod:DiversionaryTactic","floor":11},{"not_picked":["AdministrixMod:RegentEdict","AdministrixMod:WickedPunishment"],"picked":"AdministrixMod:ImmortalClarity","floor":14},{"not_picked":["AdministrixMod:TenDesires","AdministrixMod:Mastermind"],"picked":"AdministrixMod:NewbornDivinity","floor":16},{"not_picked":["AdministrixMod:TouchOfCinnabar","AdministrixMod:RebukeDesires+1"],"picked":"AdministrixMod:Transition+1","floor":18},{"not_picked":["AdministrixMod:CrackingPangu","AdministrixMod:PassageOfAges","AdministrixMod:RisingSunPrince"],"picked":"SKIP","floor":22},{"not_picked":["AdministrixMod:QuietConspiracy","AdministrixMod:CenturiesAscent","AdministrixMod:DreamsMausoleum"],"picked":"SKIP","floor":25},{"not_picked":["AdministrixMod:DiversionaryTactic","AdministrixMod:Overdrive"],"picked":"AdministrixMod:JustRewards","floor":27},{"not_picked":["AdministrixMod:CenturiesAscent","AdministrixMod:NoblePath"],"picked":"AdministrixMod:ReachToHeaven","floor":29},{"not_picked":["AdministrixMod:WickedPunishment","AdministrixMod:SyncreticSurge+1"],"picked":"AdministrixMod:SealAway+1","floor":30},{"not_picked":["AdministrixMod:BegetEternity","AdministrixMod:SipOfSparks"],"picked":"AdministrixMod:XianArts","floor":31}],"player_experience":136703,"relics_obtained":[{"floor":6,"key":"AdministrixMod:PrescriptionBottle"},{"floor":9,"key":"beaked:ShinyBauble"},{"floor":11,"key":"Blue Doll"},{"floor":25,"key":"White Beast Statue"},{"floor":26,"key":"Gremlin Food"}],"event_choices":[{"damage_healed":0,"gold_gain":0,"player_choice":"Donut","damage_taken":0,"max_hp_gain":5,"max_hp_loss":0,"event_name":"Big Fish","floor":2,"gold_loss":0},{"damage_healed":0,"gold_gain":0,"player_choice":"Simplicity","damage_taken":0,"max_hp_gain":0,"max_hp_loss":7,"event_name":"betterThird:BetterWriting","floor":19,"gold_loss":0},{"damage_healed":0,"gold_gain":0,"player_choice":"Obtained Relic","damage_taken":0,"relics_obtained":["Unceasing Top"],"max_hp_gain":0,"max_hp_loss":0,"event_name":"Addict","floor":20,"gold_loss":85},{"damage_healed":0,"gold_gain":0,"player_choice":"Ignored","damage_taken":0,"max_hp_gain":0,"max_hp_loss":0,"event_name":"Ghosts","floor":21,"gold_loss":0}],"is_beta":false,"boss_relics":[{"not_picked":["Black Star","Busted Crown"],"picked":"ChewingGum"}],"items_purged_floors":[13],"is_endless":false,"potions_floor_spawned":[1,11,16,18,27,29,30,31],"killed_by":"Automaton","ascension_level":0}}