{"host":"yassvrowvc2yfwp2","time":1607608277,"event":{"gold_per_floor":[110,130,130,144,104,132,132,167,467,498,513,513,513,532,532,633,633,644,644,677,691,709,709,736,736,782,809,829,262,275,290,290,388,388,407,407,139,152,167,194,206,253,291,303,332,344,370,410,422,434],"floor_reached":51,"playtime":2741,"items_purged":[],"score":1116,"play_id":"9d8a1af6-d6a1-42b8-8ef9-2e221393301f","local_time":"20201210215117","daily_mods":["Allstar","Colorless Cards","Heirloom","DeadlyEvents","Elite Swarm"],"is_ascension_mode":true,"campfire_choices":[{"data":"MurderousAura","floor":7.0,"key":"SMITH"},{"data":"Replay:SS_hec_2","floor":13,"key":"SMITH"},{"data":"Sadistic Nature","floor":15,"key":"SMITH"},{"floor":23,"key":"REST"},{"floor":32,"key":"DIG"},{"data":"MurderousAura","floor":41,"key":"SMITH"},{"data":"Sadistic Nature","floor":44,"key":"SMITH"},{"data":"Sadistic Nature","floor":49,"key":"SMITH"}],"neow_cost":"","seed_source_timestamp":0,"circlet_count":0,"master_deck":["Strike_S","Strike_S","Strike_S","Strike_S","Defend_S+1","Defend_S","Defend_S","Defend_S","KidneyShot","Exchange","expansioncontent:DefensiveStance","Replay:SS_hec_2+1","expansioncontent:SlimeTackle","Survey Options","expansioncontent:Chronoboost","BestPractice","ReturningBlade","expansioncontent:DecasProtection+1","MurderousAura+1","Sadistic Nature+1","Initiator","BestPractice","DualDimension","LightFlow","Specialist","Poisoned Strike","ReplayTheSpireMod:Brewmster","MurderousAura+1","expansioncontent:DefensiveStance","ReplayTheSpireMod:Uncanny Aura","Sadistic Nature+1","AbeCurse","Specialist","Panache","Master of Strategy","Magnetism","TrueSight","Sadistic Nature+1"],"special_seed":0,"relics":["Uniform","FossilizedHelix","CaptainsWheel","PaintedHorse:ReiMu","PocketWatch","MealTicket","Old Coin","Guardian:PocketSentry","Question Card","Hololive_Finger","Happy Flower","Replay:Bottled Snecko","Bag of Marbles","Potion Belt","RuthlessExorcism:ReiMu","sneckomod:BlankCard","Eternal Feather","War Paint","PaperSwan","Abe\u0027s Treasure","Bird Faced Urn","MawBank","Garlic","ReplayTheSpireMod:Lightbulb","OldScarf"],"potions_floor_usage":[28,33,35,39,39,42,45,45,46,50,50,50,50,50],"damage_taken":[{"damage":0.0,"enemies":"2 Louse","floor":1.0,"turns":2.0},{"damage":0.0,"enemies":"Small Slimes","floor":2.0,"turns":4.0},{"damage":0.0,"enemies":"Cultist","floor":4.0,"turns":5.0},{"damage":0.0,"enemies":"Gremlin Nob","floor":6.0,"turns":6.0},{"damage":0,"enemies":"Lagavulin","floor":8,"turns":9},{"damage":0,"enemies":"3 Sentries","floor":10,"turns":6},{"damage":0,"enemies":"Large Slime","floor":11,"turns":4},{"damage":12,"enemies":"3 Louse","floor":14,"turns":3},{"damage":0,"enemies":"Slime Boss","floor":16,"turns":6},{"damage":11,"enemies":"Shell Parasite","floor":18,"turns":4},{"damage":18,"enemies":"Book of Stabbing","floor":20,"turns":6},{"damage":14,"enemies":"Snake Plant","floor":21,"turns":4},{"damage":0,"enemies":"Snecko","floor":22,"turns":4},{"damage":0,"enemies":"HollowMod:Nosk","floor":24,"turns":6},{"damage":0,"enemies":"Replay:Snechameleon","floor":27,"turns":4},{"damage":7,"enemies":"Shelled Parasite and Fungi","floor":28,"turns":5},{"damage":0,"enemies":"Cultist and Chosen","floor":30,"turns":5},{"damage":5,"enemies":"Snake Plant","floor":31,"turns":4},{"damage":15,"enemies":"Automaton","floor":33,"turns":8},{"damage":20,"enemies":"3 Darklings","floor":35,"turns":4},{"damage":0,"enemies":"Orb Walker","floor":38,"turns":4},{"damage":0,"enemies":"Maw","floor":39,"turns":5},{"damage":12,"enemies":"Giant Head","floor":40,"turns":7},{"damage":12,"enemies":"Nemesis","floor":42,"turns":5},{"damage":0,"enemies":"3 Darklings","floor":45,"turns":4},{"damage":0,"enemies":"Jaw Worm Horde","floor":46,"turns":2},{"damage":7,"enemies":"HollowMod:SlobberingHusk","floor":47,"turns":6},{"damage":3,"enemies":"Giant Head","floor":48,"turns":6},{"damage":39,"enemies":"Awakened One","floor":50,"turns":7}],"seed_played":"-3578068973133929470","potions_obtained":[{"floor":4.0,"key":"GrandPatriotsElixir:ReiMu"},{"floor":10,"key":"Energy Potion"},{"floor":11,"key":"Adrenaline Potion"},{"floor":19,"key":"FairyPotion"}],"is_trial":true,"path_per_floor":["M","M","?","M","?","E","R","E","T","E","M","T","R","M","R","B",null,"M","?","E","M","M","R","E","T","T","E","M","$","M","M","R","B",null,"M","?","$","M","M","E","R","E","T","R","M","M","M","E","R","B",null],"character_chosen":"THE_SERVANT","items_purchased":["sneckomod:BlankCard","Eternal Feather","War Paint","Panache","Bird Faced Urn"],"campfire_rested":1,"item_purchase_floors":[29,29,29,37,37],"current_hp_per_floor":[65,65,58,58,58,58,58,58,58,58,58,58,58,46,46,46,65,54,54,36,22,22,41,41,41,41,41,34,49,49,44,62,47,65,45,45,60,65,65,55,65,65,65,65,65,65,65,65,65,38],"gold":446,"neow_bonus":"","is_prod":false,"is_daily":false,"chose_seed":false,"campfire_upgraded":6,"win_rate":0,"timestamp":1607608277,"path_taken":["M","M","?","M","?","E","R","E","T","E","M","?","R","M","R","BOSS","M","?","?","M","M","R","E","?","T","E","M","?","M","M","R","BOSS","M","?","$","?","?","E","R","E","T","R","M","M","M","E","R","BOSS"],"build_version":"2020-11-30","purchased_purges":0,"victory":true,"max_hp_per_floor":[65,65,65,65,65,65,65,65,65,65,65,65,65,65,65,65,65,65,65,65,65,65,65,65,65,65,65,65,65,65,65,65,65,65,65,65,65,65,65,65,65,65,65,65,65,65,65,65,65,65],"card_choices":[{"not_picked":["Unruled","BottledTime"],"picked":"BestPractice","floor":1.0},{"not_picked":["Ricochet","Unruled"],"picked":"ReturningBlade","floor":2.0},{"not_picked":["Revamp","BottledTime"],"picked":"expansioncontent:DecasProtection","floor":4.0},{"not_picked":["expansioncontent:DashGenerateEvil","ReplayTheSpireMod:Necrogeddon"],"picked":"MurderousAura","floor":6.0},{"not_picked":["SilverMatrix","MurderousAura"],"picked":"Sadistic Nature","floor":8},{"not_picked":["KillingDoll","PendulumOfEternity"],"picked":"Initiator","floor":10},{"not_picked":["SpecialFormula","Defy"],"picked":"BestPractice","floor":11},{"not_picked":["Orbit","DoubleEdge","Revamp"],"picked":"DualDimension","floor":14},{"not_picked":["Mayhem","KillingDoll","expansioncontent:StudyTheSpire"],"picked":"LightFlow","floor":16},{"not_picked":["Revamp","RealityMarble","Replace+1"],"picked":"Specialist","floor":18},{"not_picked":["Master of Strategy","TheWorld","Dilation"],"picked":"Poisoned Strike","floor":20},{"not_picked":["Defy","Shuttle","ShatteredReality","Starlight"],"picked":"SKIP","floor":21},{"not_picked":["Replace+1","Starlight","Ricochet","Spin+1"],"picked":"SKIP","floor":22},{"not_picked":["Secret Technique","Midas Touch","expansioncontent:StudyTheSpire"],"picked":"ReplayTheSpireMod:Brewmster","floor":24},{"not_picked":["TrueSight","Sunlight","Transmutation"],"picked":"MurderousAura","floor":27},{"not_picked":["Ricochet+1","TimeWarp","expansioncontent:HyperBeam"],"picked":"expansioncontent:DefensiveStance","floor":28},{"not_picked":["Starlight+1","Spin","DoubleEdge","Rewind"],"picked":"SKIP","floor":30},{"not_picked":["Alleviate","expansioncontent:BronzeBeam","Impatience"],"picked":"ReplayTheSpireMod:Uncanny Aura","floor":31},{"not_picked":["Magnetism","Metamorphosis","Solidify"],"picked":"Sadistic Nature","floor":33},{"not_picked":["Trip","ShatteredReality+1","Spin","expansioncontent:PrepareCrush+1"],"picked":"SKIP","floor":35},{"not_picked":["Replay:SS_fish_3","Replay:SS_forest_5","expansioncontent:DarkVoid"],"picked":"Specialist","floor":36},{"not_picked":["Revamp+1","Spin+1","Alleviate","Defy"],"picked":"SKIP","floor":38},{"not_picked":["Starlight+1","Unruled","TimeWarp+1"],"picked":"Master of Strategy","floor":39},{"not_picked":["expansioncontent:DashGenerateEvil","Midas Touch","expansioncontent:StudyTheSpire"],"picked":"Magnetism","floor":40},{"not_picked":["SilverMatrix","Crow Ritual","Secret Weapon"],"picked":"TrueSight","floor":42},{"not_picked":["DoubleEdge","Foresight","ShatteredReality","Defy+1"],"picked":"SKIP","floor":45},{"not_picked":["Rewind+1","Reset","Replay:BasicMightCard","expansioncontent:DarkVoid+1"],"picked":"SKIP","floor":47},{"not_picked":["ReplayTheSpireMod:Brewmster","Thinking Ahead","expansioncontent:DashGenerateEvil"],"picked":"Sadistic Nature","floor":48}],"player_experience":1896891,"relics_obtained":[{"floor":6.0,"key":"PocketWatch"},{"floor":8,"key":"MealTicket"},{"floor":9,"key":"Old Coin"},{"floor":10,"key":"Guardian:PocketSentry"},{"floor":12,"key":"Question Card"},{"floor":20,"key":"Happy Flower"},{"floor":24,"key":"Replay:Bottled Snecko"},{"floor":25,"key":"Bag of Marbles"},{"floor":26,"key":"Potion Belt"},{"floor":27,"key":"RuthlessExorcism:ReiMu"},{"floor":32,"key":"PaperSwan"},{"floor":40,"key":"MawBank"},{"floor":42,"key":"Garlic"},{"floor":43,"key":"ReplayTheSpireMod:Lightbulb"},{"floor":48,"key":"OldScarf"}],"event_choices":[{"damage_healed":0.0,"max_hp_gain":0.0,"max_hp_loss":0.0,"gold_gain":0.0,"event_name":"Scrap Ooze","player_choice":"Success","floor":3.0,"gold_loss":0.0,"damage_taken":7.0,"relics_obtained":["CaptainsWheel"]},{"damage_healed":0.0,"max_hp_gain":0.0,"max_hp_loss":0.0,"gold_gain":0.0,"event_name":"yidonshenshe","player_choice":"ÈûÇ®","floor":5.0,"gold_loss":40.0,"damage_taken":0.0,"relics_obtained":["PaintedHorse:ReiMu"]},{"damage_healed":0,"gold_gain":0,"player_choice":"Got Potions","damage_taken":0,"max_hp_gain":0,"max_hp_loss":0,"event_name":"Lab","floor":19,"gold_loss":0},{"damage_healed":0,"gold_gain":0,"player_choice":"Memory 1","damage_taken":0,"max_hp_gain":0,"max_hp_loss":0,"event_name":"SensoryStone","floor":36,"gold_loss":0}],"is_beta":false,"boss_relics":[{"not_picked":["Replay:Grab Bag","Fusion Hammer"],"picked":"Hololive_Finger"},{"not_picked":["Astrolabe","Tiny House"],"picked":"Abe\u0027s Treasure"}],"items_purged_floors":[],"is_endless":false,"potions_floor_spawned":[4,10,11,14,20,22,24,28,33,35,38,39,40,46],"ascension_level":1}}