{"host":"hjw1ay65n7jm40lc","time":1607626472,"event":{"mods":["BaseMod","AchievementEnabler","Colored Map","Colored Powertips","Googly Eyes","Highlight Path","Minty Spire (QoL Compilation)","Quick Restart","Relic Stats"],"gold_per_floor":[111,126,139,157,174,174,201,201,201,222,222,222,257,267,267,367,367,378,303,318,341,341,373,399,399,399,415,427,10,21,346,346,447,447,459,506,216,235,248,273,273,495,495,544,577,593,593,307,307,307,307,307,62,94,94],"floor_reached":56,"playtime":6026,"items_purged":["Strike_P","Strike_P"],"score":1280,"play_id":"156fa2ac-c315-4a00-bc75-d8c0b7e65d5b","local_time":"20201210135432","is_ascension_mode":false,"campfire_choices":[{"data":"Wallop","floor":6.0,"key":"SMITH"},{"data":"Brilliance","floor":8.0,"key":"SMITH"},{"data":"Adaptation","floor":11.0,"key":"SMITH"},{"data":"DeceiveReality","floor":15.0,"key":"SMITH"},{"floor":25,"key":"RECALL"},{"floor":32,"key":"REST"},{"floor":41,"key":"REST"},{"floor":47,"key":"DIG"},{"floor":49,"key":"DIG"},{"floor":52,"key":"DIG"}],"circlet_count":0,"master_deck":["Strike_P+1","Defend_P","Defend_P+1","Defend_P+1","Defend_P","Eruption+1","Vigilance","Brilliance+1","Tantrum+1","Wallop+1","Adaptation+1","FearNoEvil","DeceiveReality+1","Vault+1","SashWhip+1","WheelKick","LikeWater","Consecrate+1","LessonLearned","Meditate","Scrawl+1","WheelKick+1","Scrawl","Wallop+1","TalkToTheHand"],"special_seed":0,"relics":["PureWater","Shuriken","Tiny Chest","Odd Mushroom","Bronze Scales","Fusion Hammer","Boot","Bottled Lightning","Red Mask","Thread and Needle","Old Coin","Philosopher\u0027s Stone","Happy Flower","Bottled Flame","PreservedInsect","Bag of Marbles","Shovel","Juzu Bracelet","Lantern","Art of War","HornCleat","Strange Spoon","Bag of Preparation"],"acts_visited":["Exordium","TheCity","TheBeyond","TheEnding"],"potions_floor_usage":[24,33,33,33,44,50,55],"damage_taken":[{"damage":0.0,"enemies":"Cultist","floor":1.0,"turns":2.0},{"damage":0.0,"enemies":"Jaw Worm","floor":2.0,"turns":2.0},{"damage":0.0,"enemies":"2 Louse","floor":3.0,"turns":2.0},{"damage":0.0,"enemies":"Large Slime","floor":4.0,"turns":3.0},{"damage":2.0,"enemies":"3 Louse","floor":5.0,"turns":3.0},{"damage":16.0,"enemies":"Gremlin Nob","floor":7.0,"turns":5.0},{"damage":0.0,"enemies":"The Mushroom Lair","floor":10.0,"turns":2.0},{"damage":10.0,"enemies":"3 Sentries","floor":13.0,"turns":4.0},{"damage":5.0,"enemies":"Looter","floor":14.0,"turns":2.0},{"damage":3.0,"enemies":"The Guardian","floor":16.0,"turns":9.0},{"damage":0,"enemies":"2 Thieves","floor":18,"turns":3},{"damage":0,"enemies":"Shell Parasite","floor":20,"turns":3},{"damage":3,"enemies":"Gremlin Leader","floor":23,"turns":4},{"damage":0,"enemies":"Masked Bandits","floor":24,"turns":3},{"damage":1,"enemies":"Centurion and Healer","floor":27,"turns":4},{"damage":1,"enemies":"Chosen and Byrds","floor":28,"turns":4},{"damage":0,"enemies":"Cultist and Chosen","floor":30,"turns":4},{"damage":5,"enemies":"Slavers","floor":31,"turns":4},{"damage":24,"enemies":"Champ","floor":33,"turns":7},{"damage":0,"enemies":"3 Shapes","floor":35,"turns":4},{"damage":0,"enemies":"Orb Walker","floor":38,"turns":3},{"damage":0,"enemies":"Maw","floor":39,"turns":5},{"damage":0,"enemies":"Nemesis","floor":40,"turns":5},{"damage":0,"enemies":"2 Orb Walkers","floor":44,"turns":2},{"damage":0,"enemies":"Reptomancer","floor":45,"turns":3},{"damage":0,"enemies":"Sphere and 2 Shapes","floor":46,"turns":2},{"damage":43,"enemies":"Time Eater","floor":50,"turns":5},{"damage":0,"enemies":"Shield and Spear","floor":54,"turns":2},{"damage":32,"enemies":"The Heart","floor":55,"turns":7}],"seed_played":"-6604947769493132829","potions_obtained":[{"floor":1.0,"key":"Block Potion"},{"floor":2.0,"key":"BottledMiracle"},{"floor":7.0,"key":"BlessingOfTheForge"},{"floor":10.0,"key":"CultistPotion"},{"floor":20,"key":"Strength Potion"},{"floor":27,"key":"Weak Potion"},{"floor":30,"key":"FearPotion"},{"floor":40,"key":"BottledMiracle"},{"floor":45,"key":"Block Potion"}],"is_trial":false,"path_per_floor":["M","M","M","M","M","R","E","R","T","?","R","?","E","M","R","B",null,"M","?","M","T","?","E","?","R","T","M","M","$","M","E","R","B",null,"M","T","$","M","M","E","R","?","T","?","E","M","R","$","R","B",null,"R","$","E","B",null],"character_chosen":"WATCHER","items_purchased":["Meditate","Thread and Needle","Bottled Flame","BottledMiracle","TalkToTheHand","Ambrosia","PowerPotion","Strange Spoon","EntropicBrew"],"campfire_rested":2,"item_purchase_floors":[29,29,37,37,48,48,48,53,53],"current_hp_per_floor":[65,65,65,65,63,63,47,47,47,47,47,65,55,50,50,47,65,65,65,65,65,65,62,62,62,62,61,60,60,60,55,65,41,65,65,65,65,65,65,65,65,65,65,65,65,65,65,65,65,22,65,65,65,65,33],"gold":94,"neow_bonus":"THREE_RARE_CARDS","is_daily":false,"chose_seed":false,"campfire_upgraded":4,"win_rate":0.0,"timestamp":1607626472,"path_taken":["M","?","M","M","M","R","E","R","T","?","R","?","E","M","R","BOSS","M","?","M","?","?","E","?","R","T","M","M","?","M","E","R","BOSS","M","?","$","M","M","E","R","?","T","?","E","M","R","$","R","BOSS","R","$","E","BOSS"],"build_version":"2020-11-30","purchased_purges":2,"victory":true,"max_hp_per_floor":[65,65,65,65,65,65,65,65,65,65,65,65,65,65,65,65,65,65,65,65,65,65,65,65,65,65,65,65,65,65,65,65,65,65,65,65,65,65,65,65,65,65,65,65,65,65,65,65,65,65,65,65,65,65,65],"relic_stats":{"Happy Flower":[11],"counters":[29,108],"PreservedInsect":128,"Juzu Bracelet":0,"Bag of Preparation":[2],"Boot":[95],"Strange Spoon":[8],"Shovel":3,"Shuriken":[37],"Bronze Scales":[177],"Tiny Chest":2,"Art of War":[0],"obtain_stats":[{"Lantern":47,"Happy Flower":36,"Thread and Needle":29,"PreservedInsect":40,"Juzu Bracelet":45,"Bag of Preparation":54,"Odd Mushroom":10,"Boot":21,"Old Coin":31,"Strange Spoon":53,"Bottled Flame":37,"Shovel":44,"HornCleat":52,"Shuriken":7,"Bronze Scales":13,"Tiny Chest":9,"Philosopher\u0027s Stone":34,"Fusion Hammer":17,"Red Mask":24,"Bag of Marbles":43,"Art of War":49,"Bottled Lightning":23,"PureWater":0},{"Lantern":26,"Happy Flower":20,"Thread and Needle":16,"PreservedInsect":23,"Juzu Bracelet":25,"Bag of Preparation":28,"Odd Mushroom":7,"Boot":12,"Old Coin":18,"Strange Spoon":27,"Bottled Flame":20,"Shovel":24,"HornCleat":27,"Shuriken":6,"Bronze Scales":8,"Tiny Chest":6,"Philosopher\u0027s Stone":19,"Fusion Hammer":10,"Red Mask":14,"Bag of Marbles":23,"Art of War":26,"Bottled Lightning":13,"PureWater":0},{"Lantern":94,"Happy Flower":74,"Thread and Needle":55,"PreservedInsect":87,"Juzu Bracelet":92,"Bag of Preparation":101,"Odd Mushroom":19,"Boot":40,"Old Coin":63,"Strange Spoon":99,"Bottled Flame":74,"Shovel":89,"HornCleat":99,"Shuriken":17,"Bronze Scales":23,"Tiny Chest":17,"Philosopher\u0027s Stone":70,"Fusion Hammer":34,"Red Mask":47,"Bag of Marbles":87,"Art of War":94,"Bottled Lightning":44,"PureWater":0}]},"card_choices":[{"not_picked":["Omniscience","ConjureBlade"],"picked":"Brilliance","floor":0.0},{"not_picked":["EmptyMind","FollowUp"],"picked":"Tantrum","floor":1.0},{"not_picked":["WaveOfTheHand","LikeWater"],"picked":"Wallop","floor":2.0},{"not_picked":["PathToVictory","SandsOfTime","FollowUp"],"picked":"SKIP","floor":3.0},{"not_picked":["EmptyBody","BattleHymn"],"picked":"Adaptation","floor":4.0},{"not_picked":["Prostrate","JustLucky","WreathOfFlame"],"picked":"SKIP","floor":5.0},{"not_picked":["JustLucky","Omniscience"],"picked":"FearNoEvil","floor":7.0},{"not_picked":["Sanctity","Fasting2","EmptyFist"],"picked":"SKIP","floor":13.0},{"not_picked":["EmptyFist","FollowUp"],"picked":"DeceiveReality","floor":14.0},{"not_picked":["MasterReality","Scrawl"],"picked":"Vault","floor":16.0},{"not_picked":["Perseverance","PathToVictory"],"picked":"SashWhip+1","floor":18},{"not_picked":["Worship+1","ThirdEye"],"picked":"WheelKick","floor":20},{"not_picked":["Indignation","CrushJoints","Perseverance+1"],"picked":"SKIP","floor":23},{"not_picked":["Halt","Sanctity"],"picked":"Consecrate+1","floor":24},{"not_picked":["Prostrate+1","CrushJoints+1","EmptyFist"],"picked":"SKIP","floor":27},{"not_picked":["Halt+1","ReachHeaven"],"picked":"LessonLearned","floor":28},{"not_picked":["Worship+1","Consecrate","CarveReality+1"],"picked":"SKIP","floor":30},{"not_picked":["Prostrate","Indignation","Study+1"],"picked":"SKIP","floor":31},{"not_picked":["Brilliance","Ragnarok"],"picked":"Scrawl","floor":33},{"not_picked":["EmptyBody","Crescendo","BowlingBash+1"],"picked":"SKIP","floor":35},{"not_picked":["FlyingSleeves","SashWhip"],"picked":"WheelKick","floor":38},{"not_picked":["Prostrate+1","FollowUp+1","Conclude"],"picked":"SKIP","floor":39},{"not_picked":["Prostrate+1","FollowUp+1","Conclude"],"picked":"SKIP","floor":39},{"not_picked":["FollowUp+1","EmptyMind+1"],"picked":"Scrawl","floor":40},{"not_picked":["Indignation+1","FollowUp+1","JustLucky"],"picked":"SKIP","floor":45},{"not_picked":["Prostrate+1","ThirdEye"],"picked":"Wallop+1","floor":46},{"not_picked":["Study","Swivel","ClearTheMind"],"picked":"SKIP","floor":54}],"player_experience":104584,"relics_obtained":[{"floor":7.0,"key":"Shuriken"},{"floor":9.0,"key":"Tiny Chest"},{"floor":10.0,"key":"Odd Mushroom"},{"floor":13.0,"key":"Bronze Scales"},{"floor":21,"key":"Boot"},{"floor":23,"key":"Bottled Lightning"},{"floor":24,"key":"Red Mask"},{"floor":31,"key":"Old Coin"},{"floor":36,"key":"Happy Flower"},{"floor":40,"key":"PreservedInsect"},{"floor":43,"key":"Bag of Marbles"},{"floor":44,"key":"Shovel"},{"floor":45,"key":"Juzu Bracelet"},{"floor":47,"key":"Lantern"},{"floor":49,"key":"Art of War"},{"floor":52,"key":"HornCleat"},{"floor":54,"key":"Bag of Preparation"}],"event_choices":[{"damage_healed":0.0,"max_hp_gain":0.0,"max_hp_loss":0.0,"gold_gain":0.0,"event_name":"Mushrooms","player_choice":"Fought Mushrooms","floor":10.0,"gold_loss":0.0,"damage_taken":0.0},{"damage_healed":21.0,"max_hp_gain":0.0,"max_hp_loss":0.0,"gold_gain":0.0,"event_name":"Big Fish","player_choice":"Banana","floor":12.0,"gold_loss":0.0,"damage_taken":0.0},{"cards_removed":["Strike_P"],"damage_healed":0,"gold_gain":0,"player_choice":"Gave Gold","damage_taken":0,"max_hp_gain":0,"max_hp_loss":0,"event_name":"Beggar","floor":19,"gold_loss":75},{"damage_healed":0,"gold_gain":0,"player_choice":"Read","damage_taken":0,"max_hp_gain":0,"max_hp_loss":0,"event_name":"The Library","floor":22,"gold_loss":0,"cards_obtained":["LikeWater"]},{"damage_healed":0,"gold_gain":0,"player_choice":"Fought Bandits","damage_taken":0,"max_hp_gain":0,"max_hp_loss":0,"event_name":"Masked Bandits","floor":24,"gold_loss":0},{"damage_healed":0,"gold_gain":222,"player_choice":"Wore Mask","damage_taken":0,"max_hp_gain":0,"max_hp_loss":0,"event_name":"Tomb of Lord Red Mask","floor":42,"gold_loss":0},{"damage_healed":0,"gold_gain":0,"player_choice":"Fight","damage_taken":0,"max_hp_gain":0,"max_hp_loss":0,"event_name":"Mysterious Sphere","floor":44,"gold_loss":0}],"is_beta":false,"boss_relics":[{"not_picked":["Runic Dome","Velvet Choker"],"picked":"Fusion Hammer"},{"not_picked":["Black Star","Cursed Key"],"picked":"Philosopher\u0027s Stone"}],"items_purged_floors":[29,48],"is_endless":false,"potions_floor_spawned":[1,2,7,10,20,27,30,31,40,45,54],"ascension_level":0}}