{"host":"s41rn2jhghpwfrvz","time":1607585230,"event":{"gold_per_floor":[116,131,148,167,217,217,242,242,294,294,312,344,357,382,382,457,457,477,497,422,441,461,491,491,525,525,558,558,588,588,605,605,682,682,699,699,434,488,502,535,535,561,561,571,571,597,608,608,608,608,608,608,608,295,322,322],"floor_reached":57,"playtime":1733,"items_purged":["Anger","Conserve Battery","LikeWater"],"score":3880,"play_id":"80fba9cb-4911-4d2d-b3e1-51cc7b2a7f54","local_time":"20201210092710","daily_mods":["SealedDeck","Diverse","DeadlyEvents"],"is_ascension_mode":true,"campfire_choices":[{"data":"Body Slam","floor":6,"key":"SMITH"},{"data":"Pommel Strike","floor":8,"key":"SMITH"},{"data":"Pommel Strike","floor":10,"key":"SMITH"},{"data":"Prostrate","floor":15,"key":"SMITH"},{"data":"Offering","floor":30,"key":"SMITH"},{"data":"Blur","floor":32,"key":"SMITH"},{"floor":41,"key":"RECALL"},{"data":"Conserve Battery","floor":45,"key":"SMITH"},{"data":"ForeignInfluence","floor":49,"key":"SMITH"},{"floor":53,"key":"REST"}],"neow_cost":"","seed_source_timestamp":0,"circlet_count":0,"master_deck":["AscendersBane","ForeignInfluence+1","Blur+1","Conserve Battery+1","Pommel Strike+1","Pommel Strike+1","Body Slam+1","Prostrate+1","Offering+1"],"relics":["Burning Blood","Paper Frog","Potion Belt","Mercury Hourglass","Cursed Key","Pear","Letter Opener","Singing Bowl","Gremlin Horn","StoneCalendar","SacredBark","Bag of Preparation","Mango","Vajra","Centennial Puzzle","Question Card","Membership Card","Red Skull","Pen Nib"],"potions_floor_usage":[16,27,56,56,56,56],"damage_taken":[{"damage":0,"enemies":"Cultist","floor":1,"turns":3},{"damage":8,"enemies":"2 Louse","floor":2,"turns":3},{"damage":3,"enemies":"Small Slimes","floor":3,"turns":3},{"damage":0,"enemies":"Looter","floor":4,"turns":3},{"damage":0,"enemies":"Lagavulin","floor":7,"turns":6},{"damage":0,"enemies":"Large Slime","floor":11,"turns":4},{"damage":19,"enemies":"3 Sentries","floor":12,"turns":10},{"damage":0,"enemies":"2 Fungi Beasts","floor":13,"turns":2},{"damage":0,"enemies":"Lagavulin","floor":14,"turns":4},{"damage":0,"enemies":"The Guardian","floor":16,"turns":5},{"damage":9,"enemies":"2 Thieves","floor":18,"turns":4},{"damage":6,"enemies":"Chosen","floor":19,"turns":2},{"damage":6,"enemies":"Centurion and Healer","floor":21,"turns":4},{"damage":8,"enemies":"Snake Plant","floor":22,"turns":2},{"damage":6,"enemies":"Book of Stabbing","floor":23,"turns":2},{"damage":6,"enemies":"Gremlin Leader","floor":25,"turns":2},{"damage":15,"enemies":"Slavers","floor":27,"turns":3},{"damage":6,"enemies":"Book of Stabbing","floor":29,"turns":3},{"damage":6,"enemies":"Sentry and Sphere","floor":31,"turns":1},{"damage":6,"enemies":"Automaton","floor":33,"turns":2},{"damage":6,"enemies":"Orb Walker","floor":35,"turns":2},{"damage":6,"enemies":"2 Orb Walkers","floor":38,"turns":1},{"damage":6,"enemies":"3 Shapes","floor":39,"turns":1},{"damage":6,"enemies":"Nemesis","floor":40,"turns":1},{"damage":6,"enemies":"Reptomancer","floor":42,"turns":1},{"damage":6,"enemies":"Transient","floor":44,"turns":3},{"damage":6,"enemies":"Nemesis","floor":46,"turns":5},{"damage":6,"enemies":"Sphere and 2 Shapes","floor":47,"turns":1},{"damage":6,"enemies":"Donu and Deca","floor":50,"turns":3},{"damage":6,"enemies":"Awakened One","floor":51,"turns":2},{"damage":0,"enemies":"Shield and Spear","floor":55,"turns":1},{"damage":61,"enemies":"The Heart","floor":56,"turns":6}],"seed_played":"3692051725489160821","potions_obtained":[{"floor":2,"key":"FairyPotion"},{"floor":3,"key":"Strength Potion"},{"floor":12,"key":"Energy Potion"},{"floor":14,"key":"LiquidMemories"},{"floor":16,"key":"SteroidPotion"},{"floor":22,"key":"Ancient Potion"},{"floor":29,"key":"LiquidBronze"},{"floor":33,"key":"PowerPotion"},{"floor":47,"key":"Swift Potion"}],"is_trial":true,"path_per_floor":["M","M","M","M","?","R","E","R","T","R","M","E","M","E","R","B",null,"M","M","$","M","M","E","?","E","T","E","?","E","R","M","R","B",null,"M","?","$","?","M","E","R","E","T","M","R","E","M","T","R","B","B",null,"R","$","E","B",null],"character_chosen":"IRONCLAD","items_purchased":["Bag of Preparation","Membership Card","Red Skull"],"campfire_rested":1,"item_purchase_floors":[37,54,54],"current_hp_per_floor":[74,72,75,75,68,68,74,74,74,74,75,62,68,74,74,75,75,72,72,72,72,70,80,80,80,80,73,73,75,75,77,77,79,90,92,92,92,108,110,112,112,114,114,116,116,118,120,120,120,120,120,122,123,123,125,70],"gold":322,"neow_bonus":"","is_prod":false,"is_daily":false,"chose_seed":false,"campfire_upgraded":8,"win_rate":0,"timestamp":1607585230,"path_taken":["M","?","M","M","?","R","E","R","T","R","M","E","M","E","R","BOSS","M","M","$","M","?","E","?","E","T","E","?","E","R","M","R","BOSS","M","?","$","?","M","E","R","E","T","M","R","E","?","?","R","BOSS","BOSS","R","$","E","BOSS"],"build_version":"2020-11-30","purchased_purges":3,"victory":true,"max_hp_per_floor":[75,75,75,75,75,75,75,75,75,75,75,75,75,75,75,75,75,75,75,75,75,75,85,85,85,85,87,87,89,89,91,91,93,93,95,95,95,111,113,115,115,117,117,119,119,121,123,123,123,123,123,123,123,123,125,125],"relic_stats":{"Singing Bowl":26,"Gremlin Horn":[15,15],"counters":[32,95],"StoneCalendar":[0],"Pen Nib":[2],"Bag of Preparation":[22],"Letter Opener":[344],"Cursed Key":1,"Question Card":2,"Burning Blood":170,"Mercury Hourglass":[224],"Centennial Puzzle":[17],"obtain_stats":[{"Potion Belt":12,"Pear":23,"Singing Bowl":26,"Gremlin Horn":27,"SacredBark":34,"Vajra":40,"StoneCalendar":29,"Mango":38,"Pen Nib":55,"Bag of Preparation":37,"Letter Opener":25,"Cursed Key":17,"Question Card":46,"Burning Blood":0,"Mercury Hourglass":14,"Centennial Puzzle":42,"Membership Card":54,"Red Skull":54,"Paper Frog":7},{"Potion Belt":7,"Pear":15,"Singing Bowl":16,"Gremlin Horn":17,"SacredBark":20,"Vajra":24,"StoneCalendar":18,"Mango":22,"Pen Nib":31,"Bag of Preparation":21,"Letter Opener":16,"Cursed Key":10,"Question Card":27,"Burning Blood":0,"Mercury Hourglass":9,"Centennial Puzzle":25,"Membership Card":30,"Red Skull":30,"Paper Frog":5},{"Potion Belt":32,"Pear":57,"Singing Bowl":59,"Gremlin Horn":62,"SacredBark":68,"Vajra":73,"StoneCalendar":65,"Mango":71,"Pen Nib":89,"Bag of Preparation":70,"Letter Opener":59,"Cursed Key":43,"Question Card":82,"Burning Blood":0,"Mercury Hourglass":38,"Centennial Puzzle":74,"Membership Card":88,"Red Skull":88,"Paper Frog":18}]},"card_choices":[{"not_picked":["Iron Wave","Sunder","Wild Strike"],"picked":"SKIP","floor":1},{"not_picked":["Underhanded Strike","Blizzard","ThirdEye"],"picked":"SKIP","floor":2},{"not_picked":["Masterful Stab","Consume","Thunderclap"],"picked":"SKIP","floor":3},{"not_picked":["Heel Hook","Cold Snap","BowlingBash"],"picked":"SKIP","floor":4},{"not_picked":["Halt","BowlingBash","Barrage"],"picked":"SKIP","floor":7},{"not_picked":["Protect","Burning Pact"],"picked":"Prostrate","floor":11},{"not_picked":["Gash","Headbutt","Setup"],"picked":"SKIP","floor":12},{"not_picked":["Glass Knife","Glacier","Turbo"],"picked":"SKIP","floor":13},{"not_picked":["Dagger Throw","Eviscerate","Limit Break"],"picked":"SKIP","floor":14},{"not_picked":["Echo Form","Burst"],"picked":"Offering","floor":16},{"not_picked":["Crescendo","Hemokinesis","CrushJoints"],"picked":"SKIP","floor":18},{"not_picked":["Sucker Punch","Blade Dance","EmptyMind"],"picked":"SKIP","floor":19},{"not_picked":["SashWhip","Steam","Cleave"],"picked":"SKIP","floor":21},{"not_picked":["Ghostly Armor","Crescendo","WreathOfFlame"],"picked":"SKIP","floor":22},{"not_picked":["Blade Dance","Devotion","Heavy Blade"],"picked":"SKIP","floor":23},{"not_picked":["Static Discharge","Hello World","Leg Sweep"],"picked":"SKIP","floor":25},{"not_picked":["Sanctity","Aggregate","Consecrate"],"picked":"Singing Bowl","floor":27},{"not_picked":["Redo","Twin Strike","ThirdEye"],"picked":"Singing Bowl","floor":29},{"not_picked":["Cloak And Dagger","Body Slam","BootSequence"],"picked":"Singing Bowl","floor":31},{"not_picked":["ConjureBlade","Core Surge","Amplify"],"picked":"Singing Bowl","floor":33},{"not_picked":["Warcry","Heatsinks","WheelKick"],"picked":"Singing Bowl","floor":35},{"not_picked":["Turbo","Flying Knee","Disarm"],"picked":"Singing Bowl","floor":38},{"not_picked":["Dual Wield","Sweeping Beam","ForeignInfluence"],"picked":"Singing Bowl","floor":39},{"not_picked":["Accuracy+1","Wallop+1","Consecrate+1"],"picked":"Singing Bowl","floor":40},{"not_picked":["Flying Knee","Pommel Strike+1","Cleave+1"],"picked":"Singing Bowl","floor":42},{"not_picked":["Clothesline","CutThroughFate+1","Leg Sweep"],"picked":"Singing Bowl","floor":44},{"not_picked":["Study+1","FlyingSleeves","FollowUp"],"picked":"Singing Bowl","floor":46},{"not_picked":["Dash","Reflex","Darkness+1","Deflect"],"picked":"Singing Bowl","floor":47},{"not_picked":["Metallicize+1","Blur","CutThroughFate","Double Tap"],"picked":"Singing Bowl","floor":55}],"player_experience":1564373,"relics_obtained":[{"floor":7,"key":"Paper Frog"},{"floor":12,"key":"Potion Belt"},{"floor":14,"key":"Mercury Hourglass"},{"floor":23,"key":"Pear"},{"floor":25,"key":"Letter Opener"},{"floor":26,"key":"Singing Bowl"},{"floor":27,"key":"Gremlin Horn"},{"floor":29,"key":"StoneCalendar"},{"floor":38,"key":"Mango"},{"floor":40,"key":"Vajra"},{"floor":42,"key":"Centennial Puzzle"},{"floor":46,"key":"Question Card"},{"floor":55,"key":"Pen Nib"}],"event_choices":[{"damage_healed":0,"gold_gain":50,"player_choice":"Touch","damage_taken":7,"max_hp_gain":0,"max_hp_loss":0,"event_name":"FaceTrader","floor":5,"gold_loss":0},{"damage_healed":0,"gold_gain":0,"player_choice":"Ignored","damage_taken":0,"max_hp_gain":0,"max_hp_loss":0,"event_name":"Ghosts","floor":24,"gold_loss":0},{"cards_removed":["Pain"],"damage_healed":0,"gold_gain":0,"player_choice":"Elegance","damage_taken":0,"max_hp_gain":0,"max_hp_loss":0,"event_name":"Back to Basics","floor":28,"gold_loss":0},{"cards_removed":["Armaments"],"damage_healed":0,"gold_gain":0,"player_choice":"Removed Skill","damage_taken":0,"max_hp_gain":0,"max_hp_loss":0,"event_name":"Falling","floor":36,"gold_loss":0},{"damage_healed":0,"gold_gain":0,"player_choice":"Fight","damage_taken":0,"max_hp_gain":0,"max_hp_loss":0,"event_name":"Mysterious Sphere","floor":38,"gold_loss":0}],"is_beta":false,"boss_relics":[{"not_picked":["Snecko Eye","Ectoplasm"],"picked":"Cursed Key"},{"not_picked":["Philosopher\u0027s Stone","Velvet Choker"],"picked":"SacredBark"}],"items_purged_floors":[20,37,54],"is_endless":false,"potions_floor_spawned":[2,3,12,14,16,19,22,23,29,33,39,40,42,46,47],"ascension_level":20}}