{"host":"u5hfrceatticevdm","time":1607637834,"event":{"mods":["BaseMod","StSLib","Conspire","Hubris","Minty Spire (QoL Compilation)","Act Like it!","Halation","Useless Jewels Mod","Aspiration","Energized Spire","vexMod","GifTheSpireLib","HexUI Lib","Replay The Spire","Stuff the Spire","Unceasing Turn Reminder","2.2 Compatiblity","Better Synergies","Magineer Mod","Spikes Relics","Waifu the Spire","Alarm Clock","Downfall","Spicy Shops","Humility","Small Relic Pack","Hyrulean Relics","The Construct","Friendly Minions"],"gold_per_floor":[117,129,129,129,146,175,191,191,191,191,29,46,46,57,57,162,162,174,174,174,174,99,99,28,44,70,70,70,70],"floor_reached":28,"playtime":1549,"items_purged":[],"score":216,"play_id":"7d0303e3-7f4c-44c7-8a58-7276b6c03ddf","local_time":"20201210170354","is_ascension_mode":false,"campfire_choices":[{"floor":8,"key":"REST"},{"data":"Chaos","floor":10,"key":"SMITH"},{"floor":15,"key":"REST"},{"floor":23,"key":"REST"},{"floor":27,"key":"REST"}],"circlet_count":0,"master_deck":["Strike_B","Strike_B","Strike_B","Strike_B","Defend_B","Defend_B","Defend_B","Defend_B","Zap","Dualcast","Cold Snap","aspiration:Polymerization","ReplayTheSpireMod:Repulse","Consume","Chaos+1","Echo Form","StuffTheSpire:Synthwave","Leap","Ball Lightning","StuffTheSpire:Plugnplay","Pain","StuffTheSpire:Plugnplay","Sunder","Anger+1"],"special_seed":0,"relics":["Cracked Core","Smiling Mask","Pet Ghost","Blood Vial","halation:PinkSoulGem","Honey Jar","PrismaticShard","hubris:Towel"],"acts_visited":["Exordium","TheCity"],"potions_floor_usage":[6,6],"damage_taken":[{"damage":1.0,"enemies":"2 Louse","floor":1.0,"turns":3.0},{"damage":1.0,"enemies":"Jaw Worm","floor":2.0,"turns":3.0},{"damage":0,"enemies":"Cultist","floor":5,"turns":4},{"damage":38,"enemies":"Lagavulin","floor":6,"turns":8},{"damage":4,"enemies":"Blue Slaver","floor":7,"turns":4},{"damage":7,"enemies":"2 Fungi Beasts","floor":12,"turns":3},{"damage":9,"enemies":"3 Louse","floor":14,"turns":5},{"damage":57,"enemies":"Slime Boss","floor":16,"turns":10},{"damage":6,"enemies":"Chosen","floor":18,"turns":7},{"damage":34,"enemies":"2 Thieves","floor":22,"turns":4},{"damage":46,"enemies":"Centurion and Healer","floor":25,"turns":5},{"damage":42,"enemies":"Slavers","floor":28,"turns":3}],"seed_played":"-3836677683640960425","potions_obtained":[{"floor":1.0,"key":"FocusPotion"},{"floor":2.0,"key":"ColorlessPotion"},{"floor":5,"key":"PowerPotion"},{"floor":16,"key":"DistilledChaos"},{"floor":18,"key":"Cursed Concoction"}],"is_trial":false,"path_per_floor":["M","M","?","?","M","E","M","R","T","R","$","M","?","M","R","B",null,"M","?","?","?","M","R","$","M","T","R","E"],"character_chosen":"DEFECT","items_purchased":["Echo Form","Sunder"],"campfire_rested":4,"item_purchase_floors":[11,24],"current_hp_per_floor":[81,80,73,73,73,35,31,55,55,55,55,50,50,43,67,12,82,76,68,68,68,36,60,60,16,16,40,0,0],"gold":70,"neow_bonus":"TEN_PERCENT_HP_BONUS","is_daily":false,"chose_seed":false,"campfire_upgraded":1,"win_rate":0,"timestamp":1607637834,"path_taken":["M","M","?","?","M","E","?","R","T","R","$","M","?","M","R","BOSS","M","?","?","?","?","R","$","M","T","R","E"],"build_version":"2020-11-30","purchased_purges":0,"victory":false,"max_hp_per_floor":[82,82,82,82,82,82,82,82,82,82,82,82,82,82,82,82,82,82,82,82,82,82,82,82,82,82,82,82,82],"card_choices":[{"not_picked":["BasicCrystalCard","FTL"],"picked":"Cold Snap","floor":1.0},{"not_picked":["Rebound","Turbo"],"picked":"aspiration:Polymerization","floor":2.0},{"not_picked":["Hologram","ReplaySort"],"picked":"ReplayTheSpireMod:Repulse","floor":5},{"not_picked":["Conserve Battery","Panic Button"],"picked":"Consume","floor":6},{"not_picked":["Barrage","ReplayGash"],"picked":"Chaos","floor":7},{"not_picked":["conspire:Rain","Ball Lightning"],"picked":"StuffTheSpire:Synthwave","floor":12},{"not_picked":["Hologram","Redo"],"picked":"Leap","floor":14},{"not_picked":["Reboot","Core Surge"],"picked":"Hyperbeam","floor":16},{"not_picked":["BasicCrystalCard","FTL","Stack"],"picked":"Ball Lightning","floor":18},{"not_picked":["Stack","StuffTheSpire:CleanHardDrive","Redo"],"picked":"StuffTheSpire:Plugnplay","floor":19},{"not_picked":["hexamod:BurningTouch","StuffTheSpire:ClusterCrunch","CutThroughFate"],"picked":"StuffTheSpire:Plugnplay","floor":22},{"not_picked":["Hidden Blade","Guardian:PrismaticBeam","Slimebound:FlameTackle"],"picked":"Anger+1","floor":25}],"player_experience":754567,"relics_obtained":[{"floor":6,"key":"Pet Ghost"},{"floor":9,"key":"Blood Vial"},{"floor":19,"key":"PrismaticShard"}],"event_choices":[{"cards_removed":["StuffTheSpire:Innocence"],"damage_healed":0,"gold_gain":0,"player_choice":"Gave Card","damage_taken":0,"relics_obtained":["Smiling Mask"],"max_hp_gain":0,"max_hp_loss":0,"event_name":"WeMeetAgain","floor":4,"gold_loss":0},{"cards_removed":["Hyperbeam"],"damage_healed":0,"gold_gain":0,"player_choice":"Took Card","damage_taken":0,"max_hp_gain":0,"max_hp_loss":0,"event_name":"NoteForYourself","floor":21,"gold_loss":0,"cards_obtained":["Pain"]}],"is_beta":false,"boss_relics":[{"not_picked":["aspiration:RunicSpoon","StuffTheSpire:RunicHypercube"],"picked":"Honey Jar"}],"items_purged_floors":[],"is_endless":false,"potions_floor_spawned":[1,2,5,16,18],"killed_by":"Slavers","ascension_level":0}}