{"host":"mi1ox2k6wy3juh8w","time":1607590303,"event":{"gold_per_floor":[114,126,301,301,376,403,403,96,121,137,137,148,48,48,48,153,153,166,166,66,75,75,116,116,134,188,188,103,103,132,156,156,156,156],"floor_reached":33,"playtime":471,"items_purged":["Strike_P","Defend_P","Defend_P"],"score":535,"play_id":"f2355a8c-c8e5-48dc-9378-ebfb0b305ffd","local_time":"20201210175143","is_ascension_mode":true,"campfire_choices":[{"data":"Eruption","floor":7.0,"key":"SMITH"},{"data":"CrushJoints","floor":11.0,"key":"SMITH"},{"data":"BowlingBash","floor":15.0,"key":"SMITH"},{"data":"Vault","floor":24.0,"key":"SMITH"},{"data":"Adaptation","floor":27.0,"key":"SMITH"},{"data":"FearNoEvil","floor":32.0,"key":"SMITH"}],"neow_cost":"NONE","seed_source_timestamp":16417831196300,"circlet_count":0,"master_deck":["Strike_P","Strike_P","Defend_P","Defend_P","Eruption+1","Vigilance","BowlingBash+1","CrushJoints+1","FearNoEvil+1","Vault+1","Adaptation+1","Adaptation+1"],"special_seed":0,"relics":["HolyWater","NeowsBlessing","Singing Bowl","Vajra","CeramicFish","The Courier","Kunai","Juzu Bracelet","Matryoshka","Ice Cream","Bottled Tornado","Nunchaku"],"potions_floor_usage":[],"damage_taken":[{"damage":0.0,"enemies":"2 Louse","floor":1.0,"turns":1.0},{"damage":0.0,"enemies":"Jaw Worm","floor":2.0,"turns":1.0},{"damage":0.0,"enemies":"Lagavulin","floor":6.0,"turns":1.0},{"damage":0.0,"enemies":"Small Slimes","floor":10.0,"turns":1.0},{"damage":6.0,"enemies":"3 Louse","floor":12.0,"turns":3.0},{"damage":0.0,"enemies":"Slime Boss","floor":16.0,"turns":4.0},{"damage":4.0,"enemies":"Chosen","floor":18.0,"turns":3.0},{"damage":13.0,"enemies":"Gremlin Leader","floor":23.0,"turns":3.0},{"damage":0.0,"enemies":"Spheric Guardian","floor":25.0,"turns":1.0},{"damage":33.0,"enemies":"Slavers","floor":30.0,"turns":5.0},{"damage":31,"enemies":"Champ","floor":33,"turns":4}],"seed_played":"-1233926317667370208","potions_obtained":[{"floor":6.0,"key":"PowerPotion"},{"floor":10.0,"key":"AttackPotion"},{"floor":16.0,"key":"BottledMiracle"},{"floor":23.0,"key":"Explosive Potion"}],"is_trial":false,"path_per_floor":["M","M","?","?","?","E","R","$","T","M","R","M","$","?","R","B",null,"M","?","$","?","?","E","R","M","T","R","?","?","E","T","R","B"],"character_chosen":"WATCHER","items_purchased":["FearNoEvil","Vajra"],"campfire_rested":0,"item_purchase_floors":[8,8],"current_hp_per_floor":[65,65,65,65,54,54,54,54,54,56,56,52,52,57,57,57,75,73,73,73,73,73,60,60,62,62,62,62,62,31,31,31,0,0],"gold":156,"neow_bonus":"THREE_ENEMY_KILL","is_prod":false,"is_daily":false,"chose_seed":false,"campfire_upgraded":6,"win_rate":0,"timestamp":1607590303,"path_taken":["M","M","?","?","?","E","R","?","T","?","R","M","$","?","R","BOSS","M","?","$","?","?","E","R","M","T","R","?","?","E","?","R","BOSS"],"build_version":"2020-11-30","purchased_purges":3,"victory":false,"max_hp_per_floor":[72,72,72,72,72,72,72,72,72,74,74,76,76,81,81,81,81,83,83,83,83,83,83,83,85,85,85,85,85,87,87,87,87,87],"card_choices":[{"not_picked":["Evaluate","Meditate"],"picked":"BowlingBash","floor":1.0},{"not_picked":["Evaluate","FlyingSleeves","PathToVictory"],"picked":"SKIP","floor":2.0},{"not_picked":["PathToVictory","Evaluate"],"picked":"CrushJoints","floor":6.0},{"not_picked":["CrushJoints","Devotion","ThirdEye"],"picked":"Singing Bowl","floor":10.0},{"not_picked":["BattleHymn","Worship","Halt"],"picked":"Singing Bowl","floor":12.0},{"not_picked":["DevaForm","Ragnarok"],"picked":"Vault","floor":16.0},{"not_picked":["ClearTheMind","Prostrate","Crescendo"],"picked":"Singing Bowl","floor":18.0},{"not_picked":["Protect","Judgement"],"picked":"Adaptation+1","floor":23.0},{"not_picked":["BowlingBash+1","Halt","CutThroughFate"],"picked":"Singing Bowl","floor":25.0},{"not_picked":["Wish","CutThroughFate","Prostrate"],"picked":"Singing Bowl","floor":30.0}],"player_experience":238256,"relics_obtained":[{"floor":6.0,"key":"Singing Bowl"},{"floor":9.0,"key":"CeramicFish"},{"floor":23.0,"key":"Kunai"},{"floor":26.0,"key":"Juzu Bracelet"},{"floor":30.0,"key":"Ice Cream"},{"floor":31.0,"key":"Bottled Tornado"},{"floor":31.0,"key":"Nunchaku"}],"event_choices":[{"damage_healed":0.0,"max_hp_gain":0.0,"max_hp_loss":0.0,"gold_gain":175.0,"event_name":"Liars Game","player_choice":"AGREE","floor":3.0,"gold_loss":0.0,"damage_taken":0.0,"cards_obtained":["Doubt"]},{"cards_removed":["Doubt"],"damage_healed":0.0,"max_hp_gain":0.0,"max_hp_loss":0.0,"gold_gain":0.0,"event_name":"Living Wall","player_choice":"Forget","floor":4.0,"gold_loss":0.0,"damage_taken":0.0},{"damage_healed":0.0,"max_hp_gain":0.0,"max_hp_loss":0.0,"gold_gain":75.0,"event_name":"World of Goop","player_choice":"Gather Gold","floor":5.0,"gold_loss":0.0,"damage_taken":11.0},{"damage_healed":0.0,"max_hp_gain":5.0,"max_hp_loss":0.0,"gold_gain":0.0,"event_name":"Big Fish","player_choice":"Donut","floor":14.0,"gold_loss":0.0,"damage_taken":0.0},{"damage_healed":0.0,"max_hp_gain":0.0,"max_hp_loss":0.0,"gold_gain":0.0,"event_name":"The Mausoleum","player_choice":"Opened","floor":19.0,"gold_loss":0.0,"damage_taken":0.0,"relics_obtained":["The Courier"]},{"damage_healed":0.0,"max_hp_gain":0.0,"max_hp_loss":0.0,"gold_gain":0.0,"event_name":"The Library","player_choice":"Read","floor":21.0,"gold_loss":0.0,"damage_taken":0.0,"cards_obtained":["Adaptation"]},{"cards_removed":["Strike_P"],"damage_healed":0.0,"max_hp_gain":0.0,"max_hp_loss":0.0,"gold_gain":0.0,"event_name":"Back to Basics","player_choice":"Elegance","floor":22.0,"gold_loss":0.0,"damage_taken":0.0},{"damage_healed":0.0,"max_hp_gain":0.0,"max_hp_loss":0.0,"gold_gain":0.0,"event_name":"Addict","player_choice":"Obtained Relic","floor":28.0,"gold_loss":85.0,"damage_taken":0.0,"relics_obtained":["Matryoshka"]},{"damage_healed":0.0,"max_hp_gain":0.0,"max_hp_loss":0.0,"gold_gain":0.0,"event_name":"Ghosts","player_choice":"Ignored","floor":29.0,"gold_loss":0.0,"damage_taken":0.0}],"is_beta":false,"boss_relics":[{"not_picked":["Snecko Eye","Calling Bell"],"picked":"HolyWater"}],"items_purged_floors":[8,13,20],"is_endless":false,"potions_floor_spawned":[6,10,16,18,23,25],"killed_by":"Champ","ascension_level":9}}