{"host":"6ko66ogg91i6g7xq","time":1607632806,"event":{"mods":["BaseMod","StSLib","Downfall","Hermit","Minty Spire (QoL Compilation)","Relic Stats","AchievementEnabler","Colored Powertips","The Jungle","Quick Restart","Act Like it!","everything is the same but u backflip on backflip","Colored Map"],"gold_per_floor":[116,116,129,143,143,143,143,143],"floor_reached":7,"playtime":59,"items_purged":[],"score":45,"play_id":"9fe80ce8-b171-40b8-9fc4-9d529425c40a","local_time":"20201210154006","is_ascension_mode":true,"campfire_choices":[{"floor":6,"key":"RECALL"}],"circlet_count":0,"master_deck":["Strike_G","Strike_G","Strike_G","Strike_G","Strike_G","Defend_G","Defend_G","Defend_G","Defend_G","Defend_G","Survivor","Neutralize","Deadly Poison","Regret"],"relics":["Ring of the Snake","NeowsBlessing","Snake Skull","Gremlin Horn"],"acts_visited":["Exordium"],"potions_floor_usage":[],"damage_taken":[{"damage":0,"enemies":"Cultist","floor":1,"turns":1},{"damage":0,"enemies":"2 Louse","floor":3,"turns":1},{"damage":0,"enemies":"Jaw Worm","floor":4,"turns":1},{"damage":3,"enemies":"Lagavulin","floor":7,"turns":2}],"seed_played":"6836877234516638244","potions_obtained":[{"floor":3,"key":"Swift Potion"},{"floor":4,"key":"Dexterity Potion"}],"is_trial":false,"path_per_floor":["M","?","M","M","?","R","E"],"character_chosen":"THE_SILENT","items_purchased":[],"campfire_rested":0,"item_purchase_floors":[],"current_hp_per_floor":[70,70,70,70,70,70,67,67],"gold":143,"neow_bonus":"THREE_ENEMY_KILL","is_daily":false,"chose_seed":false,"campfire_upgraded":0,"win_rate":0,"timestamp":1607632806,"path_taken":["M","?","?","M","?","R","E"],"build_version":"2020-11-30","purchased_purges":0,"victory":false,"max_hp_per_floor":[70,70,70,70,70,70,70,70],"relic_stats":{"Gremlin Horn":[0,0],"counters":[4,5],"Snake Skull":[1],"obtain_stats":[{"NeowsBlessing":0,"Gremlin Horn":5,"Snake Skull":2,"Ring of the Snake":0},{"NeowsBlessing":0,"Gremlin Horn":3,"Snake Skull":1,"Ring of the Snake":0},{"NeowsBlessing":0,"Gremlin Horn":3,"Snake Skull":1,"Ring of the Snake":0}],"Ring of the Snake":[8]},"card_choices":[{"not_picked":["Bane","Escape Plan"],"picked":"Sucker Punch","floor":1},{"not_picked":["Accuracy","Backflip"],"picked":"Deadly Poison","floor":3},{"not_picked":["Blade Dance","Quick Slash","PiercingWail"],"picked":"SKIP","floor":4}],"player_experience":256023,"relics_obtained":[],"event_choices":[{"cards_removed":["Sucker Punch"],"damage_healed":0,"gold_gain":0,"player_choice":"Gave Card","damage_taken":0,"relics_obtained":["Snake Skull"],"max_hp_gain":0,"max_hp_loss":0,"event_name":"WeMeetAgain","floor":2,"gold_loss":0},{"damage_healed":0,"gold_gain":0,"player_choice":"Box","damage_taken":0,"relics_obtained":["Gremlin Horn"],"max_hp_gain":0,"max_hp_loss":0,"event_name":"Big Fish","floor":5,"gold_loss":0,"cards_obtained":["Regret"]}],"is_beta":false,"boss_relics":[],"items_purged_floors":[],"is_endless":false,"potions_floor_spawned":[3,4],"killed_by":"Lagavulin","ascension_level":2}}