{"host":"1krvlh4vk1vybq4t","time":1607619531,"event":{"mods":["BaseMod","StSLib","Googly Eyes","everything is the same but u backflip on backflip","2.2 Compatiblity","Better Synergies","Block Reminder","SuperFastMode","Custom Start","slay the spire mod where everything is the same but ironclad has a cowboy hat","Act Like it!","Waifu the Spire","Relic Stats","Ironclad Rager","Virulent Crown","Better Altar","Better Match","Better Note","Better Sensory Stone","Better Skull","Better Third Choice","BetterRewards","Booster Modes","Challenge The Spire","Minty Spire (QoL Compilation)","Quick Restart","Swap Starting Deck Mod","Transform Curses","Defective Defect","GifTheSpireLib","Better-Laid Plans","Alarm Clock","Filter the Spire","Shop Mod","Colored Map"],"gold_per_floor":[117,132,142,153,153,153,184,184,184,212,212,239,259,272,272,370,370,383,403,422,433,358,391,391,420,443,443,456,474,474,484,484,484,484],"floor_reached":33,"playtime":789,"items_purged":[],"score":439,"play_id":"c80215ce-7d74-4e7b-9abd-fbbbcd3076c4","local_time":"20201210175851","is_ascension_mode":true,"campfire_choices":[{"data":"Reprogram","floor":6.0,"key":"SMITH"},{"data":"Self Repair","floor":8.0,"key":"SMITH"},{"data":"Reprogram","floor":15.0,"key":"SMITH"},{"data":"Reprogram","floor":24,"key":"SMITH"},{"data":"1","floor":27,"key":"LIFT"},{"data":"2","floor":30,"key":"LIFT"},{"data":"3","floor":32,"key":"LIFT"}],"circlet_count":0,"master_deck":["Gash","Gash","Gash","Gash","Rip and Tear","Reprogram+1","Steam","Steam","Steam","Steam","Go for the Eyes","Self Repair+1","Reprogram+1","Reprogram+1","Dramatic Entrance+1","Fusion","Fusion+1"],"special_seed":0,"relics":["Cracked Core","Bag of Preparation","Kunai","Ginger","Girya","Black Star","Prayer Wheel","Bottled Flame","Mummified Hand","Toy Ornithopter","Orichalcum"],"acts_visited":["Exordium","TheCity"],"potions_floor_usage":[33],"damage_taken":[{"damage":0.0,"enemies":"Jaw Worm","floor":1.0,"turns":2.0},{"damage":4.0,"enemies":"Cultist","floor":2.0,"turns":3.0},{"damage":0.0,"enemies":"Small Slimes","floor":3.0,"turns":2.0},{"damage":8.0,"enemies":"3 Louse","floor":4.0,"turns":3.0},{"damage":4.0,"enemies":"Lagavulin","floor":7.0,"turns":4.0},{"damage":16.0,"enemies":"Gremlin Nob","floor":10.0,"turns":3.0},{"damage":3.0,"enemies":"Lagavulin","floor":12.0,"turns":5.0},{"damage":0.0,"enemies":"Looter","floor":13.0,"turns":3.0},{"damage":0.0,"enemies":"2 Fungi Beasts","floor":14.0,"turns":3.0},{"damage":6.0,"enemies":"Slime Boss","floor":16.0,"turns":6.0},{"damage":11.0,"enemies":"2 Thieves","floor":18.0,"turns":4.0},{"damage":0.0,"enemies":"Shell Parasite","floor":19.0,"turns":4.0},{"damage":2.0,"enemies":"Centurion and Healer","floor":20.0,"turns":6.0},{"damage":19.0,"enemies":"Snecko","floor":21.0,"turns":7.0},{"damage":7.0,"enemies":"Gremlin Leader","floor":23.0,"turns":5.0},{"damage":5,"enemies":"Slavers","floor":25,"turns":5},{"damage":0,"enemies":"Cultist and Chosen","floor":28,"turns":4},{"damage":1,"enemies":"Centurion and Healer","floor":29,"turns":5},{"damage":16,"enemies":"Snake Plant","floor":31,"turns":3},{"damage":77,"enemies":"Collector","floor":33,"turns":7}],"seed_played":"1529432099600303135","potions_obtained":[{"floor":2.0,"key":"Explosive Potion"},{"floor":4.0,"key":"SmokeBomb"},{"floor":10.0,"key":"SkillPotion"},{"floor":14.0,"key":"BlessingOfTheForge"},{"floor":16.0,"key":"Block Potion"},{"floor":25,"key":"Dexterity Potion"},{"floor":28,"key":"SteroidPotion"}],"is_trial":false,"path_per_floor":["M","M","M","M","$","R","E","R","T","E","?","E","M","M","R","B",null,"M","M","M","M","?","E","R","E","T","R","M","M","R","M","R","B"],"character_chosen":"DEFECT","items_purchased":[],"campfire_rested":0,"item_purchase_floors":[],"current_hp_per_floor":[57,53,53,45,45,45,41,41,41,35,38,45,55,57,57,57,57,56,57,57,48,48,51,51,56,56,56,57,57,57,51,51,0,0],"gold":484,"neow_bonus":"","is_daily":false,"chose_seed":false,"campfire_upgraded":4,"win_rate":0,"timestamp":1607619531,"path_taken":["M","M","M","M","$","R","E","R","T","E","?","E","M","M","R","BOSS","M","M","M","M","?","E","R","E","T","R","M","M","R","?","R","BOSS"],"build_version":"2020-11-30","purchased_purges":0,"victory":false,"max_hp_per_floor":[57,57,57,57,57,57,57,57,57,57,57,57,57,57,57,57,57,57,57,57,57,57,57,57,57,57,57,57,57,57,57,57,57,57],"relic_stats":{"counters":[20,84],"Mummified Hand":[1],"Prayer Wheel":3,"Bag of Preparation":[30],"Black Star":2,"Kunai":[24],"Ginger":[12],"Orichalcum":[42],"obtain_stats":[{"Girya":12,"Bottled Flame":23,"Mummified Hand":25,"Prayer Wheel":23,"Bag of Preparation":7,"Black Star":17,"Kunai":9,"Ginger":10,"Orichalcum":26,"Cracked Core":0,"Toy Ornithopter":25},{"Girya":7,"Bottled Flame":15,"Mummified Hand":16,"Prayer Wheel":15,"Bag of Preparation":5,"Black Star":10,"Kunai":5,"Ginger":6,"Orichalcum":16,"Cracked Core":0,"Toy Ornithopter":16},{"Girya":22,"Bottled Flame":60,"Mummified Hand":65,"Prayer Wheel":60,"Bag of Preparation":14,"Black Star":34,"Kunai":14,"Ginger":17,"Orichalcum":65,"Cracked Core":0,"Toy Ornithopter":65}],"Toy Ornithopter":5},"card_choices":[{"not_picked":["Hello World","Coolheaded"],"picked":"Go for the Eyes","floor":1.0},{"not_picked":["Steam","BootSequence","Compile Driver"],"picked":"SKIP","floor":2.0},{"not_picked":["Ball Lightning","Coolheaded","Streamline"],"picked":"SKIP","floor":3.0},{"not_picked":["Loop","BootSequence","Double Energy"],"picked":"SKIP","floor":4.0},{"not_picked":["Self Repair","Seek","Coolheaded"],"picked":"SKIP","floor":7.0},{"not_picked":["Seek","Coolheaded"],"picked":"Self Repair","floor":7.0},{"not_picked":["Steam","Coolheaded"],"picked":"Reprogram","floor":10.0},{"not_picked":["Glacier","Core Surge","Coolheaded"],"picked":"SKIP","floor":12.0},{"not_picked":["Static Discharge","Gash","Rebound"],"picked":"SKIP","floor":13.0},{"not_picked":["Redo","Compile Driver","Defragment"],"picked":"SKIP","floor":14.0},{"not_picked":["Aggregate","Ball Lightning","Consume"],"picked":"SKIP","floor":18.0},{"not_picked":["Coolheaded","Hologram"],"picked":"Reprogram","floor":19.0},{"not_picked":["Sunder+1","Streamline","Genetic Algorithm"],"picked":"SKIP","floor":20.0},{"not_picked":["Blizzard","Force Field","Turbo+1"],"picked":"SKIP","floor":21.0},{"not_picked":["PanicButton+1","Deep Breath+1"],"picked":"Dramatic Entrance+1","floor":22.0},{"not_picked":["Sweeping Beam","Compile Driver+1","Cold Snap"],"picked":"SKIP","floor":23},{"not_picked":["Creative AI","Compile Driver","Barrage"],"picked":"SKIP","floor":25},{"not_picked":["Cold Snap","Lockon","Coolheaded"],"picked":"SKIP","floor":28},{"not_picked":["Fusion","Rebound","Force Field+1"],"picked":"SKIP","floor":28},{"not_picked":["Rebound","Force Field+1"],"picked":"Fusion","floor":28},{"not_picked":["Cold Snap","Lockon","Coolheaded"],"picked":"SKIP","floor":28},{"not_picked":["Auto Shields","Force Field","Cold Snap"],"picked":"SKIP","floor":29},{"not_picked":["Blizzard+1","Gash","Defragment+1"],"picked":"SKIP","floor":29},{"not_picked":["Self Repair","Leap"],"picked":"Fusion+1","floor":31},{"not_picked":["Compile Driver","Hello World","Sweeping Beam"],"picked":"SKIP","floor":31}],"player_experience":428316,"relics_obtained":[{"floor":7.0,"key":"Bag of Preparation"},{"floor":9.0,"key":"Kunai"},{"floor":10.0,"key":"Ginger"},{"floor":12.0,"key":"Girya"},{"floor":23,"key":"Prayer Wheel"},{"floor":23,"key":"Bottled Flame"},{"floor":25,"key":"Mummified Hand"},{"floor":25,"key":"Toy Ornithopter"},{"floor":26,"key":"Orichalcum"}],"event_choices":[{"damage_healed":3.0,"max_hp_gain":0.0,"max_hp_loss":0.0,"gold_gain":0.0,"event_name":"betterSkull:BetterSkull","player_choice":"LEAVE ","floor":11.0,"gold_loss":0.0,"damage_taken":0.0,"cards_upgraded":[],"relics_obtained":[]},{"damage_healed":0.0,"max_hp_gain":0.0,"max_hp_loss":0.0,"gold_gain":0.0,"event_name":"betterMatch:BetterMatch","player_choice":"2","floor":22.0,"gold_loss":0.0,"damage_taken":0.0,"cards_obtained":["betterMatch:ColorlessUncommonCard"]}],"is_beta":false,"boss_relics":[{"not_picked":["Cursed Key","Empty Cage"],"picked":"Black Star"}],"items_purged_floors":[],"is_endless":false,"potions_floor_spawned":[2,4,10,14,16,19,20,25,28,29],"killed_by":"Collector","ascension_level":5}}