{"host":"87fdiiwflhrwsj8a","time":1607637125,"event":{"mods":["BaseMod","StSLib","Replay The Spire","GifTheSpireLib","Minty Spire (QoL Compilation)","BetterRewards","Aspiration","Better Third Choice","Robot Space Explorer","Better Match","Better Note","Relic Sorter","Stuff the Spire","Colored Map","Infinite Spire"],"gold_per_floor":[110,110,121,121,121,147,147,178,178,178,198,212,11,27,27,99,99,114,114,114,131,406,431,431,441,464,11,281,281,292,292,292,365,365,377,377,427,455,475,514,514,528,528,551,594,594,619,348,348,435,515,515,525,525,534,534,534,550,568,590,636,664,435,442,156,208,304,364,364,372,381,296,118,118,126,131,131,131,131,142,157,169,161,161,208,208,226,244,265,265,132,139,162,183,183,210,210,210,220,220,220,273,343,343,377,224,254,283,146,167,181,203,203,203,203,240,9,59,59,123,132,148,148,157,157,157,182,182,208,231,19,19,19],"floor_reached":132,"playtime":5640,"items_purged":["Regret","Regret"],"score":6576,"play_id":"16b4d859-5eae-4640-84ab-721c00e28308","local_time":"20201210165205","is_ascension_mode":true,"campfire_choices":[{"data":"Ball Lightning","floor":7.0,"key":"SMITH"},{"data":"Mirror Shield","floor":10.0,"key":"SMITH"},{"floor":24.0,"key":"REST"},{"floor":32.0,"key":"REST"},{"data":"Defragment","floor":41.0,"key":"SMITH"},{"floor":46.0,"key":"REST"},{"floor":79.0,"key":"REST"},{"floor":84.0,"key":"DIG"},{"floor":98.0,"key":"REST"}],"circlet_count":0,"master_deck":["AscendersBane","Defend_B+1","Defend_B+1","Defend_B","Defend_B+1","Zap+1","Dualcast","Rip and Tear+1","FTL+1","Mirror Shield+1","ReplayTheSpireMod:Calculation Training+1","Apotheosis+1","Chaos","Machine Learning","Rebound","Gash+1","Aggregate+1","Defragment+1","Gash","Gash","All For One+1","Steam+1","Gash","Rip and Tear+1","Chaos","Scrape","Echo Form","Fission+1","Beam Cell","StuffTheSpire:GlassShard","Pot Of Greed","Pot Of Greed","Fission+1","Lockon","Reboot","infinitespire:Oblivion+1","Backflip+1","Pot Of Greed","Chill","Seek","Madness","Madness","Blizzard+1","Reboot","StuffTheSpire:ForEach","Skim","Skim","Backflip","Streamline","Adrenaline","Pot Of Greed","CurseOfTheBell","StuffTheSpire:Ambrosia","Steam+1","Barrage"],"special_seed":0,"relics":["Cracked Core","NeowsBlessing","WingedGreaves","Emotion Chip","Sundial","Replay:WaspNest","Philosopher\u0027s Stone","Replay:Drink Me","Pen Nib","FossilizedHelix","Ancient Tea Set","DataDisk","Runic Capacitor","FaceOfCleric","Black Star","Replay:Mystery Machine","Tiny House","CeramicFish","Blue Doll","infinitespire:Broken Mirror","StuffTheSpire:Barrel","infinitespire:PuzzleCube","Bottled Flame","Counterbalance","infinitespire:EmpoweringShard","SlaversCollar","Toy Ornithopter","Simple Rune","Vajra","infinitespire:Bottled Soul","Turnip","infinitespire:CheckeredPen","War Paint","StuffTheSpire:GrapeVine","aspiration:HatOfInfinitePower","Bronze Scales","Grinning Jar","DollysMirror","TungstenRod","aspiration:SilentSkillbook","Fusion Hammer","aspiration:Nostalgia","PureWater","infinitespire:SolderingIron","infinitespire:Beetle Shell","aspiration:Stabinomicon","Oddly Smooth Stone","The Courier","StuffTheSpire:Expresso","StuffTheSpire:OldFever","Solar Panel","Simple Rune","Letter Opener","Inserter","infinitespire:EvilPickle","Replay:Rubber Ducky","Lantern","Chameleon Ring","ReplayTheSpireMod:Shallot","Mango","Blood Vial","Matryoshka","Pantograph","PreservedInsect","infinitespire:Satchel","aspiration:FrozenJewel","Whetstone","Potion Belt","Gremlin Horn","Ring of Chaos","ClockworkSouvenir","Membership Card","Onion Ring","infinitespire:Freezer","Replay:Bottled Snecko","Replay:Frozen Program","aspiration:Lifesprig","Geode","Molten Egg 2","StuffTheSpire:BottledEssence","Art of War","Calling Bell","Carrot","StuffTheSpire:DarkSteelAnvil","StuffTheSpire:Mouthbags","Ice Cream","Akabeko","Regal Pillow","Orichalcum","Gremlin Food","Mummified Hand","Kunai"],"acts_visited":["TheBeyond","Exordium","TheCity"],"potions_floor_usage":[132,132,132,132],"damage_taken":[{"damage":0.0,"enemies":"Cultist","floor":1.0,"turns":1.0},{"damage":0.0,"enemies":"Small Slimes","floor":3.0,"turns":1.0},{"damage":0.0,"enemies":"Gremlin Nob","floor":6.0,"turns":1.0},{"damage":20.0,"enemies":"3 Sentries","floor":8.0,"turns":5.0},{"damage":0.0,"enemies":"2 Louse","floor":11.0,"turns":2.0},{"damage":13.0,"enemies":"Large Slime","floor":12.0,"turns":3.0},{"damage":3.0,"enemies":"Looter","floor":14.0,"turns":2.0},{"damage":21.0,"enemies":"The Guardian","floor":16.0,"turns":8.0},{"damage":12.0,"enemies":"Chosen","floor":18.0,"turns":5.0},{"damage":7.0,"enemies":"3 Byrds","floor":21.0,"turns":3.0},{"damage":12.0,"enemies":"Replay:Snechameleon","floor":23.0,"turns":4.0},{"damage":3.0,"enemies":"Snecko","floor":25.0,"turns":4.0},{"damage":0.0,"enemies":"Snake Plant","floor":30.0,"turns":3.0},{"damage":26.0,"enemies":"Champ","floor":33.0,"turns":7.0},{"damage":0.0,"enemies":"3 Shapes","floor":35.0,"turns":4.0},{"damage":12.0,"enemies":"3 Darklings","floor":38.0,"turns":4.0},{"damage":0.0,"enemies":"Spire Growth","floor":39.0,"turns":3.0},{"damage":0.0,"enemies":"Reptomancer","floor":40.0,"turns":6.0},{"damage":0.0,"enemies":"Maw","floor":42.0,"turns":5.0},{"damage":2.0,"enemies":"4 Shapes","floor":44.0,"turns":3.0},{"damage":27.0,"enemies":"Nightmare","floor":45.0,"turns":5.0},{"damage":0.0,"enemies":"Mind Bloom Boss Battle","floor":47.0,"turns":4.0},{"damage":8.0,"enemies":"infinitespire:MassOfShapes","floor":50.0,"turns":8.0},{"damage":0.0,"enemies":"Replay:Hell Engine","floor":51.0,"turns":5.0},{"damage":0.0,"enemies":"Small Slimes","floor":53.0,"turns":1.0},{"damage":0.0,"enemies":"Lagavulin","floor":58.0,"turns":3.0},{"damage":0.0,"enemies":"Cultist","floor":59.0,"turns":2.0},{"damage":0.0,"enemies":"Gremlin Nob","floor":60.0,"turns":2.0},{"damage":0.0,"enemies":"3 Sentries","floor":62.0,"turns":3.0},{"damage":0.0,"enemies":"2 Louse","floor":64.0,"turns":1.0},{"damage":0.0,"enemies":"Gremlin Nob","floor":66.0,"turns":1.0},{"damage":0.0,"enemies":"Slime Boss","floor":68.0,"turns":3.0},{"damage":0.0,"enemies":"Shell Parasite","floor":70.0,"turns":1.0},{"damage":0.0,"enemies":"Book of Stabbing","floor":75.0,"turns":2.0},{"damage":0.0,"enemies":"3 Byrds","floor":76.0,"turns":2.0},{"damage":0.0,"enemies":"Snake Plant","floor":80.0,"turns":1.0},{"damage":0.0,"enemies":"Slavers","floor":81.0,"turns":2.0},{"damage":0.0,"enemies":"Gremlin Leader","floor":82.0,"turns":3.0},{"damage":0.0,"enemies":"Chosen and Byrds","floor":83.0,"turns":1.0},{"damage":0.0,"enemies":"Pondfish","floor":85.0,"turns":2.0},{"damage":0.0,"enemies":"Orb Walker","floor":87.0,"turns":1.0},{"damage":0.0,"enemies":"R_Hoarder","floor":92.0,"turns":3.0},{"damage":0.0,"enemies":"Nightmare","floor":93.0,"turns":2.0},{"damage":0.0,"enemies":"R_Hoarder","floor":94.0,"turns":2.0},{"damage":0.0,"enemies":"Nemesis","floor":96.0,"turns":1.0},{"damage":0.0,"enemies":"3 Shapes","floor":99.0,"turns":1.0},{"damage":0.0,"enemies":"Replay:Hell Engine","floor":102.0,"turns":3.0},{"damage":0.0,"enemies":"infinitespire:MassOfShapes","floor":103.0,"turns":2.0},{"damage":0.0,"enemies":"Cultist","floor":105.0,"turns":1.0},{"damage":0.0,"enemies":"Small Slimes","floor":107.0,"turns":1.0},{"damage":0.0,"enemies":"2 Louse","floor":108.0,"turns":1.0},{"damage":0.0,"enemies":"Looter","floor":110.0,"turns":1.0},{"damage":0.0,"enemies":"Exordium Thugs","floor":111.0,"turns":1.0},{"damage":0.0,"enemies":"3 Sentries","floor":112.0,"turns":1.0},{"damage":0.0,"enemies":"Lagavulin","floor":116.0,"turns":2.0},{"damage":0.0,"enemies":"The Guardian","floor":120.0,"turns":3.0},{"damage":0.0,"enemies":"2 Thieves","floor":122.0,"turns":1.0},{"damage":0.0,"enemies":"Book of Stabbing","floor":127.0,"turns":1.0},{"damage":0.0,"enemies":"Gremlin Leader","floor":129.0,"turns":2.0},{"damage":0,"enemies":"Spheric Guardian","floor":132,"turns":1}],"seed_played":"-2133998509889316821","potions_obtained":[{"floor":1.0,"key":"Elixir"},{"floor":6.0,"key":"Doom Potion"},{"floor":12.0,"key":"Fire Potion"},{"floor":16.0,"key":"Reflective Coating"},{"floor":21.0,"key":"Regen Potion"},{"floor":37.0,"key":"Doom Potion"},{"floor":38.0,"key":"Milkshake"},{"floor":50.0,"key":"Dexterity Potion"},{"floor":53.0,"key":"SteroidPotion"},{"floor":64.0,"key":"SpeedPotion"},{"floor":101.0,"key":"Reflective Coating"},{"floor":101.0,"key":"Regen Potion"}],"is_trial":false,"path_per_floor":["M","T","M","?","$","E","R","E","T","R","M","M","$","M","R","B",null,"M","?","AVR","M","?","E","R","M","T","$","?","?","M","?","R","B",null,"M","?","AVR","M","M","E","R","M","T","M","NM","R","?","$","R","B","B",null,"M","?","?","AVR","?","E","M","E","T","E","$","M","$","?","R_BF","B",null,"M","AVR","?","$","?","E","M","R","T","R","M","E","E","M","R_BF","B",null,"M","?","?","AVR","$","E","NM","E","T","E","?","R","M","T","R","B","B",null,"M","$","M","M","$","M","M","E","T","R","AVR","E","$","?","R","B",null,"M","?","?","?","?","E","R","E","T","$","M"],"character_chosen":"DEFECT","items_purchased":["Apotheosis","DataDisk","Runic Capacitor","Gash","infinitespire:EmpoweringShard","Bronze Scales","StuffTheSpire:GlassShard","Grinning Jar","DollysMirror","infinitespire:Beetle Shell","Backflip+1","Lantern","ClockworkSouvenir","Skim","Membership Card","Molten Egg 2","StuffTheSpire:BottledEssence","Art of War","Mummified Hand","Kunai","Steam+1"],"campfire_rested":5,"item_purchase_floors":[13,27,27,27,48,63,63,65,65,73,73,91,106,106,109,117,117,117,131,131,131],"current_hp_per_floor":[64,64,64,64,64,64,64,44,44,44,44,31,31,28,28,7,55,43,43,43,36,36,24,40,37,37,37,10,10,19,19,35,10,44,45,45,50,39,40,41,41,42,42,41,15,35,36,36,36,29,30,60,61,61,61,61,61,62,63,64,64,65,65,66,66,67,67,68,76,77,77,77,77,77,78,79,79,79,81,82,83,84,85,85,86,86,87,72,45,45,45,48,65,70,70,77,77,105,106,106,106,107,108,108,109,109,110,111,111,112,113,114,114,114,114,115,115,105,105,116,116,117,117,89,112,117,119,119,121,121,121,121,121],"gold":19,"neow_bonus":"THREE_ENEMY_KILL","is_daily":false,"chose_seed":false,"campfire_upgraded":3,"win_rate":0,"timestamp":1607637125,"path_taken":["M","?","?","?","$","E","R","E","T","R","?","M","$","M","R","BOSS","M","?","AVR","?","?","E","R","M","T","$","?","?","?","?","R","BOSS","M","?","AVR","M","M","E","R","?","T","?","NM","R","?","$","R","BOSS","BOSS","M","?","?","AVR","?","E","?","E","T","E","$","M","?","?","R_BF","BOSS","M","AVR","?","$","?","E","?","R","T","R","M","E","E","M","R_BF","BOSS","M","?","?","AVR","$","E","NM","E","T","E","?","R","M","?","R","BOSS","BOSS","M","$","M","M","$","M","M","E","T","R","AVR","E","?","?","R","BOSS","M","?","?","?","?","E","R","E","T","$","?"],"build_version":"2020-11-30","purchased_purges":2,"victory":false,"max_hp_per_floor":[71,71,71,71,71,71,71,71,71,71,71,71,71,71,71,71,71,71,71,54,54,54,54,54,54,54,54,54,54,54,54,54,55,55,56,56,61,62,63,64,64,65,65,66,67,67,68,68,68,69,70,70,71,71,71,71,71,72,73,74,74,75,75,76,76,77,77,78,78,79,79,79,79,79,80,81,81,81,81,82,83,84,85,85,86,86,87,87,87,87,87,88,103,104,104,105,105,105,106,106,106,107,108,108,109,109,110,111,111,112,113,114,114,114,114,115,115,115,115,116,116,117,117,117,117,117,119,119,121,121,121,121,121],"card_choices":[{"not_picked":["FTL","Chaos"],"picked":"Ball Lightning","floor":1.0},{"not_picked":["Skim","Sweeping Beam"],"picked":"Rip and Tear","floor":3.0},{"not_picked":["Gash","StuffTheSpire:Plugnplay"],"picked":"FTL","floor":6.0},{"not_picked":["Fusion","StuffTheSpire:Plugnplay"],"picked":"Mirror Shield","floor":8.0},{"not_picked":["Glacier","Cold Snap"],"picked":"ReplayTheSpireMod:Calculation Training","floor":11.0},{"not_picked":["Heatsinks","StuffTheSpire:Plugnplay","Steam"],"picked":"SKIP","floor":12.0},{"not_picked":["Sunder","Machine Learning"],"picked":"Chaos","floor":14.0},{"not_picked":["Buffer","ReplayRNGCard"],"picked":"Machine Learning","floor":16.0},{"not_picked":["Gash","Beam Cell"],"picked":"Rebound","floor":18.0},{"not_picked":["BasicCrystalCard+1","Aggregate"],"picked":"Gash","floor":21.0},{"not_picked":["StuffTheSpire:Purify","Go for the Eyes"],"picked":"Aggregate","floor":23.0},{"not_picked":["StuffTheSpire:NuclearReactor","StuffTheSpire:LoadUp"],"picked":"Defragment","floor":25.0},{"not_picked":["StuffTheSpire:ShieldGenerator+1","Hello World+1"],"picked":"Gash","floor":30.0},{"not_picked":["Electrodynamics","StuffTheSpire:EventHorizon"],"picked":"All For One","floor":33.0},{"not_picked":["Double Energy","Streamline"],"picked":"Steam+1","floor":35.0},{"not_picked":["Rip and Tear+1","Redo+1"],"picked":"Gash","floor":38.0},{"not_picked":["Sweeping Beam","Ball Lightning","StuffTheSpire:LaunchingStrike"],"picked":"SKIP","floor":39.0},{"not_picked":["ReplayTheSpireMod:Repulse+1","Panic Button"],"picked":"Rip and Tear+1","floor":40.0},{"not_picked":["Cold Snap","Force Field","Reinforced Body+1"],"picked":"SKIP","floor":42.0},{"not_picked":["Rebound+1","Sweeping Beam"],"picked":"Chaos","floor":44.0},{"not_picked":["Amplify","Steam"],"picked":"Scrape","floor":45.0},{"not_picked":["StuffTheSpire:EventHorizon","Meteor Strike"],"picked":"Echo Form","floor":50.0},{"not_picked":["StuffTheSpire:ForEach","Seek"],"picked":"Fission","floor":51.0},{"not_picked":["Lockon","Cold Snap","Steam"],"picked":"SKIP","floor":53.0},{"not_picked":["Sweeping Beam","ReplayTheSpireMod:System Scan","Stack"],"picked":"SKIP","floor":58.0},{"not_picked":["ReplaySort","Chaos"],"picked":"Barrage","floor":59.0},{"not_picked":["ReplayTheSpireMod:Repulse","Storm","StuffTheSpire:LaunchingStrike"],"picked":"SKIP","floor":60.0},{"not_picked":["Stack","Rebound"],"picked":"Beam Cell","floor":62.0},{"not_picked":["Sunder","Chaos","Streamline"],"picked":"SKIP","floor":64.0},{"not_picked":["Cold Snap","Loop"],"picked":"Lockon","floor":66.0},{"not_picked":["Multi-Cast","StuffTheSpire:LaunchingStrike"],"picked":"Reboot","floor":68.0},{"not_picked":["Slice","Setup","Ball Lightning","Stack"],"picked":"SKIP","floor":70.0},{"not_picked":["ReplayTheSpireMod:Haul","infinitespire:FinalStrike"],"picked":"infinitespire:Oblivion","floor":71.0},{"not_picked":["StuffTheSpire:LoadUp+1","Turbo","Cloak And Dagger","After Image"],"picked":"SKIP","floor":75.0},{"not_picked":["ReplayGash","Leap","Underhanded Strike","Conserve Battery"],"picked":"SKIP","floor":76.0},{"not_picked":["Backflip","ReplayTheSpireMod:Exploit Weakness","Ball Lightning","Rebound"],"picked":"SKIP","floor":80.0},{"not_picked":["Sunder","Blizzard+1","Quick Slash"],"picked":"Chill","floor":81.0},{"not_picked":["ReplayTheSpireMod:The Works","Noxious Fumes","Ball Lightning","Coolheaded"],"picked":"SKIP","floor":82.0},{"not_picked":["Capacitor","FTL","Doppelganger","BasicCrystalCard"],"picked":"SKIP","floor":83.0},{"not_picked":["Doppelganger","ReplayTheSpireMod:From All Sides","Hyperbeam"],"picked":"Seek","floor":85.0},{"not_picked":["Choke","Poisoned Stab+1","StuffTheSpire:Coldhearted","Streamline+1"],"picked":"SKIP","floor":87.0},{"not_picked":["StuffTheSpire:Incursion","StuffTheSpire:MirrorStance","Deadly Poison","Conserve Battery"],"picked":"SKIP","floor":92.0},{"not_picked":["Hologram","Poison Darts","Footwork"],"picked":"Blizzard+1","floor":93.0},{"not_picked":["ReplaySort+1","Deadly Poison","Prepared","Compile Driver"],"picked":"SKIP","floor":94.0},{"not_picked":["Bouncing Flask+1","Reflex","Go for the Eyes","Heatsinks"],"picked":"SKIP","floor":96.0},{"not_picked":["Replay:Poison Smokescreen+1","Machine Learning","Fluid Movement","Leg Sweep"],"picked":"SKIP","floor":99.0},{"not_picked":["Biased Cognition","StuffTheSpire:ForEach","Burst"],"picked":"Reboot","floor":102.0},{"not_picked":["Grand Finale","StuffTheSpire:EventHorizon","Tools of the Trade"],"picked":"StuffTheSpire:ForEach","floor":103.0},{"not_picked":["Ball Lightning","Slice","Streamline","Coolheaded"],"picked":"SKIP","floor":105.0},{"not_picked":["StuffTheSpire:Injection","Distraction","Chill"],"picked":"Backflip","floor":107.0},{"not_picked":["Streamline","Poison Darts","Cold Snap","PiercingWail"],"picked":"SKIP","floor":108.0},{"not_picked":["Toxin Wave","Crystallizer","Bane"],"picked":"Streamline","floor":110.0},{"not_picked":["Hologram","Die Die Die","Backflip","Turbo"],"picked":"SKIP","floor":111.0},{"not_picked":["Reinforced Body","StuffTheSpire:Purify","Bullet Time","Masterful Stab"],"picked":"SKIP","floor":112.0},{"not_picked":["Crystallizer","StuffTheSpire:MirrorStance","Hologram","Underhanded Strike"],"picked":"SKIP","floor":116.0},{"not_picked":["Biased Cognition","Glass Knife+1","Doppelganger"],"picked":"Adrenaline","floor":120.0},{"not_picked":["StuffTheSpire:Coldhearted","Blade Dance","Underhanded Strike+1","Leap"],"picked":"SKIP","floor":122.0},{"not_picked":["Expertise","Conserve Battery","Turbo","Backflip"],"picked":"SKIP","floor":127.0},{"not_picked":["BootSequence","Dagger Throw+1","Recycle","Cold Snap+1"],"picked":"SKIP","floor":129.0}],"player_experience":2520227,"relics_obtained":[{"floor":2.0,"key":"WingedGreaves"},{"floor":6.0,"key":"Emotion Chip"},{"floor":8.0,"key":"Sundial"},{"floor":9.0,"key":"Replay:WaspNest"},{"floor":23.0,"key":"FossilizedHelix"},{"floor":26.0,"key":"Ancient Tea Set"},{"floor":40.0,"key":"Blue Doll"},{"floor":40.0,"key":"infinitespire:Broken Mirror"},{"floor":43.0,"key":"StuffTheSpire:Barrel"},{"floor":45.0,"key":"infinitespire:PuzzleCube"},{"floor":45.0,"key":"Bottled Flame"},{"floor":47.0,"key":"Counterbalance"},{"floor":58.0,"key":"Vajra"},{"floor":58.0,"key":"infinitespire:Bottled Soul"},{"floor":60.0,"key":"Turnip"},{"floor":60.0,"key":"infinitespire:CheckeredPen"},{"floor":61.0,"key":"War Paint"},{"floor":62.0,"key":"StuffTheSpire:GrapeVine"},{"floor":62.0,"key":"aspiration:HatOfInfinitePower"},{"floor":66.0,"key":"TungstenRod"},{"floor":75.0,"key":"aspiration:Stabinomicon"},{"floor":75.0,"key":"Oddly Smooth Stone"},{"floor":78.0,"key":"The Courier"},{"floor":81.0,"key":"StuffTheSpire:Expresso"},{"floor":81.0,"key":"StuffTheSpire:OldFever"},{"floor":82.0,"key":"Solar Panel"},{"floor":82.0,"key":"Simple Rune"},{"floor":84.0,"key":"Letter Opener"},{"floor":92.0,"key":"Chameleon Ring"},{"floor":92.0,"key":"ReplayTheSpireMod:Shallot"},{"floor":93.0,"key":"Mango"},{"floor":93.0,"key":"Blood Vial"},{"floor":94.0,"key":"Matryoshka"},{"floor":94.0,"key":"Pantograph"},{"floor":95.0,"key":"PreservedInsect"},{"floor":95.0,"key":"infinitespire:Satchel"},{"floor":96.0,"key":"aspiration:FrozenJewel"},{"floor":96.0,"key":"Whetstone"},{"floor":100.0,"key":"Potion Belt"},{"floor":100.0,"key":"Gremlin Horn"},{"floor":112.0,"key":"Onion Ring"},{"floor":112.0,"key":"infinitespire:Freezer"},{"floor":113.0,"key":"Replay:Bottled Snecko"},{"floor":116.0,"key":"aspiration:Lifesprig"},{"floor":116.0,"key":"Geode"},{"floor":121.0,"key":"Carrot"},{"floor":121.0,"key":"StuffTheSpire:DarkSteelAnvil"},{"floor":121.0,"key":"StuffTheSpire:Mouthbags"},{"floor":127.0,"key":"Ice Cream"},{"floor":127.0,"key":"Akabeko"},{"floor":129.0,"key":"Regal Pillow"},{"floor":129.0,"key":"Orichalcum"},{"floor":130.0,"key":"Gremlin Food"}],"event_choices":[{"damage_healed":0.0,"max_hp_gain":0.0,"max_hp_loss":0.0,"gold_gain":0.0,"event_name":"Accursed Blacksmith","player_choice":"Forge","floor":4.0,"gold_loss":0.0,"damage_taken":0.0,"cards_upgraded":["Rip and Tear"]},{"damage_healed":0.0,"max_hp_gain":0.0,"max_hp_loss":0.0,"gold_gain":0.0,"event_name":"Upgrade Shrine","player_choice":"Upgraded","floor":19.0,"gold_loss":0.0,"damage_taken":0.0,"cards_upgraded":["Apotheosis"]},{"damage_healed":0.0,"max_hp_gain":0.0,"max_hp_loss":0.0,"gold_gain":275.0,"event_name":"Golden Shrine","player_choice":"Desecrate","floor":22.0,"gold_loss":0.0,"damage_taken":0.0,"cards_obtained":["Regret"]},{"damage_healed":0.0,"max_hp_gain":0.0,"max_hp_loss":0.0,"gold_gain":270.0,"event_name":"Knowing Skull","player_choice":"GOLD GOLD GOLD ","floor":28.0,"potions_obtained":[],"gold_loss":0.0,"damage_taken":27.0,"cards_obtained":[]},{"cards_removed":["Strike_B"],"damage_healed":0.0,"max_hp_gain":0.0,"max_hp_loss":0.0,"gold_gain":0.0,"event_name":"Purifier","player_choice":"Purged","floor":29.0,"gold_loss":0.0,"damage_taken":0.0},{"damage_healed":0.0,"max_hp_gain":0.0,"max_hp_loss":0.0,"gold_gain":0.0,"event_name":"FaceTrader","player_choice":"Trade","floor":31.0,"gold_loss":0.0,"damage_taken":0.0,"relics_obtained":["FaceOfCleric"]},{"cards_removed":["Ball Lightning"],"damage_healed":0.0,"max_hp_gain":0.0,"max_hp_loss":0.0,"gold_gain":0.0,"event_name":"WeMeetAgain","player_choice":"Gave Card","floor":36.0,"gold_loss":0.0,"damage_taken":0.0,"relics_obtained":["Replay:Mystery Machine"]},{"damage_healed":0.0,"max_hp_gain":0.0,"max_hp_loss":0.0,"gold_gain":0.0,"event_name":"MindBloom","player_choice":"Fight","floor":47.0,"gold_loss":0.0,"damage_taken":0.0},{"damage_healed":0.0,"max_hp_gain":0.0,"max_hp_loss":0.0,"gold_gain":0.0,"event_name":"Big Fish","player_choice":"Box","floor":55.0,"gold_loss":0.0,"damage_taken":0.0,"relics_obtained":["Toy Ornithopter"],"cards_obtained":["Regret"]},{"damage_healed":0.0,"max_hp_gain":0.0,"max_hp_loss":0.0,"gold_gain":0.0,"event_name":"Upgrade Shrine","player_choice":"Upgraded","floor":57.0,"gold_loss":0.0,"damage_taken":0.0,"cards_upgraded":["Fission"]},{"damage_healed":0.0,"max_hp_gain":0.0,"max_hp_loss":0.0,"gold_gain":0.0,"event_name":"Dead Adventurer","player_choice":"Searched \u00271\u0027 times","floor":66.0,"gold_loss":0.0,"damage_taken":0.0},{"damage_healed":0.0,"max_hp_gain":0.0,"max_hp_loss":0.0,"gold_gain":0.0,"event_name":"Addict","player_choice":"Obtained Relic","floor":72.0,"gold_loss":85.0,"damage_taken":0.0,"relics_obtained":["infinitespire:SolderingIron"]},{"damage_healed":0.0,"max_hp_gain":0.0,"max_hp_loss":0.0,"gold_gain":0.0,"event_name":"Accursed Blacksmith","player_choice":"Forge","floor":74.0,"gold_loss":0.0,"damage_taken":0.0,"cards_upgraded":["infinitespire:Oblivion"]},{"damage_healed":0.0,"max_hp_gain":0.0,"max_hp_loss":0.0,"gold_gain":0.0,"event_name":"Winding Halls","player_choice":"Embrace Madness","floor":88.0,"gold_loss":0.0,"damage_taken":16.0,"cards_obtained":["Madness","Madness"]},{"damage_healed":0.0,"max_hp_gain":0.0,"max_hp_loss":0.0,"gold_gain":0.0,"event_name":"Tomb of Lord Red Mask","player_choice":"Ignored","floor":97.0,"gold_loss":0.0,"damage_taken":0.0},{"damage_healed":0.0,"max_hp_gain":0.0,"max_hp_loss":0.0,"gold_gain":50.0,"event_name":"FaceTrader","player_choice":"Touch","floor":118.0,"gold_loss":0.0,"damage_taken":11.0},{"damage_healed":0.0,"max_hp_gain":0.0,"max_hp_loss":0.0,"gold_gain":0.0,"event_name":"betterThird:BetterWriting","player_choice":"Adaptability","floor":123.0,"gold_loss":0.0,"damage_taken":0.0},{"damage_healed":23.0,"max_hp_gain":0.0,"max_hp_loss":0.0,"gold_gain":0.0,"event_name":"The Library","player_choice":"Heal","floor":125.0,"gold_loss":0.0,"damage_taken":0.0},{"cards_removed":["Pot Of Greed"],"damage_healed":5.0,"max_hp_gain":0.0,"max_hp_loss":0.0,"gold_gain":0.0,"event_name":"Bonfire Elementals","player_choice":"Offered Special","floor":126.0,"gold_loss":0.0,"damage_taken":0.0}],"is_beta":false,"boss_relics":[{"not_picked":["Coffee Dripper","Kintsugi"],"picked":"Philosopher\u0027s Stone"},{"not_picked":["Painkiller Herb","aspiration:WatcherSkillbook"],"picked":"Black Star"},{"not_picked":["aspiration:SilentSkillbook","Replay:Bronze Core"],"picked":"SlaversCollar"},{"not_picked":["Replay:Bronze Core","Astrolabe"],"picked":"aspiration:SilentSkillbook"},{"not_picked":["Replay:Wanted Poster","Coffee Dripper"],"picked":"Inserter"},{"not_picked":["Sozu","ReplayTheSpireMod:SealedPack"],"picked":"Ring of Chaos"},{"not_picked":["Busted Crown","Runic Dome"],"picked":"Calling Bell"}],"items_purged_floors":[27,56],"is_endless":true,"potions_floor_spawned":[1,6,12,16,21,25,38,44,50,53,64,66,68,75,81,83,85,94,99,102,105,111,116,127,129],"killed_by":"Spheric Guardian","ascension_level":20}}