{"host":"xd92u7alcwi518yp","time":1607578876,"event":{"gold_per_floor":[115,131,131,147,167,194,194,220,220,231,246,257,257,273,273,374,374,393,410,410,423,423,458,458,458,483,502,531,541,390,406,406,505,505,524,524,576,305,305,305,324,210,233,261,276,302,314,337,349,361,373,385,135,135,135],"floor_reached":54,"playtime":5498,"items_purged":["Writhe"],"score":751,"play_id":"63ffb7df-12ac-46d1-94b8-bdf1116fa29a","local_time":"20201209214116","is_ascension_mode":false,"campfire_choices":[{"floor":13.0,"key":"REST"},{"data":"Defragment","floor":15.0,"key":"SMITH"},{"floor":25.0,"key":"RECALL"},{"floor":32.0,"key":"REST"},{"data":"Defragment","floor":40.0,"key":"SMITH"},{"floor":47,"key":"REST"},{"data":"Discovery","floor":49,"key":"SMITH"},{"data":"Rainbow","floor":52,"key":"SMITH"}],"neow_cost":"NONE","seed_source_timestamp":0,"circlet_count":0,"master_deck":["Strike_B","Strike_B","Strike_B","Defend_B+1","Defend_B","Defend_B+1","Defend_B","Zap","Dualcast","Static Discharge","Chill","Rebound","Conserve Battery","Auto Shields","Static Discharge","Blizzard","Defragment+1","Barrage","Rainbow+1","Coolheaded+1","Cold Snap+1","Loop","Cold Snap+1","Sword Boomerang","Blizzard","Amplify","Footwork+1","Ball Lightning","Defragment+1","Discovery+1","Melter","Glacier","Disarm+1","Defragment","Rage+1","Metamorphosis+1","All For One"],"special_seed":0,"relics":["Cracked Core","War Paint","MealTicket","aspiration:HummingbirdHeart","hubris:BundleOfHerbs","Black Star","PrismaticShard","Regal Pillow","Bag of Preparation","Juzu Bracelet","aspiration:Stabinomicon","PreservedInsect","Philosopher\u0027s Stone","hubris:CuriousFeather","Runic Capacitor","Akabeko","Bottled Flame","hubris:SlimyHat","Toxic Egg 2","MawBank"],"potions_floor_usage":[54],"damage_taken":[{"damage":0.0,"enemies":"2 Louse","floor":1.0,"turns":2.0},{"damage":2.0,"enemies":"Jaw Worm","floor":2.0,"turns":5.0},{"damage":0.0,"enemies":"Cultist","floor":4.0,"turns":4.0},{"damage":15.0,"enemies":"Large Slime","floor":5.0,"turns":5.0},{"damage":8.0,"enemies":"Lagavulin","floor":6.0,"turns":8.0},{"damage":22.0,"enemies":"Gremlin Nob","floor":8.0,"turns":4.0},{"damage":2.0,"enemies":"3 Louse","floor":10.0,"turns":4.0},{"damage":0.0,"enemies":"Looter","floor":11.0,"turns":4.0},{"damage":0.0,"enemies":"Blue Slaver","floor":12.0,"turns":3.0},{"damage":0.0,"enemies":"3 Louse","floor":14.0,"turns":4.0},{"damage":23.0,"enemies":"The Guardian","floor":16.0,"turns":8.0},{"damage":1.0,"enemies":"3 Byrds","floor":18.0,"turns":6.0},{"damage":3.0,"enemies":"Spheric Guardian","floor":19.0,"turns":3.0},{"damage":30.0,"enemies":"3 Cultists","floor":21.0,"turns":5.0},{"damage":27.0,"enemies":"Slavers","floor":23.0,"turns":9.0},{"damage":3.0,"enemies":"Snake Plant","floor":27.0,"turns":5.0},{"damage":22.0,"enemies":"Book of Stabbing","floor":28.0,"turns":7.0},{"damage":15.0,"enemies":"Cultist and Chosen","floor":29.0,"turns":6.0},{"damage":6.0,"enemies":"Centurion and Healer","floor":31.0,"turns":5.0},{"damage":18.0,"enemies":"Automaton","floor":33.0,"turns":11.0},{"damage":3.0,"enemies":"Orb Walker","floor":35.0,"turns":4.0},{"damage":32.0,"enemies":"2 Orb Walkers","floor":37.0,"turns":4.0},{"damage":1,"enemies":"3 Shapes","floor":41,"turns":3},{"damage":4,"enemies":"Nemesis","floor":44,"turns":7},{"damage":6,"enemies":"Transient","floor":45,"turns":5},{"damage":18,"enemies":"Reptomancer","floor":46,"turns":4},{"damage":0,"enemies":"4 Shapes","floor":48,"turns":5},{"damage":2,"enemies":"Donu and Deca","floor":50,"turns":10},{"damage":90,"enemies":"Shield and Spear","floor":54,"turns":6}],"seed_played":"8613835196855706234","potions_obtained":[{"floor":2.0,"key":"Weak Potion"},{"floor":4.0,"key":"Energy Potion"},{"floor":7.0,"key":"PowerPotion"},{"floor":7.0,"key":"Swift Potion"},{"floor":8.0,"key":"ColorlessPotion"},{"floor":10.0,"key":"EssenceOfSteel"},{"floor":12.0,"key":"ColorlessPotion"},{"floor":19.0,"key":"DuplicationPotion"},{"floor":23.0,"key":"Explosive Potion"},{"floor":27.0,"key":"PotionOfCapacity"},{"floor":35.0,"key":"SkillPotion"},{"floor":44,"key":"SkillPotion"}],"is_trial":false,"path_per_floor":["M","M","?","M","M","E","?","E","T","M","M","M","R","M","R","B",null,"M","M","?","M","?","E","?","R","T","M","E","M","$","M","R","B",null,"M","?","?","$","?","R","M","$","T","E","M","E","R","M","R","B",null,"R","$","E"],"character_chosen":"DEFECT","items_purchased":["Blizzard","Runic Capacitor","Defragment","PowerPotion","Melter","Glacier","Metamorphosis+1","All For One"],"campfire_rested":3,"item_purchase_floors":[30,38,38,38,42,42,53,53],"current_hp_per_floor":[75,73,66,66,51,43,43,21,21,19,19,19,41,41,41,18,75,74,71,63,33,33,74,74,74,74,71,49,34,49,43,75,57,75,72,72,40,55,55,55,54,69,69,65,59,41,75,75,75,73,75,75,75,0,0],"gold":135,"neow_bonus":"RANDOM_COMMON_RELIC","is_prod":false,"is_daily":false,"chose_seed":false,"campfire_upgraded":4,"win_rate":0,"timestamp":1607578876,"path_taken":["M","M","?","M","M","E","?","E","T","M","M","M","R","M","R","BOSS","M","M","?","M","?","E","?","R","T","M","E","M","$","M","R","BOSS","M","?","?","$","?","R","M","?","T","E","M","E","R","M","R","BOSS","R","$","E"],"build_version":"2020-11-30","purchased_purges":1,"victory":false,"max_hp_per_floor":[75,75,75,75,75,75,75,75,75,75,75,75,75,75,75,75,75,75,75,75,75,75,75,75,75,75,75,75,75,75,75,75,75,75,75,75,75,75,75,75,75,75,75,75,75,75,75,75,75,75,75,75,75,75,75],"card_choices":[{"not_picked":["Ball Lightning","Turbo"],"picked":"Static Discharge","floor":1.0},{"not_picked":["Rip and Tear","Cold Snap"],"picked":"Chill","floor":2.0},{"not_picked":["Redo","Turbo"],"picked":"Rebound","floor":4.0},{"not_picked":["Hologram","Reinforced Body"],"picked":"Conserve Battery","floor":5.0},{"not_picked":["Turbo","Steam Power"],"picked":"Auto Shields","floor":6.0},{"not_picked":["Force Field","Gash"],"picked":"Static Discharge","floor":8.0},{"not_picked":["Rebound","Hologram"],"picked":"Blizzard","floor":10.0},{"not_picked":["Undo","Genetic Algorithm","Streamline"],"picked":"SKIP","floor":11.0},{"not_picked":["Stack","Conserve Battery"],"picked":"Defragment","floor":12.0},{"not_picked":["Sunder","Beam Cell"],"picked":"Barrage","floor":14.0},{"not_picked":["Multi-Cast","Fission"],"picked":"Rainbow","floor":16.0},{"not_picked":["Turbo","Go for the Eyes","Leap"],"picked":"SKIP","floor":18.0},{"not_picked":["Streamline","Beam Cell","Stack"],"picked":"SKIP","floor":19.0},{"not_picked":["Gash","Undo"],"picked":"Coolheaded+1","floor":20.0},{"not_picked":["BowlingBash","Mind Blast"],"picked":"Cold Snap+1","floor":21.0},{"not_picked":["Vengeance","Wild Strike"],"picked":"DevaForm","floor":23.0},{"not_picked":["BowlingBash","Go for the Eyes","Concentrate"],"picked":"SKIP","floor":27.0},{"not_picked":["Setup+1","Heatsinks"],"picked":"Cold Snap+1","floor":28.0},{"not_picked":["Bane+1","Outmaneuver"],"picked":"Sword Boomerang","floor":29.0},{"not_picked":["Fusion","Uppercut","Havoc"],"picked":"SKIP","floor":31.0},{"not_picked":["Storm of Steel","Secret Weapon"],"picked":"Amplify","floor":33.0},{"not_picked":["Streamline+1","ClearTheMind"],"picked":"Footwork+1","floor":35.0},{"not_picked":["LikeWater+1","Blade Dance"],"picked":"Ball Lightning","floor":37.0},{"not_picked":["CrushJoints+1","Dagger Throw+1"],"picked":"Discovery","floor":41},{"not_picked":["Dodge and Roll+1","Iron Wave+1"],"picked":"Disarm+1","floor":44},{"not_picked":["aspiration:Lunge","Deep Breath","Wild Strike+1"],"picked":"SKIP","floor":45},{"not_picked":["Purity+1","Dash"],"picked":"Defragment","floor":46},{"not_picked":["Dropkick+1","FlurryOfBlows+1"],"picked":"Rage+1","floor":48}],"player_experience":291643,"relics_obtained":[{"floor":6.0,"key":"MealTicket"},{"floor":8.0,"key":"aspiration:HummingbirdHeart"},{"floor":9.0,"key":"hubris:BundleOfHerbs"},{"floor":20.0,"key":"PrismaticShard"},{"floor":23.0,"key":"Regal Pillow"},{"floor":23.0,"key":"Bag of Preparation"},{"floor":28.0,"key":"aspiration:Stabinomicon"},{"floor":28.0,"key":"PreservedInsect"},{"floor":37.0,"key":"hubris:CuriousFeather"},{"floor":43,"key":"Akabeko"},{"floor":44,"key":"Bottled Flame"},{"floor":44,"key":"hubris:SlimyHat"},{"floor":46,"key":"Toxic Egg 2"},{"floor":46,"key":"MawBank"}],"event_choices":[{"cards_removed":["Strike_B"],"damage_healed":0.0,"max_hp_gain":0.0,"max_hp_loss":0.0,"gold_gain":0.0,"event_name":"Golden Wing","player_choice":"Card Removal","floor":3.0,"gold_loss":0.0,"damage_taken":7.0},{"damage_healed":0.0,"max_hp_gain":0.0,"max_hp_loss":0.0,"gold_gain":0.0,"event_name":"Lab","player_choice":"Got Potions","floor":7.0,"gold_loss":0.0,"damage_taken":0.0},{"damage_healed":0.0,"max_hp_gain":0.0,"max_hp_loss":0.0,"gold_gain":0.0,"event_name":"The Mausoleum","player_choice":"Opened","floor":24.0,"gold_loss":0.0,"damage_taken":0.0,"relics_obtained":["Juzu Bracelet"],"cards_obtained":["Writhe"]},{"damage_healed":0.0,"max_hp_gain":0.0,"max_hp_loss":0.0,"gold_gain":0.0,"event_name":"Tomb of Lord Red Mask","player_choice":"Ignored","floor":36.0,"gold_loss":0.0,"damage_taken":0.0},{"damage_healed":0.0,"max_hp_gain":0.0,"max_hp_loss":0.0,"gold_gain":0.0,"event_name":"Mysterious Sphere","player_choice":"Fight","floor":37.0,"gold_loss":0.0,"damage_taken":0.0},{"cards_removed":["DevaForm"],"damage_healed":0.0,"max_hp_gain":0.0,"max_hp_loss":0.0,"gold_gain":0.0,"event_name":"Falling","player_choice":"Removed Power","floor":39.0,"gold_loss":0.0,"damage_taken":0.0}],"is_beta":false,"boss_relics":[{"not_picked":["Pandora\u0027s Box","hubris:ScarierMask"],"picked":"Black Star"},{"not_picked":["Velvet Choker","Empty Cage"],"picked":"Philosopher\u0027s Stone"}],"items_purged_floors":[30],"is_endless":false,"potions_floor_spawned":[2,4,8,10,12,14,19,23,27,29,35,44,46,48],"killed_by":"Shield and Spear","ascension_level":0}}