{"host":"ocllwaoi18j60ltd","time":1607616203,"event":{"mods":["BaseMod","Quick Restart","StSLib","SuperFastMode","DeckTracker","Permanent Neow","Minty Spire (QoL Compilation)"],"gold_per_floor":[109,129,148,165,5,5,17,35,35,35,35],"floor_reached":10,"playtime":189,"items_purged":[],"score":124,"play_id":"b764ec22-8325-4ad8-b735-94808d395540","local_time":"20201211010323","is_ascension_mode":true,"campfire_choices":[{"data":"Eruption","floor":6.0,"key":"SMITH"}],"circlet_count":0,"master_deck":["AscendersBane","Strike_P","Strike_P","Strike_P","Strike_P","Defend_P","Defend_P","Defend_P","Defend_P","Eruption+1","Vigilance","Consecrate","FlurryOfBlows","FollowUp","Ragnarok","Conclude"],"special_seed":0,"relics":["PureWater","Omamori","Girya"],"acts_visited":["Exordium"],"potions_floor_usage":[],"damage_taken":[{"damage":9.0,"enemies":"Jaw Worm","floor":1.0,"turns":5.0},{"damage":0.0,"enemies":"Cultist","floor":2.0,"turns":2.0},{"damage":6.0,"enemies":"Small Slimes","floor":3.0,"turns":4.0},{"damage":6.0,"enemies":"Looter","floor":4.0,"turns":3.0},{"damage":0.0,"enemies":"3 Louse","floor":7.0,"turns":1.0},{"damage":17,"enemies":"Exordium Thugs","floor":8,"turns":3},{"damage":0,"enemies":"3 Sentries","floor":10,"turns":1}],"seed_played":"-8428188996589779440","potions_obtained":[{"floor":2.0,"key":"Fire Potion"},{"floor":3.0,"key":"LiquidMemories"},{"floor":8,"key":"EssenceOfSteel"}],"is_trial":false,"path_per_floor":["M","M","M","M","$","R","M","M","T","E"],"character_chosen":"WATCHER","items_purchased":["Ragnarok"],"campfire_rested":0,"item_purchase_floors":[5],"current_hp_per_floor":[52,52,46,40,40,40,40,23,23,23,23],"gold":35,"neow_bonus":"RANDOM_COMMON_RELIC","is_daily":false,"chose_seed":false,"campfire_upgraded":1,"win_rate":0,"timestamp":1607616203,"path_taken":["M","M","M","M","$","R","M","M","T","E"],"build_version":"2020-11-30","purchased_purges":0,"victory":false,"max_hp_per_floor":[68,68,68,68,68,68,68,68,68,68,68],"card_choices":[{"not_picked":["Evaluate","Study","Meditate"],"picked":"SKIP","floor":1.0},{"not_picked":["JustLucky","Prostrate"],"picked":"Consecrate","floor":2.0},{"not_picked":["Halt","SandsOfTime"],"picked":"FlurryOfBlows","floor":3.0},{"not_picked":["ThirdEye","CarveReality"],"picked":"FollowUp","floor":4.0},{"not_picked":["SashWhip","Protect","JustLucky"],"picked":"SKIP","floor":7.0},{"not_picked":["Indignation","ConjureBlade"],"picked":"Conclude","floor":8}],"player_experience":820283,"relics_obtained":[{"floor":9,"key":"Girya"}],"event_choices":[],"is_beta":false,"boss_relics":[],"items_purged_floors":[],"is_endless":false,"potions_floor_spawned":[2,3,8],"killed_by":"3 Sentries","ascension_level":20}}