{"host":"7pe9xwx78c6nlay8","time":1607592857,"event":{"gold_per_floor":[113,130,147,164,181,209,209,242,319,348,348,383,383,412,412,526,526,547,575,575,575,592,592,606,640,640,640,640],"floor_reached":27,"playtime":1324,"items_purged":[],"score":399,"play_id":"8ffabdae-1bfe-48e0-98d8-afec7175a4ce","local_time":"20201210173417","is_ascension_mode":true,"campfire_choices":[{"floor":7.0,"key":"REST"},{"floor":13,"key":"REST"},{"data":"Study","floor":15,"key":"SMITH"},{"floor":23,"key":"REST"}],"neow_cost":"CURSE","seed_source_timestamp":1261430575368700,"circlet_count":0,"master_deck":["Strike_P","Strike_P","Strike_P","Defend_P","Defend_P","Defend_P","Eruption","Vigilance","Wireheading","Tantrum","JustLucky","BattleHymn+1","Study+1","JustLucky","FollowUp","FollowUp","ThirdEye","FollowUp","DevaForm","FearNoEvil","Prostrate"],"special_seed":0,"relics":["PureWater","Boot","CeramicFish","Gremlin Horn","WingedGreaves","Runic Pyramid","Akabeko","Shovel","Kunai"],"potions_floor_usage":[16,18,22,24,25,27],"damage_taken":[{"damage":7.0,"enemies":"Jaw Worm","floor":1.0,"turns":3.0},{"damage":7.0,"enemies":"2 Louse","floor":2.0,"turns":2.0},{"damage":0.0,"enemies":"Cultist","floor":3.0,"turns":4.0},{"damage":22.0,"enemies":"Gremlin Gang","floor":4.0,"turns":4.0},{"damage":10.0,"enemies":"2 Fungi Beasts","floor":5.0,"turns":4.0},{"damage":0.0,"enemies":"Gremlin Nob","floor":6.0,"turns":2.0},{"damage":21.0,"enemies":"3 Sentries","floor":8.0,"turns":7.0},{"damage":1.0,"enemies":"Blue Slaver","floor":10.0,"turns":3.0},{"damage":0,"enemies":"Lagavulin","floor":12,"turns":4},{"damage":7,"enemies":"Lots of Slimes","floor":14,"turns":2},{"damage":11,"enemies":"Hexaghost","floor":16,"turns":7},{"damage":10,"enemies":"Chosen","floor":18,"turns":4},{"damage":30,"enemies":"2 Thieves","floor":19,"turns":3},{"damage":4,"enemies":"Cultist and Chosen","floor":22,"turns":3},{"damage":8,"enemies":"Snecko","floor":24,"turns":3},{"damage":9,"enemies":"Gremlin Leader","floor":25,"turns":5},{"damage":25,"enemies":"Book of Stabbing","floor":27,"turns":2}],"seed_played":"-8758489942815718583","potions_obtained":[{"floor":1.0,"key":"GamblersBrew"},{"floor":4.0,"key":"Ancient Potion"},{"floor":8.0,"key":"StancePotion"},{"floor":14,"key":"DuplicationPotion"},{"floor":16,"key":"Strength Potion"},{"floor":18,"key":"Dexterity Potion"},{"floor":22,"key":"BottledMiracle"}],"is_trial":false,"path_per_floor":["M","M","M","M","M","E","R","E","T","M","?","E","R","M","R","B",null,"M","M","?","?","M","R","M","E","T","E"],"character_chosen":"WATCHER","items_purchased":[],"campfire_rested":3,"item_purchase_floors":[],"current_hp_per_floor":[58,51,51,29,19,19,40,19,19,18,18,18,39,32,32,21,59,49,19,19,19,15,36,28,19,19,0,0],"gold":640,"neow_bonus":"TRANSFORM_TWO_CARDS","is_prod":false,"is_daily":false,"chose_seed":false,"campfire_upgraded":1,"win_rate":0,"timestamp":1607592857,"path_taken":["M","M","M","M","M","E","R","E","T","M","?","E","R","M","R","BOSS","M","M","?","?","?","R","M","E","T","E"],"build_version":"2020-11-30","purchased_purges":0,"victory":false,"max_hp_per_floor":[72,72,72,72,72,72,72,72,72,72,72,72,72,72,72,72,72,72,72,72,72,72,72,72,72,72,72,72],"card_choices":[{"not_picked":["CutThroughFate","SashWhip"],"picked":"JustLucky","floor":1.0},{"not_picked":["Meditate","Tantrum"],"picked":"BattleHymn","floor":2.0},{"not_picked":["Crescendo","FlurryOfBlows"],"picked":"Study","floor":3.0},{"not_picked":["Meditate","Evaluate"],"picked":"JustLucky","floor":4.0},{"not_picked":["Adaptation","EmptyBody"],"picked":"FollowUp","floor":5.0},{"not_picked":["Wireheading","CutThroughFate"],"picked":"FollowUp","floor":6.0},{"not_picked":["BowlingBash","FlurryOfBlows","Conclude"],"picked":"SKIP","floor":8.0},{"not_picked":["EmptyBody","SashWhip"],"picked":"ThirdEye","floor":10.0},{"not_picked":["LikeWater","Vengeance","Judgement"],"picked":"SKIP","floor":12},{"not_picked":["SashWhip","ForeignInfluence"],"picked":"FollowUp","floor":14},{"not_picked":["Alpha","Wish"],"picked":"DevaForm","floor":16},{"not_picked":["Protect+1","DeceiveReality"],"picked":"FearNoEvil","floor":18},{"not_picked":["EmptyMind","Sanctity"],"picked":"Prostrate","floor":19},{"not_picked":["BattleHymn+1","Adaptation","Tantrum+1"],"picked":"SKIP","floor":22},{"not_picked":["Vengeance","Protect","Sanctity"],"picked":"SKIP","floor":24},{"not_picked":["Protect","DeceiveReality","Collect"],"picked":"SKIP","floor":25}],"player_experience":1481633,"relics_obtained":[{"floor":6.0,"key":"Boot"},{"floor":8.0,"key":"CeramicFish"},{"floor":9.0,"key":"Gremlin Horn"},{"floor":12,"key":"WingedGreaves"},{"floor":25,"key":"Shovel"},{"floor":26,"key":"Kunai"}],"event_choices":[{"damage_healed":0.0,"max_hp_gain":0.0,"max_hp_loss":0.0,"gold_gain":0.0,"event_name":"Living Wall","player_choice":"Grow","floor":11.0,"gold_loss":0.0,"damage_taken":0.0,"cards_upgraded":["BattleHymn"]},{"damage_healed":0,"gold_gain":0,"player_choice":"Opened","damage_taken":0,"relics_obtained":["Akabeko"],"max_hp_gain":0,"max_hp_loss":0,"event_name":"The Mausoleum","floor":20,"gold_loss":0},{"cards_removed":["Clumsy"],"damage_healed":0,"gold_gain":0,"player_choice":"Removed Curses","damage_taken":0,"max_hp_gain":0,"max_hp_loss":0,"event_name":"Fountain of Cleansing","floor":21,"gold_loss":0}],"is_beta":false,"boss_relics":[{"not_picked":["HolyWater","Ectoplasm"],"picked":"Runic Pyramid"}],"items_purged_floors":[],"is_endless":false,"potions_floor_spawned":[1,4,8,14,16,18,22],"killed_by":"Book of Stabbing","ascension_level":6}}