{"host":"5iafpxwkdrtbs389","time":1607583186,"event":{"gold_per_floor":[112,125,50,69,86,114,43,43,125,141,157,157,157,157,157,256,256,224,224,243,243,243],"floor_reached":21,"playtime":958,"items_purged":["Strike_B"],"score":181,"play_id":"943b2461-ad66-4f8d-a200-d71f77f83e61","local_time":"20201210155306","is_ascension_mode":false,"campfire_choices":[{"floor":8,"key":"REST"},{"floor":13,"key":"REST"},{"data":"Coolheaded","floor":15,"key":"SMITH"}],"neow_cost":"NONE","seed_source_timestamp":684608793788900,"circlet_count":0,"master_deck":["Strike_B","Strike_B","Strike_B","Defend_B","Defend_B","Defend_B","Defend_B","Zap","Dualcast","Coolheaded+1","Capacitor+1","Cold Snap","Coolheaded"],"relics":["Cracked Core","Lizard Tail","Bottled Lightning","Nuclear Battery"],"potions_floor_usage":[6,16],"damage_taken":[{"damage":6,"enemies":"Cultist","floor":1,"turns":4},{"damage":17,"enemies":"Small Slimes","floor":2,"turns":3},{"damage":7,"enemies":"2 Louse","floor":4,"turns":3},{"damage":7,"enemies":"Large Slime","floor":5,"turns":8},{"damage":38,"enemies":"Gremlin Nob","floor":6,"turns":5},{"damage":8,"enemies":"Looter","floor":10,"turns":4},{"damage":18,"enemies":"3 Louse","floor":11,"turns":6},{"damage":17,"enemies":"Hexaghost","floor":16,"turns":15},{"damage":34,"enemies":"2 Thieves","floor":18,"turns":5},{"damage":6,"enemies":"Spheric Guardian","floor":20,"turns":7},{"damage":38,"enemies":"Cultist and Chosen","floor":21,"turns":8}],"seed_played":"6571642827402942575","potions_obtained":[{"floor":1,"key":"BlessingOfTheForge"},{"floor":2,"key":"Fruit Juice"},{"floor":4,"key":"Ancient Potion"},{"floor":10,"key":"DuplicationPotion"},{"floor":18,"key":"FairyPotion"}],"is_trial":false,"path_per_floor":["M","M","$","M","M","E","$","R","T","M","M","?","R","?","R","B",null,"M","?","M","M"],"character_chosen":"DEFECT","items_purchased":["Capacitor"],"campfire_rested":2,"item_purchase_floors":[7],"current_hp_per_floor":[69,52,52,45,38,5,5,29,29,21,3,3,27,27,27,10,80,46,46,40,2,2],"gold":243,"neow_bonus":"THREE_CARDS","is_prod":false,"is_daily":false,"chose_seed":false,"campfire_upgraded":1,"win_rate":0.0,"timestamp":1607583186,"path_taken":["M","M","$","M","M","E","$","R","T","M","?","?","R","?","R","BOSS","M","?","M","M"],"build_version":"2020-11-30","purchased_purges":1,"victory":false,"max_hp_per_floor":[75,75,75,75,75,80,80,80,80,80,80,80,80,80,80,80,80,80,80,80,80,80],"card_choices":[{"not_picked":["Redo","Streamline"],"picked":"Coolheaded","floor":0},{"not_picked":["BootSequence","Genetic Algorithm","Doom and Gloom"],"picked":"SKIP","floor":1},{"not_picked":["Steam Power","Streamline","Rebound"],"picked":"SKIP","floor":2},{"not_picked":["Ball Lightning","Conserve Battery","Storm"],"picked":"SKIP","floor":4},{"not_picked":["Sweeping Beam","Hologram","Auto Shields"],"picked":"SKIP","floor":5},{"not_picked":["Sweeping Beam","Beam Cell","Lockon"],"picked":"SKIP","floor":6},{"not_picked":["Barrage","Sweeping Beam","Fission"],"picked":"SKIP","floor":10},{"not_picked":["Gash","Scrape","Hologram"],"picked":"SKIP","floor":11},{"not_picked":["Lockon","Compile Driver"],"picked":"Cold Snap","floor":18},{"not_picked":["Redo","Sweeping Beam","Stack"],"picked":"SKIP","floor":20}],"player_experience":38820,"relics_obtained":[{"floor":6,"key":"Lizard Tail"},{"floor":9,"key":"Bottled Lightning"}],"event_choices":[{"damage_healed":0,"gold_gain":0,"player_choice":"Grow","damage_taken":0,"max_hp_gain":0,"max_hp_loss":0,"event_name":"Living Wall","floor":12,"gold_loss":0,"cards_upgraded":["Capacitor"]},{"damage_healed":0,"gold_gain":0,"player_choice":"Fled","damage_taken":0,"max_hp_gain":0,"max_hp_loss":0,"event_name":"Scrap Ooze","floor":14,"gold_loss":0},{"damage_healed":0,"gold_gain":0,"player_choice":"Read","damage_taken":0,"max_hp_gain":0,"max_hp_loss":0,"event_name":"The Library","floor":19,"gold_loss":0,"cards_obtained":["Coolheaded"]}],"is_beta":false,"boss_relics":[{"not_picked":["Ectoplasm","Fusion Hammer"],"picked":"Nuclear Battery"}],"items_purged_floors":[3],"is_endless":false,"potions_floor_spawned":[1,2,4,10,18],"killed_by":"Cultist and Chosen","ascension_level":0}}