{"host":"vkn5295jy2rrqx8j","time":1607603850,"event":{"gold_per_floor":[109,129,37,48,48,48,77,77,77,77,89,107,107,67,67,144,144,164,176,195,212,212,212,226,226,275,308,308,335,335,366,366,366,366],"floor_reached":33,"playtime":1701,"items_purged":[],"score":610,"play_id":"1e1d2f4e-a4fe-4917-9ae1-d177ff629105","local_time":"20201210213730","is_ascension_mode":true,"campfire_choices":[{"data":"Caltrops","floor":6.0,"key":"SMITH"},{"data":"Footwork","floor":8.0,"key":"SMITH"},{"data":"Neutralize","floor":10.0,"key":"SMITH"},{"data":"Blade Dance","floor":15.0,"key":"SMITH"},{"floor":23.0,"key":"REST"},{"floor":25.0,"key":"REST"},{"floor":28,"key":"REST"},{"floor":30,"key":"REST"},{"floor":32,"key":"REST"}],"neow_cost":"NONE","seed_source_timestamp":10063048911100,"circlet_count":0,"master_deck":["AscendersBane","Strike_G","Strike_G","Defend_G","Defend_G","Defend_G+1","Defend_G+1","Defend_G","Survivor","Neutralize+1","Footwork+1","Quick Slash","Caltrops+1","Dodge and Roll","Backflip","Blur","Sucker Punch","Backflip","Backflip","Acrobatics","Blade Dance+1","Adrenaline","Blade Dance","Escape Plan","Escape Plan","All Out Attack","Cloak And Dagger+1","Deadly Poison"],"special_seed":0,"relics":["Ring of the Snake","Meat on the Bone","War Paint","Fusion Hammer","Art of War","Pantograph","Darkstone Periapt","TungstenRod"],"potions_floor_usage":[27,33],"damage_taken":[{"damage":0.0,"enemies":"Cultist","floor":1.0,"turns":4.0},{"damage":4.0,"enemies":"2 Louse","floor":2.0,"turns":3.0},{"damage":0.0,"enemies":"Small Slimes","floor":4.0,"turns":5.0},{"damage":7.0,"enemies":"3 Sentries","floor":7.0,"turns":15.0},{"damage":3.0,"enemies":"Gremlin Gang","floor":11.0,"turns":5.0},{"damage":2.0,"enemies":"2 Fungi Beasts","floor":12.0,"turns":5.0},{"damage":0.0,"enemies":"Looter","floor":14.0,"turns":4.0},{"damage":36.0,"enemies":"Hexaghost","floor":16.0,"turns":14.0},{"damage":6.0,"enemies":"Shell Parasite","floor":18.0,"turns":5.0},{"damage":4.0,"enemies":"Spheric Guardian","floor":19.0,"turns":5.0},{"damage":11.0,"enemies":"3 Cultists","floor":20.0,"turns":6.0},{"damage":8.0,"enemies":"Sentry and Sphere","floor":21.0,"turns":8.0},{"damage":7.0,"enemies":"Centurion and Healer","floor":24.0,"turns":9.0},{"damage":34,"enemies":"Slavers","floor":27,"turns":7},{"damage":55,"enemies":"Gremlin Leader","floor":29,"turns":10},{"damage":3,"enemies":"Book of Stabbing","floor":31,"turns":5},{"damage":78,"enemies":"Champ","floor":33,"turns":18}],"seed_played":"-388913387350895327","potions_obtained":[{"floor":1.0,"key":"EssenceOfSteel"},{"floor":2.0,"key":"Strength Potion"},{"floor":7.0,"key":"CunningPotion"},{"floor":16.0,"key":"EntropicBrew"},{"floor":20.0,"key":"AttackPotion"},{"floor":24.0,"key":"SmokeBomb"},{"floor":31,"key":"BlessingOfTheForge"}],"is_trial":false,"path_per_floor":["M","M","$","M","?","R","E","R","T","R","M","M","?","M","R","B",null,"M","M","M","M","?","R","M","R","T","E","R","E","R","E","R","B"],"character_chosen":"THE_SILENT","items_purchased":["Caltrops","Dodge and Roll"],"campfire_rested":5,"item_purchase_floors":[3,3],"current_hp_per_floor":[65,61,61,61,61,61,54,54,54,54,51,49,49,49,49,25,60,54,50,53,45,45,66,59,72,72,38,59,16,37,46,67,0,0],"gold":366,"neow_bonus":"TEN_PERCENT_HP_BONUS","is_prod":false,"is_daily":false,"chose_seed":false,"campfire_upgraded":4,"win_rate":0,"timestamp":1607603850,"path_taken":["M","?","?","M","?","R","E","R","T","R","M","M","?","M","R","BOSS","M","?","M","M","?","R","?","R","T","E","R","E","R","E","R","BOSS"],"build_version":"2020-11-30","purchased_purges":0,"victory":false,"max_hp_per_floor":[72,72,72,72,72,72,72,72,72,72,72,72,72,72,72,72,72,72,72,72,72,72,72,72,72,72,72,72,72,72,72,72,72,72],"card_choices":[{"not_picked":["Blade Dance","Backflip"],"picked":"Footwork","floor":1.0},{"not_picked":["Blade Dance","Outmaneuver"],"picked":"Quick Slash","floor":2.0},{"not_picked":["Caltrops","Deadly Poison"],"picked":"Backflip","floor":4.0},{"not_picked":["Blade Dance","Distraction"],"picked":"Sucker Punch","floor":7.0},{"not_picked":["Finisher","Acrobatics"],"picked":"Backflip","floor":11.0},{"not_picked":["Flechettes","Masterful Stab"],"picked":"Backflip","floor":12.0},{"not_picked":["Backflip","PiercingWail"],"picked":"Blade Dance","floor":14.0},{"not_picked":["Bullet Time","Venomology"],"picked":"Adrenaline","floor":16.0},{"not_picked":["Sucker Punch","Masterful Stab+1"],"picked":"Blade Dance","floor":18.0},{"not_picked":["Quick Slash","Deadly Poison","Endless Agony"],"picked":"SKIP","floor":19.0},{"not_picked":["Acrobatics","Outmaneuver","Dagger Spray"],"picked":"SKIP","floor":20.0},{"not_picked":["Expertise","Backflip"],"picked":"Escape Plan","floor":21.0},{"not_picked":["Flechettes","Setup"],"picked":"Escape Plan","floor":24.0},{"not_picked":["Tactician","Heel Hook"],"picked":"All Out Attack","floor":27},{"not_picked":["Bouncing Flask","Eviscerate"],"picked":"Cloak And Dagger+1","floor":29},{"not_picked":["Leg Sweep","Glass Knife"],"picked":"Deadly Poison","floor":31}],"player_experience":774117,"relics_obtained":[{"floor":7.0,"key":"Meat on the Bone"},{"floor":9.0,"key":"War Paint"},{"floor":26.0,"key":"Art of War"},{"floor":27,"key":"Pantograph"},{"floor":29,"key":"Darkstone Periapt"},{"floor":31,"key":"TungstenRod"}],"event_choices":[{"damage_healed":0.0,"max_hp_gain":0.0,"max_hp_loss":0.0,"gold_gain":0.0,"cards_transformed":["Strike_G"],"event_name":"Living Wall","player_choice":"Change","floor":5.0,"gold_loss":0.0,"damage_taken":0.0,"cards_obtained":["Blur"]},{"damage_healed":0.0,"max_hp_gain":0.0,"max_hp_loss":0.0,"gold_gain":0.0,"cards_transformed":["Strike_G"],"event_name":"Transmorgrifier","player_choice":"Transformed","floor":13.0,"gold_loss":0.0,"damage_taken":0.0,"cards_obtained":["Acrobatics"]},{"cards_removed":["Strike_G"],"damage_healed":0.0,"max_hp_gain":0.0,"max_hp_loss":0.0,"gold_gain":0.0,"event_name":"Bonfire Elementals","player_choice":"Offered Basic","floor":22.0,"gold_loss":0.0,"damage_taken":0.0}],"is_beta":false,"boss_relics":[{"not_picked":["Empty Cage","WristBlade"],"picked":"Fusion Hammer"}],"items_purged_floors":[],"is_endless":false,"potions_floor_spawned":[1,2,7,16,20,24,31],"killed_by":"Champ","ascension_level":20}}