{"host":"zkqorkqsr6o67e8b","time":1607599367,"event":{"gold_per_floor":[111,126,136,86,105,130,130,157,211,211,229,229,262,212,212,313,313,333,343,343,353,363,390,390,424,451,479,479,498,529,548,548,645,645,663,663,713,732,732,766,766,795,807,819,846,858,887,913,925,937,949,961,414,446,446],"floor_reached":56,"playtime":2179,"items_purged":[],"score":2286,"play_id":"314b7297-ee85-4f2a-ad0d-91741c6f961d","local_time":"20201210192247","is_ascension_mode":true,"campfire_choices":[{"data":"REME_AllRoundStrike","floor":7.0,"key":"SMITH"},{"data":"Life_Drain","floor":15.0,"key":"SMITH"},{"floor":32.0,"key":"RECALL"},{"data":"REME_FirmDetermination","floor":41.0,"key":"SMITH"},{"floor":44,"key":"REST"},{"floor":49,"key":"REST"},{"floor":52,"key":"REST"}],"neow_cost":"PERCENT_DAMAGE","seed_source_timestamp":36901943037600,"circlet_count":0,"master_deck":["AscendersBane","Blood_Shield+1","Blood_Is_Power+1","REME_AllRoundStrike+1","Life_Drain+1","Acid_Javelin+1","Madness+1","REME_FirmDetermination+1","REME_FirmDetermination"],"special_seed":0,"relics":["Vampire_Amulet","REME_ComplimentaryCards","Juzu Bracelet","Molten Egg 2","Toy Ornithopter","REME_LowDesire","MealTicket","Regal Pillow","SumBook2","Ice Cream","Orichalcum","Bronze Scales","Mango","Cursed Key","Vajra","MawBank","Happy Flower","Pen Nib","HandDrill","War Paint"],"potions_floor_usage":[55,55],"damage_taken":[{"damage":4.0,"enemies":"2 Louse","floor":1.0,"turns":2.0},{"damage":4.0,"enemies":"Small Slimes","floor":2.0,"turns":2.0},{"damage":4.0,"enemies":"Cultist","floor":3.0,"turns":2.0},{"damage":8.0,"enemies":"Exordium Wildlife","floor":5.0,"turns":2.0},{"damage":8.0,"enemies":"Gremlin Nob","floor":6.0,"turns":3.0},{"damage":18.0,"enemies":"3 Sentries","floor":8.0,"turns":3.0},{"damage":4.0,"enemies":"Large Slime","floor":11.0,"turns":2.0},{"damage":4.0,"enemies":"Gremlin Nob","floor":13.0,"turns":2.0},{"damage":8.0,"enemies":"Hexaghost","floor":16.0,"turns":3.0},{"damage":13.0,"enemies":"2 Thieves","floor":18.0,"turns":2.0},{"damage":6.0,"enemies":"Shell Parasite","floor":19.0,"turns":2.0},{"damage":4.0,"enemies":"Shelled Parasite and Fungi","floor":21.0,"turns":2.0},{"damage":14.0,"enemies":"Centurion and Healer","floor":22.0,"turns":2.0},{"damage":4.0,"enemies":"Book of Stabbing","floor":23.0,"turns":2.0},{"damage":19.0,"enemies":"Gremlin Leader","floor":25.0,"turns":4.0},{"damage":33.0,"enemies":"Slavers","floor":27.0,"turns":3.0},{"damage":4.0,"enemies":"Snake Plant","floor":29.0,"turns":2.0},{"damage":13.0,"enemies":"Book of Stabbing","floor":30.0,"turns":2.0},{"damage":4.0,"enemies":"Sentry and Sphere","floor":31.0,"turns":2.0},{"damage":8.0,"enemies":"Champ","floor":33.0,"turns":3.0},{"damage":11.0,"enemies":"3 Shapes","floor":35.0,"turns":2.0},{"damage":4.0,"enemies":"Mind Bloom Boss Battle","floor":37.0,"turns":1.0},{"damage":8.0,"enemies":"Orb Walker","floor":38.0,"turns":2.0},{"damage":8.0,"enemies":"Giant Head","floor":40.0,"turns":3.0},{"damage":6.0,"enemies":"Nemesis","floor":42.0,"turns":3.0},{"damage":4,"enemies":"Spire Growth","floor":45,"turns":2},{"damage":20,"enemies":"Writhing Mass","floor":47,"turns":2},{"damage":6,"enemies":"Maw","floor":48,"turns":2},{"damage":14,"enemies":"Time Eater","floor":50,"turns":4},{"damage":4,"enemies":"Shield and Spear","floor":54,"turns":2},{"damage":54,"enemies":"The Heart","floor":55,"turns":3}],"seed_played":"-727605188943642362","potions_obtained":[{"floor":3.0,"key":"Explosive Potion"},{"floor":6.0,"key":"Ancient Potion"},{"floor":8.0,"key":"GamblersBrew"}],"is_trial":false,"path_per_floor":["M","M","M","?","M","E","R","E","T","?","M","?","E","$","R","B",null,"M","M","$","M","M","E","?","E","T","E","?","M","E","M","R","B",null,"M","?","?","M","?","E","R","E","T","R","M","$","M","M","R","B",null,"R","$","E","B",null],"character_chosen":"NECROMANCER","items_purchased":["Acid_Javelin+1","REME_FirmDetermination","Happy Flower","Pen Nib","HandDrill"],"campfire_rested":3,"item_purchase_floors":[14,53,53,53,53],"current_hp_per_floor":[46,42,49,49,48,51,51,49,49,34,43,43,52,52,52,68,73,64,67,75,75,70,72,72,75,75,55,52,63,71,74,74,84,88,78,78,74,72,72,86,86,89,89,89,89,89,78,87,89,89,89,89,89,89,44],"gold":446,"neow_bonus":"REMOVE_TWO","is_prod":false,"is_daily":false,"chose_seed":false,"campfire_upgraded":3,"win_rate":0,"timestamp":1607599367,"path_taken":["M","M","M","?","M","E","R","E","T","?","M","?","E","$","R","BOSS","M","M","$","M","M","E","?","E","T","E","?","M","E","M","R","BOSS","M","?","?","M","?","E","R","E","T","R","M","$","M","M","R","BOSS","R","$","E","BOSS"],"build_version":"2020-11-30","purchased_purges":0,"victory":true,"max_hp_per_floor":[75,75,75,75,75,75,75,75,75,75,75,75,75,75,75,75,75,75,75,75,75,75,75,75,75,75,75,75,75,89,89,89,89,89,89,89,89,89,89,89,89,89,89,89,89,89,89,89,89,89,89,89,89,89,89],"card_choices":[{"not_picked":["finger_Of_Death","Bone_Prison"],"picked":"Siphon_Strength","floor":1.0},{"not_picked":["Uncharnel","Vampiric_Strike"],"picked":"Life_Drain","floor":2.0},{"not_picked":["Vampiric_Strike","Negative_Energy_Javelin","Thousand_Bone_Knives"],"picked":"SKIP","floor":3.0},{"not_picked":["Summon_Undead_Army","Strike_from_Beyond","Violent_Necrosis"],"picked":"SKIP","floor":5.0},{"not_picked":["Life_Tap","PosionWeak","Summon_Lich"],"picked":"SKIP","floor":6.0},{"not_picked":["Plague_Bolt","Epidemicn","Spectral_Walk"],"picked":"SKIP","floor":8.0},{"not_picked":["Negative_Energy_Mist","Toxic_Smoke_Screen","Necrotic_Claws+1"],"picked":"SKIP","floor":11.0},{"not_picked":["PosionWeak2","finger_Of_Death+1","Skeleton_Dragon"],"picked":"SKIP","floor":13.0},{"not_picked":["PosionBreak","Summon_Vampire_Lady"],"picked":"WallConcept","floor":16.0},{"not_picked":["Pandemic","Blood_Shield","Shackles_Of_Pain","Discovery"],"picked":"SKIP","floor":18.0},{"not_picked":["Negative_Energy_Sphere+1","finger_Of_Death+1","Summon_Undead_Army+1","Transmutation"],"picked":"SKIP","floor":19.0},{"not_picked":["Negative_Energy_Mist","Negative_Energy_Sphere+1","Toxic_Smoke_Screen","Purity"],"picked":"SKIP","floor":21.0},{"not_picked":["finger_Of_Death+1","PosionWeak+1","Spectral_Walk","REME_BattleFury"],"picked":"SKIP","floor":22.0},{"not_picked":["Summon_Lich+1","Scare+1","Negative_Energy_Mist+1","Dark Shackles+1"],"picked":"SKIP","floor":23.0},{"not_picked":["Spectral_Walk","PosionRing","Negative_Energy_Burst+1","Blind+1"],"picked":"SKIP","floor":25.0},{"not_picked":["Cloudkill","Negative_Energy_Javelin+1","Summon_Undead_Army","HandOfGreed+1"],"picked":"SKIP","floor":27.0},{"not_picked":["PosionRing+1","Negative_Energy_Javelin+1","Bone_Armor+1"],"picked":"Madness+1","floor":29.0},{"not_picked":["Negative_Energy_Burst+1","Necrotic_Claws+1","Bone_Shift+1","Blind"],"picked":"SKIP","floor":30.0},{"not_picked":["Bone_Shift","Vampiric_Strike+1","Bone_Armory","Deep Breath"],"picked":"SKIP","floor":31.0},{"not_picked":["Vampiric_Strike+1","Spectral_Walk+1","Bone_Armory+1","Secret Technique"],"picked":"SKIP","floor":35.0},{"not_picked":["Negative_Energy_Sphere+1","Slay_Living+1","Negative_Energy_Javelin+1","Good Instincts+1"],"picked":"SKIP","floor":38.0},{"not_picked":["Blind","Dark Shackles"],"picked":"REME_FirmDetermination","floor":39.0},{"not_picked":["Blood_Is_Power+1","Scare","Shade_Step","Blind+1"],"picked":"SKIP","floor":40.0},{"not_picked":["Bone_Armor","Summon_Lich","OverdoomLine","Bandage Up+1"],"picked":"SKIP","floor":42.0},{"not_picked":["Skeleton_Dragon","Blood_Whip+1","Hellfire+1","Apotheosis"],"picked":"SKIP","floor":45},{"not_picked":["Bone_Armory+1","Vampiric_Strike+1","Scare","REME_Flogging"],"picked":"SKIP","floor":47},{"not_picked":["Bone_Armor+1","Shade_Step+1","Bone_Spikes+1","Enlightenment"],"picked":"SKIP","floor":48},{"not_picked":["Pandemic+1","Creater_Tree","finger_Of_Death+1","HandOfGreed+1"],"picked":"SKIP","floor":54}],"player_experience":407908,"relics_obtained":[{"floor":6.0,"key":"Juzu Bracelet"},{"floor":8.0,"key":"Molten Egg 2"},{"floor":13.0,"key":"Toy Ornithopter"},{"floor":17.0,"key":"MealTicket"},{"floor":17.0,"key":"Regal Pillow"},{"floor":23.0,"key":"SumBook2"},{"floor":25.0,"key":"Ice Cream"},{"floor":26.0,"key":"Orichalcum"},{"floor":27.0,"key":"Bronze Scales"},{"floor":30.0,"key":"Mango"},{"floor":40.0,"key":"Vajra"},{"floor":42.0,"key":"MawBank"},{"floor":54,"key":"War Paint"}],"event_choices":[{"cards_removed":["Blood_for_Blood"],"damage_healed":0.0,"max_hp_gain":0.0,"max_hp_loss":0.0,"gold_gain":0.0,"event_name":"The Cleric","player_choice":"Card Removal","floor":4.0,"gold_loss":50.0,"damage_taken":0.0},{"damage_healed":0.0,"max_hp_gain":0.0,"max_hp_loss":0.0,"gold_gain":0.0,"event_name":"Shining Light","player_choice":"Entered Light","floor":10.0,"gold_loss":0.0,"damage_taken":15.0,"cards_upgraded":["Siphon_Strength","Blood_Shield"]},{"damage_healed":0.0,"max_hp_gain":0.0,"max_hp_loss":0.0,"gold_gain":0.0,"event_name":"Living Wall","player_choice":"Grow","floor":12.0,"gold_loss":0.0,"damage_taken":0.0,"cards_upgraded":["Blood_Is_Power"]},{"cards_removed":["WallConcept"],"damage_healed":0.0,"max_hp_gain":0.0,"max_hp_loss":0.0,"gold_gain":0.0,"event_name":"Back to Basics","player_choice":"Elegance","floor":24.0,"gold_loss":0.0,"damage_taken":0.0},{"damage_healed":0.0,"max_hp_gain":0.0,"max_hp_loss":0.0,"gold_gain":0.0,"event_name":"Designer","player_choice":"Punched","floor":28.0,"gold_loss":0.0,"damage_taken":3.0},{"cards_removed":["Siphon_Strength"],"damage_healed":0.0,"max_hp_gain":0.0,"max_hp_loss":0.0,"gold_gain":0.0,"event_name":"Falling","player_choice":"Removed Skill","floor":36.0,"gold_loss":0.0,"damage_taken":0.0},{"damage_healed":0.0,"max_hp_gain":0.0,"max_hp_loss":0.0,"gold_gain":0.0,"event_name":"MindBloom","player_choice":"Fight","floor":37.0,"gold_loss":0.0,"damage_taken":0.0},{"damage_healed":0.0,"max_hp_gain":0.0,"max_hp_loss":0.0,"gold_gain":0.0,"event_name":"SensoryStone","player_choice":"Memory 1","floor":39.0,"gold_loss":0.0,"damage_taken":0.0}],"is_beta":false,"boss_relics":[{"not_picked":["SacredBark","RingOfChaos2"],"picked":"REME_LowDesire"},{"not_picked":["Tiny House","SlaversCollar"],"picked":"Cursed Key"}],"items_purged_floors":[],"is_endless":false,"potions_floor_spawned":[3,6,8,13,19,22,27,30,33,35,37,42,45],"ascension_level":10}}