{"host":"lbe9fxtv54j53bcs","time":1607614278,"event":{"mods":["BaseMod","StSLib","Better Altar","Prisma Mod","Spicy Shops","The Servant 0.9.4","TheHeartMod","Better Third Choice","BetterRewards","Minty Spire (QoL Compilation)","Quick Restart","Replay The Spire","Shop Mod","Downfall","Better Match","Better Sensory Stone","Displayed Cursed Tome","Force Act Four","Infinite Spire","Kratos Character Expansion","Relic Stats","Say the Spire","The Forsaken","The Necromancer"],"gold_per_floor":[71,91,106,121,140,140,160,160,160,160,179,195,225,225,225,320,320,337,337,353,367,377,402,402,432,432,432,517,551,551,551,551,691,691,751,751,55,77,94,94,112,112,112,136,163,163,187,147,147,259,259,259],"floor_reached":51,"playtime":4150,"items_purged":[],"score":1238,"play_id":"1151868c-bec9-46b5-86ce-11bc055d66da","local_time":"20201210173118","is_ascension_mode":false,"campfire_choices":[{"floor":6.0,"key":"RECALL"},{"data":"KratosMod:ShieldBash","floor":8.0,"key":"SMITH"},{"data":"KratosMod:ShieldBash","floor":10.0,"key":"SMITH"},{"data":"infinitespire:SevenWalls","floor":15.0,"key":"SMITH"},{"data":"infinitespire:DeathsTouch","floor":24.0,"key":"SMITH"},{"data":"KratosMod:ShieldBash","floor":27.0,"key":"SMITH"},{"data":"KratosMod:BladeWhip","floor":30.0,"key":"SMITH"},{"data":"KratosMod:BladeWhip","floor":40,"key":"SMITH"},{"data":"KratosMod:ShieldBash","floor":46,"key":"SMITH"},{"data":"KratosMod:cyclone","floor":49,"key":"SMITH"}],"circlet_count":0,"master_deck":["KratosMod:Strike_K+1","KratosMod:Strike_K+1","KratosMod:Strike_K+1","KratosMod:Strike_K+1","KratosMod:Defend_K","KratosMod:Defend_K","KratosMod:Defend_K","KratosMod:cyclone+1","KratosMod:AthenaBane","KratosMod:BladeWhip+1","KratosMod:clawsofhades","KratosMod:ShieldBash+1","KratosMod:ShieldBash+1","KratosMod:BladeWhip+1","KratosMod:ShieldBash+1","KratosMod:Tempor","KratosMod:BladeWhip+1","infinitespire:SevenWalls+1","KratosMod:ShieldBash+1","KratosMod:Tempor","infinitespire:DeathsTouch+1","KratosMod:ShieldBash+1","KratosMod:Revenge+1","KratosMod:BladeWhip+1"],"special_seed":0,"relics":["KratosMod:eagle","CaptainsWheel","Divine Protection","ReplayTheSpireMod:TigerMarble","Gremlin Horn","Juzu Bracelet","Velvet Choker","Ancient Tea Set","Replay:Kaleidoscope","Mummified Hand","Anchor","infinitespire:Lucky Rock","infinitespire:EvilPickle","Sling","Lantern","Mercury Hourglass","Medical Kit","Sundial","Coffee Dripper"],"acts_visited":["TheCity","TheBeyond","Exordium"],"potions_floor_usage":[41],"damage_taken":[{"damage":0.0,"enemies":"Cultist","floor":1.0,"turns":3.0},{"damage":0.0,"enemies":"Jaw Worm","floor":2.0,"turns":2.0},{"damage":2.0,"enemies":"Small Slimes","floor":3.0,"turns":3.0},{"damage":0.0,"enemies":"Exordium Wildlife","floor":4.0,"turns":3.0},{"damage":0.0,"enemies":"Looter","floor":5.0,"turns":3.0},{"damage":0.0,"enemies":"3 Louse","floor":7.0,"turns":2.0},{"damage":1.0,"enemies":"Blue Slaver","floor":11.0,"turns":3.0},{"damage":0.0,"enemies":"Large Slime","floor":12.0,"turns":3.0},{"damage":0.0,"enemies":"3 Sentries","floor":13.0,"turns":3.0},{"damage":0.0,"enemies":"Fading Forest","floor":16.0,"turns":11.0},{"damage":0.0,"enemies":"2 Thieves","floor":18.0,"turns":2.0},{"damage":0.0,"enemies":"Spheric Guardian","floor":20.0,"turns":2.0},{"damage":0.0,"enemies":"Snake Plant","floor":21.0,"turns":3.0},{"damage":14.0,"enemies":"Chosen and Byrds","floor":22.0,"turns":7.0},{"damage":0.0,"enemies":"Nightmare","floor":23.0,"turns":7.0},{"damage":0.0,"enemies":"Book of Stabbing","floor":25.0,"turns":4.0},{"damage":0.0,"enemies":"Gremlin Leader","floor":29.0,"turns":3.0},{"damage":0,"enemies":"Pondfish","floor":33,"turns":5},{"damage":0,"enemies":"3 Darklings","floor":35,"turns":2},{"damage":0,"enemies":"Orb Walker","floor":38,"turns":2},{"damage":13,"enemies":"Maw","floor":39,"turns":6},{"damage":0,"enemies":"Spire Growth","floor":41,"turns":3},{"damage":0,"enemies":"3 Darklings","floor":44,"turns":1},{"damage":0,"enemies":"Maw","floor":45,"turns":4},{"damage":0,"enemies":"4 Shapes","floor":47,"turns":2},{"damage":0,"enemies":"Awakened One","floor":50,"turns":4}],"seed_played":"1433425542300622435","potions_obtained":[{"floor":1.0,"key":"BlessingOfTheForge"},{"floor":4.0,"key":"Venom Potion"},{"floor":5.0,"key":"hexamod:EctoCoolerPotion"},{"floor":7.0,"key":"Flashbang"},{"floor":41,"key":"FearPotion"}],"is_trial":false,"path_per_floor":["M","M","M","M","M","R","M","R","T","R","M","M","E","?","R","B",null,"M","?","M","M","M","NM","R","E","T","R","?","E","R","?","R","B",null,"M","?","$","M","M","R","M","?","T","M","M","R","M","?","R","B",null],"character_chosen":"KRATOS","items_purchased":["Divine Protection","ReplayTheSpireMod:TigerMarble","Gremlin Horn","Sling","Lantern","Mercury Hourglass","Medical Kit"],"campfire_rested":0,"item_purchase_floors":[0,0,0,37,37,37,37],"current_hp_per_floor":[33,33,38,38,46,46,46,46,46,46,55,55,60,44,44,60,60,60,60,60,60,47,60,60,60,60,60,36,36,36,36,56,56,60,60,60,60,60,47,47,60,60,60,60,60,60,60,60,60,60,60,60],"gold":259,"neow_bonus":"","is_daily":false,"chose_seed":false,"campfire_upgraded":9,"win_rate":0.0,"timestamp":1607614278,"path_taken":["M","M","M","?","M","R","M","R","T","R","M","M","E","?","R","BOSS","M","?","M","M","M","NM","R","E","T","R","?","E","R","?","R","BOSS","M","?","$","M","M","R","M","?","T","M","M","R","M","?","R","BOSS"],"build_version":"2020-11-30","purchased_purges":0,"victory":false,"max_hp_per_floor":[60,60,60,60,60,60,60,60,60,60,60,60,60,60,60,60,60,60,60,60,60,60,60,60,60,60,60,60,60,60,60,60,60,60,60,60,60,60,60,60,60,60,60,60,60,60,60,60,60,60,60,60],"relic_stats":{"Gremlin Horn":[29,29],"counters":[52,181],"Mummified Hand":[0],"Sundial":[0],"Juzu Bracelet":1,"Medical Kit":[0],"obtain_stats":[{"Ice Cream":45,"Divine Protection":0,"Regal Pillow":11,"Lantern":37,"Calipers":24,"Gremlin Horn":0,"Replay:Multitool":44,"Juzu Bracelet":13,"Ginger":0,"Ancient Tea Set":25,"Empty Cage":34,"Sling":45,"Burning Blood":0,"Lizard Tail":40,"KratosMod:amulet":45,"Mummified Hand":26,"Sundial":43,"Girya":0,"Pear":45,"Replay:Towering Pillar of Hats":12,"Quantum Egg":46,"Velvet Choker":17,"PreservedInsect":0,"Replay:Kaleidoscope":25,"infinitespire:Lucky Rock":29,"Orichalcum":13,"Medical Kit":37,"White Beast Statue":28,"Mercury Hourglass":37,"infinitespire:EvilPickle":33,"OrangePellets":45,"CaptainsWheel":0,"Anchor":28,"Busted Crown":25,"infinitespire:WardingShard":9,"ReplayTheSpireMod:Shallot":43,"Shuriken":8,"Bronze Scales":6,"Turnip":49,"Snack Pack":0,"Coffee Dripper":17,"Art of War":19,"ReplayTheSpireMod:TigerMarble":0,"KratosMod:eagle":0,"Membership Card":0,"Mirror":12,"Meat on the Bone":26},{"Ice Cream":23,"Divine Protection":26,"Regal Pillow":7,"Lantern":45,"Calipers":13,"Gremlin Horn":26,"Replay:Multitool":23,"Juzu Bracelet":35,"Ginger":0,"Ancient Tea Set":13,"Empty Cage":18,"Sling":23,"Burning Blood":0,"Lizard Tail":21,"KratosMod:amulet":23,"Mummified Hand":42,"Sundial":48,"Girya":0,"Pear":23,"Replay:Towering Pillar of Hats":7,"Quantum Egg":24,"Velvet Choker":36,"PreservedInsect":0,"Replay:Kaleidoscope":42,"infinitespire:Lucky Rock":43,"Orichalcum":7,"Medical Kit":45,"White Beast Statue":15,"Mercury Hourglass":45,"infinitespire:EvilPickle":44,"OrangePellets":23,"CaptainsWheel":26,"Anchor":42,"Busted Crown":13,"infinitespire:WardingShard":6,"ReplayTheSpireMod:Shallot":21,"Shuriken":6,"Bronze Scales":5,"Turnip":25,"Snack Pack":0,"Coffee Dripper":9,"Art of War":10,"ReplayTheSpireMod:TigerMarble":26,"KratosMod:eagle":0,"Membership Card":0,"Mirror":7,"Meat on the Bone":13},{"Ice Cream":77,"Divine Protection":88,"Regal Pillow":25,"Lantern":159,"Calipers":46,"Gremlin Horn":88,"Replay:Multitool":77,"Juzu Bracelet":113,"Ginger":0,"Ancient Tea Set":46,"Empty Cage":59,"Sling":77,"Burning Blood":0,"Lizard Tail":69,"KratosMod:amulet":77,"Mummified Hand":149,"Sundial":170,"Girya":0,"Pear":77,"Replay:Towering Pillar of Hats":25,"Quantum Egg":80,"Velvet Choker":124,"PreservedInsect":0,"Replay:Kaleidoscope":149,"infinitespire:Lucky Rock":152,"Orichalcum":25,"Medical Kit":159,"White Beast Statue":50,"Mercury Hourglass":159,"infinitespire:EvilPickle":157,"OrangePellets":77,"CaptainsWheel":88,"Anchor":149,"Busted Crown":46,"infinitespire:WardingShard":21,"ReplayTheSpireMod:Shallot":69,"Shuriken":21,"Bronze Scales":18,"Turnip":82,"Snack Pack":0,"Coffee Dripper":33,"Art of War":36,"ReplayTheSpireMod:TigerMarble":88,"KratosMod:eagle":0,"Membership Card":0,"Mirror":25,"Meat on the Bone":46}],"Mercury Hourglass":[93]},"card_choices":[{"not_picked":["KratosMod:Endure","KratosMod:SmashStone"],"picked":"KratosMod:BladeWhip","floor":1.0},{"not_picked":["KratosMod:conjuresoul","KratosMod:BladeWhip"],"picked":"KratosMod:clawsofhades","floor":2.0},{"not_picked":["KratosMod:Roll","KratosMod:Tempor"],"picked":"KratosMod:ShieldBash","floor":3.0},{"not_picked":["KratosMod:blades","KratosMod:Roll"],"picked":"KratosMod:ShieldBash","floor":4.0},{"not_picked":["KratosMod:clawsofhades","KratosMod:ShieldBash"],"picked":"KratosMod:BladeWhip","floor":5.0},{"not_picked":["KratosMod:Tempor","KratosMod:clawsofhades"],"picked":"KratosMod:ShieldBash","floor":7.0},{"not_picked":["KratosMod:Roll","KratosMod:SmashStone","KratosMod:Endure"],"picked":"SKIP","floor":11.0},{"not_picked":["KratosMod:Roll","KratosMod:kBerserk"],"picked":"KratosMod:Tempor","floor":12.0},{"not_picked":["KratosMod:Roll","KratosMod:Endure"],"picked":"KratosMod:BladeWhip","floor":13.0},{"not_picked":["ReplayTheSpireMod:Book of Names","infinitespire:FutureSight"],"picked":"infinitespire:SevenWalls","floor":14.0},{"not_picked":["KratosMod:conjuresoul","KratosMod:rattle"],"picked":"KratosMod:ShieldBash+1","floor":18.0},{"not_picked":["KratosMod:rattle","KratosMod:SmashStone"],"picked":"KratosMod:Tempor","floor":20.0},{"not_picked":["KratosMod:rattle","KratosMod:Tempor+1","KratosMod:ShieldBash+1"],"picked":"SKIP","floor":21.0},{"not_picked":["KratosMod:clawsofhades","KratosMod:Endure+1","KratosMod:tartarusrage"],"picked":"SKIP","floor":22.0},{"not_picked":["infinitespire:UltimateForm","ReplayTheSpireMod:??????????????????????"],"picked":"infinitespire:DeathsTouch","floor":23.0},{"not_picked":["KratosMod:Tempor","KratosMod:clawsofhades"],"picked":"KratosMod:ShieldBash","floor":23.0},{"not_picked":["KratosMod:ShieldBash","KratosMod:BladeWhip","KratosMod:settle"],"picked":"SKIP","floor":25.0},{"not_picked":["KratosMod:BladeWhip","KratosMod:ShieldBash","KratosMod:Endure"],"picked":"SKIP","floor":29.0},{"not_picked":["KratosMod:clawsofhades+1","KratosMod:Roll","KratosMod:BladeWhip"],"picked":"SKIP","floor":35},{"not_picked":["KratosMod:Tempor+1","KratosMod:Endure","KratosMod:conjuresoul"],"picked":"SKIP","floor":38},{"not_picked":["KratosMod:Tempor+1","KratosMod:Endure","KratosMod:conjuresoul"],"picked":"SKIP","floor":38},{"not_picked":["KratosMod:clawsofhades","KratosMod:Endure","KratosMod:Roll+1"],"picked":"SKIP","floor":39},{"not_picked":["KratosMod:Endure+1","KratosMod:ShieldBash"],"picked":"KratosMod:Revenge","floor":41},{"not_picked":["KratosMod:rattle","KratosMod:Roll","KratosMod:Endure"],"picked":"SKIP","floor":44},{"not_picked":["KratosMod:settle+1","KratosMod:SmashStone+1"],"picked":"KratosMod:BladeWhip+1","floor":45},{"not_picked":["KratosMod:settle","KratosMod:clawsofhades","KratosMod:Roll+1"],"picked":"SKIP","floor":47}],"player_experience":186742,"relics_obtained":[{"floor":13.0,"key":"Juzu Bracelet"},{"floor":23.0,"key":"Ancient Tea Set"},{"floor":25.0,"key":"Replay:Kaleidoscope"},{"floor":26.0,"key":"Mummified Hand"},{"floor":28.0,"key":"Anchor"},{"floor":29.0,"key":"infinitespire:Lucky Rock"},{"floor":43,"key":"Sundial"}],"event_choices":[{"damage_healed":0.0,"max_hp_gain":0.0,"max_hp_loss":4.0,"gold_gain":0.0,"event_name":"betterThird:BetterWriting","player_choice":"Simplicity","floor":19.0,"gold_loss":0.0,"damage_taken":0.0},{"damage_healed":0,"gold_gain":0,"player_choice":"Ignored","damage_taken":0,"max_hp_gain":0,"max_hp_loss":0,"event_name":"Cursed Tome","floor":31,"gold_loss":0},{"damage_healed":20,"gold_gain":0,"player_choice":"Heal","damage_taken":0,"max_hp_gain":0,"max_hp_loss":0,"event_name":"The Library","floor":32,"gold_loss":0},{"cards_removed":["KratosMod:Defend_K"],"damage_healed":0,"gold_gain":0,"player_choice":"Removed Skill","damage_taken":0,"max_hp_gain":0,"max_hp_loss":0,"event_name":"Falling","floor":36,"gold_loss":0},{"damage_healed":0,"gold_gain":0,"player_choice":"Upgraded","damage_taken":0,"max_hp_gain":0,"max_hp_loss":0,"event_name":"Upgrade Shrine","floor":42,"gold_loss":0,"cards_upgraded":["KratosMod:Revenge"]},{"damage_healed":0,"gold_gain":0,"player_choice":"Upgrade","damage_taken":0,"max_hp_gain":0,"max_hp_loss":0,"event_name":"Designer","floor":48,"gold_loss":40,"cards_upgraded":["KratosMod:BladeWhip"]}],"is_beta":false,"boss_relics":[{"not_picked":["Black Star","Replay:Ancient Bell"],"picked":"Velvet Choker"},{"not_picked":["ReplayTheSpireMod:SealedPack","Runic Pyramid","Pandora\u0027s Box"]},{"not_picked":["ReplayTheSpireMod:DimensionalGlitch","SacredBark"],"picked":"Coffee Dripper"}],"items_purged_floors":[],"is_endless":true,"potions_floor_spawned":[1,4,5,7,18,25,29,39,41,47],"ascension_level":0}}