{"host":"mszes4kzl3qk0fcx","time":1607635460,"event":{"mods":["BaseMod","StSLib","Infinite Spire","The Animator","Minty Spire (QoL Compilation)","The Problem Sleuth","The Administrix"],"gold_per_floor":[115,134,134,212,212,246,267,277,277,330,92,121,121,136,136,235,235,247,260,270,270,284,315,315,315,315,315,315,315,20,35,35,131,131,143,189,189],"floor_reached":36,"playtime":4682,"items_purged":["AdministrixMod:Strike_Administrix"],"score":440,"play_id":"f83b26a8-ac61-4270-b7c7-c67e0c312f8b","local_time":"20201210162420","is_ascension_mode":false,"campfire_choices":[{"floor":15.0,"key":"REST"},{"data":"AdministrixMod:TouchOfCinnabar","floor":24.0,"key":"SMITH"},{"floor":28.0,"key":"REST"},{"data":"AdministrixMod:XianArts","floor":32.0,"key":"SMITH"}],"circlet_count":0,"master_deck":["AdministrixMod:RedCloak","AdministrixMod:BlueCloak","AdministrixMod:DeathByGlamour+1","AdministrixMod:Convergence","AdministrixMod:ShadowPlay","infinitespire:DeathsTouch","AdministrixMod:RebukeDesires","AdministrixMod:PassageOfAges","AdministrixMod:HarmonicReverence","AdministrixMod:CenturiesAscent","AdministrixMod:HiddenPower","AdministrixMod:Schism","AdministrixMod:FeastOfDew+1","AdministrixMod:SeventeenArticleLaser+1","AdministrixMod:HopeInTheDark+1","AdministrixMod:NewWardrobe","AdministrixMod:TouchOfCinnabar+1","AdministrixMod:ShadowPlay","AdministrixMod:FeastOfDew+1","AdministrixMod:TouchOfCinnabar+1","Writhe","Necronomicurse","AdministrixMod:XianArts+1","AdministrixMod:TouchOfCinnabar","AdministrixMod:RebukeDesires","AdministrixMod:CosmosControl","AdministrixMod:FiendishCrimson","AdministrixMod:FiendishCrimson","AdministrixMod:FiendishCrimson","AdministrixMod:BloodlessSapphire","AdministrixMod:BloodlessSapphire","AdministrixMod:BloodlessSapphire","AdministrixMod:FiendishCrimson"],"special_seed":0,"relics":["AdministrixMod:ConductorRitualBaton","infinitespire:CheckeredPen","infinitespire:BottledMercury","Odd Mushroom","infinitespire:ShieldingShard","Medical Kit","The Courier","Astrolabe","Unceasing Top","Empty Cage","infinitespire:EmpoweringShard","Bronze Scales","Bird Faced Urn","Necronomicon","Bottled Tornado","AdministrixMod:BloodSoakedVeil","Unceasing Top"],"acts_visited":["TheBeyond"],"potions_floor_usage":[36],"damage_taken":[{"damage":2.0,"enemies":"Small Slimes","floor":1.0,"turns":5.0},{"damage":1.0,"enemies":"Jaw Worm","floor":2.0,"turns":5.0},{"damage":20.0,"enemies":"Lagavulin","floor":6.0,"turns":4.0},{"damage":4.0,"enemies":"The Mushroom Lair","floor":7.0,"turns":2.0},{"damage":0.0,"enemies":"2 Louse","floor":8.0,"turns":2.0},{"damage":3.0,"enemies":"3 Sentries","floor":12.0,"turns":3.0},{"damage":0.0,"enemies":"2 Fungi Beasts","floor":14.0,"turns":2.0},{"damage":48.0,"enemies":"The Guardian","floor":16.0,"turns":9.0},{"damage":0.0,"enemies":"3 Byrds","floor":18.0,"turns":2.0},{"damage":0.0,"enemies":"Chosen","floor":19.0,"turns":3.0},{"damage":4.0,"enemies":"Snake Plant","floor":20.0,"turns":4.0},{"damage":4.0,"enemies":"Cultist and Chosen","floor":22.0,"turns":4.0},{"damage":27.0,"enemies":"Slavers","floor":23.0,"turns":3.0},{"damage":0.0,"enemies":"3 Cultists","floor":31.0,"turns":2.0},{"damage":21.0,"enemies":"Champ","floor":33.0,"turns":9.0},{"damage":28,"enemies":"Orb Walker","floor":35,"turns":4},{"damage":72,"enemies":"2 Orb Walkers","floor":36,"turns":6}],"seed_played":"9058723137411239996","potions_obtained":[{"floor":2.0,"key":"Fruit Juice"},{"floor":8.0,"key":"Energy Potion"},{"floor":16.0,"key":"DuplicationPotion"},{"floor":18.0,"key":"FearPotion"},{"floor":19.0,"key":"SteroidPotion"},{"floor":20.0,"key":"Fruit Juice"}],"is_trial":false,"path_per_floor":["M","M","?","T","?","E","?","M","T","T","$","E","?","M","R","B",null,"M","M","M","AVR","M","E","R","?","T","?","R","?","$","M","R","B",null,"M","?"],"character_chosen":"TheAdministrix","items_purchased":["AdministrixMod:HarmonicReverence","Medical Kit","Bottled Tornado","AdministrixMod:XianArts","AdministrixMod:TouchOfCinnabar"],"campfire_rested":2,"item_purchase_floors":[11,11,30,30,30],"current_hp_per_floor":[63,62,72,72,54,34,30,30,30,30,30,27,27,27,49,1,75,75,75,76,76,72,45,45,45,45,29,53,79,79,80,80,67,80,59,21,21],"gold":189,"neow_bonus":"ONE_RANDOM_RARE_CARD","is_daily":false,"chose_seed":false,"campfire_upgraded":2,"win_rate":0,"timestamp":1607635460,"path_taken":["M","M","?","?","?","E","?","M","T","?","?","E","?","M","R","BOSS","M","M","M","AVR","M","E","R","?","T","?","R","?","$","M","R","BOSS","M","?"],"build_version":"2020-11-30","purchased_purges":1,"victory":false,"max_hp_per_floor":[65,65,75,75,75,75,75,75,75,75,75,75,75,75,75,75,75,75,75,80,80,80,80,80,80,80,80,80,80,80,80,80,80,80,80,80,80],"card_choices":[{"not_picked":["AdministrixMod:Metempsychosis","AdministrixMod:DiversionaryTactic"],"picked":"AdministrixMod:Convergence","floor":1.0},{"not_picked":["AdministrixMod:QuietConspiracy","AdministrixMod:NewWardrobe"],"picked":"AdministrixMod:ShadowPlay","floor":2.0},{"not_picked":["infinitespire:FinalStrike","infinitespire:UltimateForm"],"picked":"infinitespire:DeathsTouch","floor":5.0},{"not_picked":["AdministrixMod:Katabasis","AdministrixMod:Transcension"],"picked":"AdministrixMod:RebukeDesires","floor":6.0},{"not_picked":["AdministrixMod:Transcension","AdministrixMod:SipOfSparks"],"picked":"AdministrixMod:PassageOfAges","floor":7.0},{"not_picked":["AdministrixMod:NoblePath","AdministrixMod:CrackingPangu"],"picked":"AdministrixMod:ImmortalGrace","floor":8.0},{"not_picked":["AdministrixMod:PlateOfAntiquity","AdministrixMod:BrewingCloister"],"picked":"AdministrixMod:CenturiesAscent","floor":12.0},{"not_picked":["AdministrixMod:Katabasis","AdministrixMod:XianArts"],"picked":"AdministrixMod:HiddenPower","floor":14.0},{"not_picked":["AdministrixMod:FearOfDeath","AdministrixMod:FalseDeath"],"picked":"AdministrixMod:Schism","floor":16.0},{"not_picked":["AdministrixMod:BloodlessSapphire+1","AdministrixMod:UnstableVigor"],"picked":"AdministrixMod:NewWardrobe","floor":18.0},{"not_picked":["AdministrixMod:JustRewards","AdministrixMod:XianArts"],"picked":"AdministrixMod:TouchOfCinnabar+1","floor":19.0},{"not_picked":["AdministrixMod:BattleforgedBonds","AdministrixMod:ReachToHeaven"],"picked":"AdministrixMod:ShadowPlay","floor":20.0},{"not_picked":["AdministrixMod:QuietConspiracy","AdministrixMod:DreamsMausoleum"],"picked":"AdministrixMod:FeastOfDew+1","floor":22.0},{"not_picked":["AdministrixMod:ImmortalPurity","AdministrixMod:DiversionaryTactic"],"picked":"AdministrixMod:TouchOfCinnabar","floor":23.0},{"not_picked":["AdministrixMod:JustRewards","AdministrixMod:BloodlessSapphire"],"picked":"AdministrixMod:RebukeDesires","floor":31.0},{"not_picked":["AdministrixMod:Schism","AdministrixMod:BattleforgedBonds"],"picked":"AdministrixMod:CosmosControl","floor":33.0},{"not_picked":["AdministrixMod:ShadowPlay+1","AdministrixMod:ImmortalPurity+1"],"picked":"AdministrixMod:FiendishCrimson","floor":35}],"player_experience":460939,"relics_obtained":[{"floor":4.0,"key":"infinitespire:CheckeredPen"},{"floor":6.0,"key":"infinitespire:BottledMercury"},{"floor":7.0,"key":"Odd Mushroom"},{"floor":9.0,"key":"infinitespire:ShieldingShard"},{"floor":12.0,"key":"The Courier"},{"floor":23.0,"key":"infinitespire:EmpoweringShard"},{"floor":26.0,"key":"Bird Faced Urn"},{"floor":27.0,"key":"Necronomicon"},{"floor":36,"key":"Unceasing Top"}],"event_choices":[{"damage_healed":0.0,"max_hp_gain":5.0,"max_hp_loss":0.0,"gold_gain":0.0,"event_name":"Big Fish","player_choice":"Donut","floor":3.0,"gold_loss":0.0,"damage_taken":0.0},{"damage_healed":0.0,"max_hp_gain":0.0,"max_hp_loss":0.0,"gold_gain":0.0,"event_name":"Mushrooms","player_choice":"Fought Mushrooms","floor":7.0,"gold_loss":0.0,"damage_taken":0.0},{"damage_healed":0.0,"max_hp_gain":0.0,"max_hp_loss":0.0,"gold_gain":0.0,"event_name":"Living Wall","player_choice":"Grow","floor":13.0,"gold_loss":0.0,"damage_taken":0.0,"cards_upgraded":["AdministrixMod:DeathByGlamour"]},{"damage_healed":0.0,"max_hp_gain":0.0,"max_hp_loss":0.0,"gold_gain":0.0,"event_name":"The Mausoleum","player_choice":"Opened","floor":25.0,"gold_loss":0.0,"damage_taken":0.0,"relics_obtained":["Bronze Scales"],"cards_obtained":["Writhe"]},{"damage_healed":0.0,"max_hp_gain":0.0,"max_hp_loss":0.0,"gold_gain":0.0,"event_name":"Cursed Tome","player_choice":"Obtained Book","floor":27.0,"gold_loss":0.0,"damage_taken":16.0},{"damage_healed":26.0,"max_hp_gain":0.0,"max_hp_loss":0.0,"gold_gain":0.0,"event_name":"The Library","player_choice":"Heal","floor":29.0,"gold_loss":0.0,"damage_taken":0.0},{"damage_healed":0,"gold_gain":0,"player_choice":"Fight","damage_taken":0,"max_hp_gain":0,"max_hp_loss":0,"event_name":"Mysterious Sphere","floor":36,"gold_loss":0}],"is_beta":false,"boss_relics":[{"not_picked":["Philosopher\u0027s Stone","Pandora\u0027s Box"],"picked":"Astrolabe"},{"not_picked":["Runic Pyramid","AdministrixMod:ElixirOfImmorality"],"picked":"AdministrixMod:BloodSoakedVeil"}],"items_purged_floors":[21],"is_endless":false,"potions_floor_spawned":[2,8,16,18,19,20,35],"killed_by":"2 Orb Walkers","ascension_level":0}}