{"host":"rcanb95qz4o6v6pp","time":1607599968,"event":{"gold_per_floor":[369,544,544,554,69,95,111,111,111,125,125,158,170,201,201,296,296,323,340,439,439,457,24,34,102,102,102,102,122,122,149,149,250,250,267,277,277,292,342,368,368,697,724,755,755,755,755,789,789,789],"floor_reached":51,"playtime":25764,"items_purged":[],"score":931,"play_id":"2e4bfccb-7161-4e01-a5d0-aa4280dda23b","local_time":"20201210063248","is_ascension_mode":true,"campfire_choices":[{"floor":8,"key":"REST"},{"floor":15,"key":"REST"},{"data":"hermit:Glare","floor":30,"key":"SMITH"},{"data":"hermit:ShadowCloak","floor":32,"key":"SMITH"},{"floor":46,"key":"RECALL"},{"floor":49,"key":"REST"}],"neow_cost":"PERCENT_DAMAGE","seed_source_timestamp":469352702050400,"circlet_count":0,"master_deck":["hermit:Strike_Hermit","hermit:Strike_Hermit","hermit:Strike_Hermit","hermit:Defend_Hermit+1","hermit:Defend_Hermit+1","hermit:Defend_Hermit+1","hermit:Defend_Hermit+1","hermit:Snapshot","hermit:Covet","Doubt","hermit:Desperado","hermit:ShadowCloak","hermit:HoleUp","hermit:Deadeye","hermit:ShadowCloak+1","hermit:NoHoldsBarred","hermit:GhostlyPresence","hermit:DeadOrAlive","hermit:Glare+1","hermit:Showdown","Replay:BasicMightCard","Looming Evil","infinitespire:Starlight","infinitespire:UltimateForm","CurseOfTheBell","hermit:SprayPray+1","hermit:FinalCanter","Madness","Madness","Parasite","hermit:Maintenance+1","ReplayTheSpireMod:Brewmster","Master of Strategy","hermit:Quickdraw","Secret Weapon","ReplayTheSpireMod:Brewmster","Dramatic Entrance","hermit:Deadeye+1"],"relics":["hermit:Momento","Letter Opener","Sling","Bird Faced Urn","Replay:Bottled Eggs","Eternal Feather","Smiling Mask","Regal Pillow","ChewingGum","Bag of Marbles","Membership Card","ReplayFunnel","Potion Belt","Mango","Replay:Bottled Steam","Ring of Misfortune","Ring of Panic","Darkstone Periapt","Calling Bell","Bronze Scales","ReplayTheSpireMod:Ninjato","Ginger","infinitespire:WardingShard","Fusion Hammer","Counterbalance","Calipers","Old Coin","Orichalcum","Centennial Puzzle","ReplayTheSpireMod:ShopPack"],"potions_floor_usage":[12,25,31,33,33,42,42,44,50,50,50,50,50,50,50,50,50,50,50,50,50],"damage_taken":[{"damage":1,"enemies":"Cultist","floor":1,"turns":3},{"damage":5,"enemies":"Small Slimes","floor":4,"turns":3},{"damage":20,"enemies":"Gremlin Nob","floor":6,"turns":4},{"damage":11,"enemies":"infinitespire:Voidling","floor":7,"turns":5},{"damage":1,"enemies":"Exordium Thugs","floor":10,"turns":4},{"damage":20,"enemies":"3 Sentries","floor":12,"turns":7},{"damage":5,"enemies":"Red Slaver","floor":13,"turns":4},{"damage":10,"enemies":"Lagavulin","floor":14,"turns":9},{"damage":52,"enemies":"Slime Boss","floor":16,"turns":11},{"damage":2,"enemies":"Spheric Guardian","floor":18,"turns":3},{"damage":9,"enemies":"2 Thieves","floor":19,"turns":4},{"damage":10,"enemies":"Centurion and Healer","floor":22,"turns":6},{"damage":16,"enemies":"3 Cultists","floor":24,"turns":6},{"damage":12,"enemies":"Replay:Snechameleon","floor":25,"turns":6},{"damage":3,"enemies":"Sentry and Sphere","floor":29,"turns":6},{"damage":8,"enemies":"Slavers","floor":31,"turns":5},{"damage":10,"enemies":"Collector","floor":33,"turns":9},{"damage":12,"enemies":"3 Shapes","floor":35,"turns":5},{"damage":0,"enemies":"Orb Walker","floor":36,"turns":4},{"damage":0,"enemies":"Writhing Mass","floor":38,"turns":5},{"damage":0,"enemies":"Mind Bloom Boss Battle","floor":39,"turns":6},{"damage":20,"enemies":"Nemesis","floor":40,"turns":7},{"damage":4,"enemies":"Giant Head","floor":42,"turns":6},{"damage":0,"enemies":"R_Hoarder","floor":44,"turns":6},{"damage":3,"enemies":"4 Shapes","floor":48,"turns":4},{"damage":16,"enemies":"Donu and Deca","floor":50,"turns":10}],"seed_played":"-3418737259298771813","potions_obtained":[{"floor":10,"key":"Fire Potion"},{"floor":12,"key":"blueLaboratory:EnragingPotion"},{"floor":13,"key":"Venom Potion"},{"floor":22,"key":"Explosive Potion"},{"floor":25,"key":"blueLaboratory:BottledHope"},{"floor":33,"key":"BlessingOfTheForge"},{"floor":38,"key":"blueLaboratory:Moonshine"},{"floor":39,"key":"CultistPotion"},{"floor":40,"key":"Weak Potion"}],"is_trial":false,"path_per_floor":["M","?","?","M","$","E","M","R","T","M","T","E","M","E","R","B",null,"M","M","?","T","M","$","M","E","T","?","AVR","M","R","E","R","B",null,"M","M","?","M","?","E","?","E","T","E","AVR","R","?","M","R","B",null],"character_chosen":"HERMIT","items_purchased":["Letter Opener","hermit:ShadowCloak","Sling","Energy Potion","Membership Card","ReplayFunnel","hermit:Showdown","Replay:BasicMightCard","Potion Belt","DistilledChaos"],"campfire_rested":3,"item_purchase_floors":[5,5,5,5,23,23,23,23,23,23],"current_hp_per_floor":[53,53,53,48,48,28,19,41,41,40,40,24,23,17,63,15,75,73,64,64,64,58,58,48,56,56,56,62,75,90,87,95,95,95,87,95,83,101,101,97,87,93,93,99,99,101,101,101,101,100],"gold":789,"neow_bonus":"TWO_FIFTY_GOLD","is_prod":false,"is_daily":false,"chose_seed":false,"campfire_upgraded":2,"win_rate":0,"timestamp":1607599968,"path_taken":["M","?","?","?","$","E","M","R","T","M","?","E","M","E","R","BOSS","M","M","?","?","?","$","M","E","T","?","AVR","M","R","E","R","BOSS","M","M","?","M","?","E","?","E","T","E","AVR","R","?","?","R","BOSS"],"build_version":"2020-11-30","purchased_purges":0,"victory":true,"max_hp_per_floor":[75,75,75,75,75,75,75,75,75,75,75,75,75,75,75,75,75,75,75,75,75,75,75,75,89,89,89,95,95,95,95,95,95,95,95,95,95,101,101,101,101,101,101,101,101,101,101,101,101,101],"card_choices":[{"not_picked":["hermit:WideOpen","hermit:Dive"],"picked":"hermit:Headshot","floor":1},{"not_picked":["hermit:Roulette","hermit:TakeAim"],"picked":"hermit:Desperado","floor":4},{"not_picked":["hermit:HighCaliber","hermit:Snipe"],"picked":"hermit:HoleUp","floor":6},{"not_picked":["hermit:HighCaliber","hermit:Adapt"],"picked":"hermit:Deadeye","floor":7},{"not_picked":["hermit:TakeAim","hermit:Combo"],"picked":"hermit:ShadowCloak","floor":10},{"not_picked":["hermit:Brawl","hermit:CalledShot"],"picked":"hermit:NoHoldsBarred","floor":12},{"not_picked":["hermit:Misfire","hermit:Malice"],"picked":"hermit:GhostlyPresence","floor":13},{"not_picked":["hermit:Misfire","hermit:HighCaliber","hermit:Malice"],"picked":"SKIP","floor":14},{"not_picked":["hermit:OverwhelmingPower","hermit:HeroicBravado"],"picked":"hermit:DeadOrAlive","floor":16},{"not_picked":["hermit:Headshot","hermit:Desperado","hermit:Adapt"],"picked":"SKIP","floor":18},{"not_picked":["hermit:Vantage","hermit:ItchyTrigger+1","hermit:Dive"],"picked":"SKIP","floor":19},{"not_picked":["hermit:HoleUp","hermit:Desperado+1"],"picked":"hermit:Glare","floor":22},{"not_picked":["hermit:Roulette+1","hermit:CalledShot","hermit:FatalDesire"],"picked":"SKIP","floor":24},{"not_picked":["hermit:Shortfuse","hermit:ItchyTrigger","hermit:Brawl"],"picked":"SKIP","floor":25},{"not_picked":["hermit:ItchyTrigger+1","hermit:LowProfile"],"picked":"hermit:SprayPray+1","floor":29},{"not_picked":["hermit:HoleUp","hermit:Deadeye+1","hermit:Manifest"],"picked":"SKIP","floor":31},{"not_picked":["hermit:BlackWind","hermit:FromBeyond"],"picked":"hermit:FinalCanter","floor":33},{"not_picked":["hermit:Gestalt+1","hermit:GhostlyPresence","hermit:Shortfuse+1"],"picked":"SKIP","floor":35},{"not_picked":["hermit:Glare","hermit:Snipe","hermit:Spite+1"],"picked":"SKIP","floor":36},{"not_picked":["hermit:Combo","hermit:TrackingShot+1"],"picked":"hermit:Maintenance+1","floor":38},{"not_picked":["hermit:Feint+1","hermit:LuckOfTheDraw","hermit:Snipe"],"picked":"SKIP","floor":40},{"not_picked":["ReplayTheSpireMod:Private Reserves","Specialist"],"picked":"ReplayTheSpireMod:Brewmster","floor":41},{"not_picked":["Impatience","PanicButton"],"picked":"Master of Strategy","floor":41},{"not_picked":["hermit:BigShot","hermit:OverwhelmingPower"],"picked":"hermit:Quickdraw","floor":42},{"not_picked":["hermit:HighCaliber","hermit:LowProfile+1","hermit:Dive"],"picked":"SKIP","floor":44},{"not_picked":["Thinking Ahead","Secret Technique"],"picked":"Secret Weapon","floor":45},{"not_picked":["Replay:Sssssssssshield","ReplayTheSpireMod:Necrogeddon"],"picked":"ReplayTheSpireMod:Brewmster","floor":45},{"not_picked":["Crow Ritual","Jack Of All Trades"],"picked":"Dramatic Entrance","floor":45},{"not_picked":["hermit:GoldenBullet","hermit:Dive"],"picked":"hermit:Deadeye+1","floor":48}],"player_experience":1292506,"relics_obtained":[{"floor":6,"key":"Bird Faced Urn"},{"floor":9,"key":"Replay:Bottled Eggs"},{"floor":11,"key":"Eternal Feather"},{"floor":12,"key":"Smiling Mask"},{"floor":14,"key":"Regal Pillow"},{"floor":21,"key":"Bag of Marbles"},{"floor":25,"key":"Mango"},{"floor":26,"key":"Replay:Bottled Steam"},{"floor":27,"key":"Ring of Misfortune"},{"floor":27,"key":"Ring of Panic"},{"floor":28,"key":"Bronze Scales"},{"floor":28,"key":"ReplayTheSpireMod:Ninjato"},{"floor":28,"key":"Ginger"},{"floor":31,"key":"infinitespire:WardingShard"},{"floor":39,"key":"Counterbalance"},{"floor":40,"key":"Calipers"},{"floor":42,"key":"Old Coin"},{"floor":43,"key":"Orichalcum"},{"floor":44,"key":"Centennial Puzzle"}],"event_choices":[{"damage_healed":0,"gold_gain":175,"player_choice":"AGREE","damage_taken":369,"max_hp_gain":0,"max_hp_loss":0,"event_name":"betterThird:BetterSerpent","floor":2,"gold_loss":0},{"cards_removed":["hermit:Strike_Hermit"],"damage_healed":0,"gold_gain":0,"player_choice":"Offered Basic","damage_taken":0,"max_hp_gain":0,"max_hp_loss":0,"event_name":"Bonfire Elementals","floor":3,"gold_loss":0},{"damage_healed":0,"gold_gain":99,"player_choice":"Steal","damage_taken":0,"max_hp_gain":0,"max_hp_loss":0,"event_name":"betterThird:BetterNest","floor":20,"gold_loss":0},{"damage_healed":0,"gold_gain":0,"player_choice":"Embrace Madness","damage_taken":12,"max_hp_gain":0,"max_hp_loss":0,"event_name":"Winding Halls","floor":37,"gold_loss":0,"cards_obtained":["Madness","Madness"]},{"damage_healed":0,"gold_gain":0,"player_choice":"Fight","damage_taken":0,"max_hp_gain":0,"max_hp_loss":0,"event_name":"MindBloom","floor":39,"gold_loss":0},{"damage_healed":0,"gold_gain":0,"player_choice":"Memory 3","damage_taken":10,"max_hp_gain":0,"max_hp_loss":0,"event_name":"SensoryStone","floor":41,"gold_loss":0},{"cards_removed":["hermit:Headshot"],"damage_healed":0,"gold_gain":0,"player_choice":"Removed Attack","damage_taken":0,"max_hp_gain":0,"max_hp_loss":0,"event_name":"Falling","floor":47,"gold_loss":0}],"is_beta":false,"boss_relics":[{"not_picked":["Sozu","Replay:Drink Me"],"picked":"ChewingGum"},{"not_picked":["Empty Cage","Philosopher\u0027s Stone"],"picked":"Fusion Hammer"}],"items_purged_floors":[],"is_endless":false,"potions_floor_spawned":[10,12,13,14,19,22,25,33,35,38,39,40],"ascension_level":1}}