{"host":"vvp4eihuvtuugjfx","time":1607576862,"event":{"gold_per_floor":[116,126,126,146,146,173,173,205,217,254,266,278,290,40,40,142,142,154,154,69,105,117,142,142,142,142],"floor_reached":25,"playtime":1888,"items_purged":[],"score":225,"play_id":"0d912ab0-6584-4fdd-b983-4a66df0a11a5","local_time":"20201210060742","is_ascension_mode":false,"campfire_choices":[{"data":"construct:PowerUp","floor":7,"key":"SMITH"},{"floor":11,"key":"REST"},{"floor":15,"key":"REST"},{"floor":24,"key":"DIG"}],"neow_cost":"NONE","seed_source_timestamp":2427579460775800,"circlet_count":0,"master_deck":["construct:Strike_Gold","construct:Strike_Gold","construct:Strike_Gold","construct:Strike_Gold","construct:Strike_Gold","construct:Defend_Gold","construct:Defend_Gold","construct:Defend_Gold","construct:Defend_Gold+1","construct:AttackMode","construct:DefenseMode","construct:Autoturret+1","construct:Isolate","construct:PowerUp+1","ReplayTheSpireMod:Private Reserves","construct:Tumble","construct:FlameCore","construct:GuardCore","construct:Antimatter","construct:Failsafe","construct:Bunker","construct:BatteryAcid","ReplayTheSpireMod:Splinters","construct:Enhance","construct:Autoturret","construct:Tumble+1"],"relics":["construct:Cogwheel","Shuriken","MawBank","Bottled Tornado","Juzu Bracelet","ReplayTheSpireMod:Lightbulb","construct:MasterCore","Sozu","Ancient Tea Set","Shovel","Blue Doll","MealTicket"],"potions_floor_usage":[6,22],"damage_taken":[{"damage":0,"enemies":"Small Slimes","floor":1,"turns":6},{"damage":0,"enemies":"Cultist","floor":2,"turns":4},{"damage":6,"enemies":"Jaw Worm","floor":4,"turns":5},{"damage":28,"enemies":"Lagavulin","floor":6,"turns":6},{"damage":8,"enemies":"Large Slime","floor":8,"turns":8},{"damage":22,"enemies":"Gremlin Nob","floor":10,"turns":4},{"damage":44,"enemies":"Fading Forest","floor":16,"turns":11},{"damage":4,"enemies":"Spheric Guardian","floor":18,"turns":4},{"damage":25,"enemies":"Shell Parasite","floor":22,"turns":6},{"damage":31,"enemies":"Book of Stabbing","floor":23,"turns":6},{"damage":25,"enemies":"Slavers","floor":25,"turns":1}],"seed_played":"-2310091769935301803","potions_obtained":[{"floor":1,"key":"Regen Potion"},{"floor":2,"key":"Fire Potion"},{"floor":4,"key":"SkillPotion"}],"is_trial":false,"path_per_floor":["M","M","?","M","?","E","R","MIM","T","E","R","?","?","$","R","B",null,"M","?","?","?","M","E","R","E"],"character_chosen":"THE_CONSTRUCT_MOD","items_purchased":["construct:MasterCore","construct:Failsafe"],"campfire_rested":2,"item_purchase_floors":[14,14],"current_hp_per_floor":[85,85,85,79,62,43,43,35,35,13,38,35,35,35,60,16,85,81,81,81,81,56,25,25,0,0],"gold":142,"neow_bonus":"THREE_CARDS","is_prod":false,"is_daily":false,"chose_seed":false,"campfire_upgraded":1,"win_rate":0.0,"timestamp":1607576862,"path_taken":["M","M","?","?","?","E","R","?","T","E","R","?","?","$","R","BOSS","M","?","?","?","M","E","R","E"],"build_version":"2020-11-30","purchased_purges":0,"victory":false,"max_hp_per_floor":[85,85,85,85,85,85,85,85,85,85,85,85,85,85,85,85,85,85,85,85,85,85,85,85,85,85],"card_choices":[{"not_picked":["construct:Accumulate","construct:SweepLaser"],"picked":"construct:Autoturret","floor":0},{"not_picked":["construct:SweepLaser","construct:Accumulate"],"picked":"construct:Isolate","floor":1},{"not_picked":["construct:LaserCore","construct:Enhance"],"picked":"construct:PowerUp","floor":2},{"not_picked":["construct:Analyze","construct:SyphonStrike"],"picked":"construct:Tumble","floor":4},{"not_picked":["construct:ModeShift","construct:Forcefield","construct:VentSteam"],"picked":"SKIP","floor":6},{"not_picked":["construct:Hazardproof","construct:SaveState"],"picked":"construct:FlameCore","floor":8},{"not_picked":["construct:GoldenBullet","construct:Electrocute"],"picked":"construct:GuardCore","floor":10},{"not_picked":["construct:BatteryCore","construct:Reserves"],"picked":"construct:Bunker","floor":16},{"not_picked":["construct:SuppressiveFire","construct:Analyze"],"picked":"construct:BatteryAcid","floor":18},{"not_picked":["construct:Chainstrike","construct:ClusterMines"],"picked":"construct:Enhance","floor":21},{"not_picked":["construct:Zapper","construct:Electrocute"],"picked":"construct:Autoturret","floor":22},{"not_picked":["construct:FierceBash+1","construct:ScrapCannon"],"picked":"construct:Tumble+1","floor":23}],"player_experience":699015,"relics_obtained":[{"floor":6,"key":"Shuriken"},{"floor":8,"key":"MawBank"},{"floor":9,"key":"Bottled Tornado"},{"floor":10,"key":"Juzu Bracelet"},{"floor":21,"key":"Shovel"},{"floor":23,"key":"Blue Doll"},{"floor":24,"key":"MealTicket"}],"event_choices":[{"damage_healed":0,"gold_gain":0,"player_choice":"1 cards matched","damage_taken":0,"max_hp_gain":0,"max_hp_loss":0,"event_name":"Match and Keep!","floor":3,"gold_loss":0,"cards_obtained":["ReplayTheSpireMod:Private Reserves"]},{"damage_healed":0,"gold_gain":0,"player_choice":"Entered Light","damage_taken":17,"max_hp_gain":0,"max_hp_loss":0,"event_name":"Shining Light","floor":5,"gold_loss":0,"cards_upgraded":["construct:Autoturret","construct:Defend_Gold"]},{"damage_healed":0,"gold_gain":0,"player_choice":"Success","damage_taken":3,"relics_obtained":["ReplayTheSpireMod:Lightbulb"],"max_hp_gain":0,"max_hp_loss":0,"event_name":"Scrap Ooze","floor":12,"gold_loss":0},{"damage_healed":0,"gold_gain":0,"cards_transformed":["construct:Defend_Gold"],"player_choice":"Change","damage_taken":0,"max_hp_gain":0,"max_hp_loss":0,"event_name":"Living Wall","floor":13,"gold_loss":0,"cards_obtained":["construct:Antimatter"]},{"damage_healed":0,"gold_gain":0,"player_choice":"Obtained Relic","damage_taken":0,"relics_obtained":["Ancient Tea Set"],"max_hp_gain":0,"max_hp_loss":0,"event_name":"Addict","floor":20,"gold_loss":85}],"is_beta":false,"boss_relics":[{"not_picked":["Ring of Chaos","Empty Cage"],"picked":"Sozu"}],"items_purged_floors":[],"is_endless":false,"potions_floor_spawned":[1,2,4],"killed_by":"Slavers","ascension_level":0}}