{"host":"k6qwgpygxbgz06bg","time":1607627310,"event":{"mods":["BaseMod","StSLib","BetterRewards","Colored Map","Friendly Minions","Better Third Choice","Minty Spire (QoL Compilation)","Replay The Spire","Marisa????????","The Bug Knight","The Cursed","The Mystic","Beaked The Cultist","The Gatherer","The Witch","The Administrix"],"gold_per_floor":[111,61,0,0,11,36,52,70,144,144,172,22,22,41,41,137,137,151,151,171,171,171,186,199,212,212,57,105,105,115,35,46,46,46,147,147,162,182,182,182,192,204,220,236,308,308,308,134,134,134,134,134],"floor_reached":50,"playtime":2827,"items_purged":["Gatherer:Defend_Gatherer","Amnesia"],"score":496,"play_id":"5d47e2ee-257f-454d-8165-2cf2e35903e0","local_time":"20201210200830","is_ascension_mode":false,"metric_token":1041,"campfire_choices":[{"data":"Gatherer:Centralize","floor":10,"key":"SMITH"},{"data":"Enlightenment","floor":13,"key":"SMITH"},{"data":"Gatherer:MiningStrike","floor":26,"key":"SMITH"},{"data":"ReplayUltimateDefense","floor":47,"key":"SMITH"}],"circlet_count":0,"master_deck":["Gatherer:Defend_Gatherer","Gatherer:Defend_Gatherer","Gatherer:Centralize+1","Gatherer:FlowerWhip+1","Gatherer:EnergyBasket","Gatherer:AcidicSpray","Enlightenment+1","Gatherer:TacticalStrike","Gatherer:AlchemyTrial","Gatherer:ScherryThrow+1","Gatherer:FragileHammer","Gatherer:SmartManeuver","Gatherer:LuckyClover","Gatherer:Bulldoze","Gatherer:FruitForce+1","Gatherer:Uplift","Gatherer:CollectorsShot+1","Gatherer:BambuSword+1","Gatherer:MiningStrike+1","Gatherer:ColorfulGarden","Gatherer:Enchant","Forethought","Gatherer:Liquidism+1","Gatherer:Liquidism","Gatherer:QuickSynthesis","Gatherer:Duplicator","Gatherer:BomberForm","Gatherer:ColorfulGarden+1","Gatherer:ScherryThrow+1","Gatherer:Nutrients+1","Gatherer:BigPouch+1","Gatherer:ScrollOfWall+1","Mind Blast","Finesse","ReplayUltimateDefense+1","Gatherer:AlchemyTrial","Gatherer:FlowerShield","Gatherer:EnergyBasket","Gatherer:VenomBarrier","Gatherer:UpgradeBag"],"relics":["Gatherer:AlchemyBag","FossilizedHelix","ReplayTheSpireMod:Shallot","Odd Mushroom","Coffee Dripper","Replay:Wax Seal","Astrolabe","Bottled Tornado","Du-Vu Doll"],"acts_visited":["Exordium","TheCity","TheBeyond"],"potions_floor_usage":[11,14,16,18,23,23,30,35,43,50],"damage_taken":[{"damage":0,"enemies":"Small Slimes","floor":1,"turns":5},{"damage":10,"enemies":"Jaw Worm","floor":5,"turns":4},{"damage":47,"enemies":"3 Sentries","floor":6,"turns":14},{"damage":0,"enemies":"2 Louse","floor":7,"turns":3},{"damage":0,"enemies":"2 Fungi Beasts","floor":8,"turns":4},{"damage":0,"enemies":"The Mushroom Lair","floor":11,"turns":4},{"damage":0,"enemies":"Gremlin Gang","floor":14,"turns":3},{"damage":8,"enemies":"Slime Boss","floor":16,"turns":9},{"damage":14,"enemies":"Chosen","floor":18,"turns":5},{"damage":0,"enemies":"Spheric Guardian","floor":20,"turns":3},{"damage":4,"enemies":"Centurion and Healer","floor":23,"turns":6},{"damage":0,"enemies":"3 Cultists","floor":24,"turns":4},{"damage":7,"enemies":"Chosen and Byrds","floor":25,"turns":6},{"damage":0,"enemies":"Centurion and Healer","floor":30,"turns":5},{"damage":16,"enemies":"Snake Plant","floor":32,"turns":5},{"damage":39,"enemies":"Automaton","floor":35,"turns":7},{"damage":11,"enemies":"3 Shapes","floor":37,"turns":7},{"damage":5,"enemies":"3 Darklings","floor":38,"turns":4},{"damage":0,"enemies":"Maw","floor":41,"turns":8},{"damage":31,"enemies":"Sphere and 2 Shapes","floor":42,"turns":4},{"damage":21,"enemies":"Transient","floor":43,"turns":5},{"damage":3,"enemies":"Writhing Mass","floor":44,"turns":6},{"damage":11,"enemies":"4 Shapes","floor":50,"turns":1}],"seed_played":"4094381288170103520","potions_obtained":[{"floor":6,"key":"Elixir"},{"floor":7,"key":"DistilledChaos"},{"floor":8,"key":"LiquidMemories"},{"floor":11,"key":"Energy Potion"},{"floor":16,"key":"Explosive Potion"},{"floor":18,"key":"Toxic Potion"},{"floor":20,"key":"AttackPotion"},{"floor":25,"key":"Poison Potion"},{"floor":35,"key":"Strength Potion"},{"floor":42,"key":"PowerPotion"}],"is_trial":false,"path_per_floor":["M","?","?","?","M","E","M","M","T","R","?","$","R","M","R_BF","B",null,"M","?","M","PTL","PTL","M","M","M","R","$","T","?","M","$","M","?","R_BF","B",null,"M","M","?","?","M","M","M","M","T","?","R","$","T","M"],"character_chosen":"THE_GATHERER","items_purchased":["Gatherer:LuckyClover","Gatherer:ColorfulGarden","Gatherer:Liquidism","Gatherer:UpgradeBag"],"campfire_rested":0,"item_purchase_floors":[12,27,31,48],"current_hp_per_floor":[72,72,78,78,68,21,21,21,21,21,21,21,21,21,44,36,78,68,68,68,68,68,64,64,57,57,57,57,57,57,57,41,41,41,2,82,71,66,56,56,56,25,4,1,1,1,1,1,1,0,0,0],"gold":134,"neow_bonus":"TRANSFORM_CARD","is_daily":false,"chose_seed":false,"campfire_upgraded":4,"win_rate":0,"timestamp":1607627310,"path_taken":["M","?","?","?","M","E","M","M","T","R","?","?","R","M","R_BF","BOSS","M","?","M","PTL","PTL","M","M","?","R","$","T","?","?","?","?","?","R_BF","BOSS","M","M","?","?","?","M","M","M","T","?","R","$","?","M"],"build_version":"2020-11-30","purchased_purges":2,"victory":false,"max_hp_per_floor":[72,72,78,78,78,78,78,78,78,78,78,78,78,78,78,78,78,82,82,82,82,82,82,82,82,82,82,82,82,82,82,82,82,82,82,82,82,82,82,82,82,82,82,82,82,82,82,82,82,82,82,82],"card_choices":[{"not_picked":["Gatherer:Herbalism","Gatherer:GatherMaterial"],"picked":"Gatherer:AcidicSpray","floor":1},{"not_picked":["Gatherer:GatherMaterial","Gatherer:TreeGrowth"],"picked":"Gatherer:TacticalStrike","floor":5},{"not_picked":["Gatherer:AcidicSpray","Gatherer:AromaProtection"],"picked":"Gatherer:AlchemyTrial","floor":6},{"not_picked":["Gatherer:FlowerBeam","Gatherer:WoolGloves"],"picked":"Gatherer:ScherryThrow","floor":7},{"not_picked":["Gatherer:Duplicator","Gatherer:ScrollOfWall"],"picked":"Gatherer:FragileHammer","floor":8},{"not_picked":["Gatherer:RottenStipe","Gatherer:GlowingPlant"],"picked":"Gatherer:SmartManeuver","floor":11},{"not_picked":["Gatherer:EnergyBasket","Gatherer:CarefulStrike","Gatherer:Polymorphism"],"picked":"SKIP","floor":14},{"not_picked":["Gatherer:Overflowing","Gatherer:FinishingStrike"],"picked":"Gatherer:Bulldoze","floor":16},{"not_picked":["Gatherer:Convert","Gatherer:AromaProtection+1"],"picked":"Gatherer:FruitForce","floor":18},{"not_picked":["Gatherer:AromaProtection","Gatherer:AcidicSpray"],"picked":"Gatherer:Uplift","floor":20},{"not_picked":["Gatherer:TreeGrowth+1","Gatherer:EnergyBasket"],"picked":"Gatherer:CollectorsShot+1","floor":23},{"not_picked":["Gatherer:AcidicSpray","Gatherer:TreeGrowth"],"picked":"Gatherer:BambuSword+1","floor":24},{"not_picked":["Gatherer:CollectorsShot","Gatherer:CarefulStrike"],"picked":"Gatherer:MiningStrike","floor":25},{"not_picked":["Gatherer:BigPouch","Gatherer:Uplift"],"picked":"Gatherer:Liquidism+1","floor":30},{"not_picked":["Gatherer:GatherMaterial+1","Gatherer:Convert"],"picked":"Gatherer:QuickSynthesis","floor":32},{"not_picked":["Gatherer:FlamingBottle","Gatherer:MindSearch"],"picked":"Gatherer:BomberForm","floor":35},{"not_picked":["Gatherer:Snatch","Gatherer:SaveValuables+1"],"picked":"Gatherer:BigPouch+1","floor":37},{"not_picked":["Gatherer:FlowerFalling","Gatherer:Polymorphism"],"picked":"Gatherer:ScrollOfWall+1","floor":38},{"not_picked":["Replay:BasicMightCard","Forethought"],"picked":"Mind Blast","floor":39},{"not_picked":["Specialist","Thinking Ahead"],"picked":"Finesse","floor":39},{"not_picked":["Finesse","Magnetism"],"picked":"ReplayUltimateDefense","floor":39},{"not_picked":["Gatherer:AromaProtection+1","Gatherer:CollectorsShot+1"],"picked":"Gatherer:FlowerShield","floor":41},{"not_picked":["Gatherer:DrugPower","Gatherer:Enchant"],"picked":"Gatherer:EnergyBasket","floor":42},{"not_picked":["Gatherer:PotentialSlash","Gatherer:CarefulStrike+1","Gatherer:Convert+1"],"picked":"SKIP","floor":43},{"not_picked":["Gatherer:FragileHammer","Gatherer:WoolGloves+1"],"picked":"Gatherer:VenomBarrier","floor":44}],"player_experience":141798,"relics_obtained":[{"floor":6,"key":"FossilizedHelix"},{"floor":9,"key":"ReplayTheSpireMod:Shallot"},{"floor":11,"key":"Odd Mushroom"},{"floor":28,"key":"Replay:Wax Seal"},{"floor":45,"key":"Bottled Tornado"},{"floor":49,"key":"Du-Vu Doll"}],"event_choices":[{"cards_removed":["Gatherer:Strike_Gatherer"],"damage_healed":0,"gold_gain":0,"player_choice":"Card Removal","damage_taken":0,"max_hp_gain":0,"max_hp_loss":0,"event_name":"The Cleric","floor":2,"gold_loss":50},{"damage_healed":0,"gold_gain":0,"player_choice":"RENOUNCE","damage_taken":61,"max_hp_gain":0,"max_hp_loss":0,"event_name":"betterThird:BetterSerpent","floor":3,"gold_loss":61,"cards_obtained":["Enlightenment"]},{"damage_healed":0,"gold_gain":0,"player_choice":"Fought Mushrooms","damage_taken":0,"max_hp_gain":0,"max_hp_loss":0,"event_name":"Mushrooms","floor":11,"gold_loss":0},{"cards_removed":["Gatherer:FruitForce"],"damage_healed":0,"gold_gain":0,"player_choice":"Took Card","damage_taken":0,"max_hp_gain":0,"max_hp_loss":0,"event_name":"NoteForYourself","floor":19,"gold_loss":0,"cards_obtained":["Gatherer:FruitForce"]},{"damage_healed":0,"gold_gain":0,"player_choice":"2 cards matched","damage_taken":0,"max_hp_gain":0,"max_hp_loss":0,"event_name":"Match and Keep!","floor":29,"gold_loss":0,"cards_obtained":["Gatherer:Enchant","Forethought"]},{"damage_healed":0,"gold_gain":0,"player_choice":"Memory 3","damage_taken":10,"max_hp_gain":0,"max_hp_loss":0,"event_name":"SensoryStone","floor":39,"gold_loss":0},{"damage_healed":0,"gold_gain":0,"player_choice":"Copied","damage_taken":0,"max_hp_gain":0,"max_hp_loss":0,"event_name":"Duplicator","floor":40,"gold_loss":0,"cards_obtained":["Gatherer:AlchemyTrial"]}],"is_beta":false,"boss_relics":[{"not_picked":["Busted Crown","Empty Cage"],"picked":"Coffee Dripper"},{"not_picked":["Ring of Chaos","Runic Pyramid"],"picked":"Astrolabe"}],"items_purged_floors":[27,48],"is_endless":false,"potions_floor_spawned":[6,7,8,11,16,18,20,25,35,42],"killed_by":"4 Shapes","ascension_level":0}}