{"host":"rih3m63woujmecfd","time":1607613399,"event":{"gold_per_floor":[109,129,147,164,174,174,185,199,224,242,257,61,61,71,71,171,221,234,115,133,181,222,222,254,254,254,330,402,412,488,564,564,703,703,743,162,234,331,472,472,472,472,472,472,584,745,100,211,223,448,460,485,517,597,668,771,783,268,268,268,398,498,97,292,328,328,654,654,668,230,379,101,371,371,371,624,884,884,1073,1353,1492,1816,1816,2096,2096,2368,2368,2568,2296,2626,2626,2626,2626,2974,2974,2974,2974,2974,2974,3237,3237,3399,55,55,1208,1208,1282,1419,1788,6,27,27,27,27,157,157,157],"floor_reached":116,"playtime":6021,"items_purged":["MasterSpark","GrandCross","Defend_MRS","Defend_MRS","Strike_MRS","UpSweep","Madness","Singularity+1","WitchOfGreed+1","Parasite"],"score":2877,"play_id":"c0a6f47b-9244-4ef5-9869-0e51119781cc","local_time":"20201210231639","daily_mods":["Vintage","Heirloom","Time Dilation","Flight","DeadlyEvents","Elite Swarm","Lethality"],"is_ascension_mode":false,"campfire_choices":[{"data":"Strike_MRS","floor":6,"key":"SMITH"},{"data":"Strike_MRS","floor":13,"key":"SMITH"},{"data":"Strike_MRS","floor":15,"key":"SMITH"},{"data":"Strike_MRS","floor":23,"key":"SMITH"},{"data":"Strike_MRS","floor":25,"key":"SMITH"},{"data":"Strike_MRS","floor":32,"key":"SMITH"},{"data":"Defend_MRS","floor":40,"key":"PURGE"},{"data":"Strike_MRS","floor":44,"key":"SMITH"},{"data":"Pot Of Greed","floor":49,"key":"PURGE"},{"data":"Strike_MRS","floor":57,"key":"SMITH"},{"data":"Singularity","floor":59,"key":"SMITH"},{"floor":66,"key":"DIG"},{"floor":74,"key":"DIG"},{"floor":75,"key":"DIG"},{"floor":78,"key":"DIG"},{"floor":83,"key":"DIG"},{"data":"WitchOfGreed+1","floor":91,"key":"PURGE"},{"floor":92,"key":"DIG"},{"floor":93,"key":"DIG"},{"data":"Acceleration","floor":95,"key":"PURGE"},{"floor":101,"key":"DIG"},{"data":"Strike_MRS","floor":104,"key":"SMITH"},{"data":"MaximisePower","floor":104,"key":"SMITH"},{"data":"Strike_MRS","floor":112,"key":"SMITH"},{"data":"Strike_MRS","floor":112,"key":"SMITH"},{"data":"Strike_MRS","floor":113,"key":"SMITH"},{"data":"Strike_MRS","floor":113,"key":"SMITH"},{"data":"Strike_MRS","floor":114,"key":"SMITH"},{"data":"Strike_MRS","floor":114,"key":"SMITH"},{"data":"Strike_MRS","floor":116,"key":"SMITH"},{"data":"Strike_MRS","floor":116,"key":"SMITH"}],"neow_cost":"","seed_source_timestamp":0,"circlet_count":0,"master_deck":["Strike_MRS+15","Defend_MRS","Robbery+1","Pot Of Greed+1","MillisecondPulsars","GalacticHalo+1","SporeBomb+1","MaximisePower+1","Parasite","AbsoluteMagnitude+1","Pot Of Greed+1"],"relics":["BewitchedHakkero","Gambling Chip","Divine Protection","Simple Rune","Replay:Mystery Machine","Toy Ornithopter","Grinning Jar","Orichalcum","ReplayTheSpireMod:Lightbulb","Omamori","Boot","Ancient Tea Set","MerchantsRug","Anchor","Replay:Grab Bag","Philosopher\u0027s Stone","Busted Crown","Tiny House","Tiny Chest","Mango","AmplifyWand","Replay:Rubber Ducky","Replay:WaspNest","Regal Pillow","Pet Ghost","Thread and Needle","Vajra","ReplayTheSpireMod:Ninjato","Pear","Abe\u0027s Treasure","PreservedInsect","Bag of Marbles","Strange Spoon","Art of War","Replay:Multitool","Replay:Bottled Snecko","ReplayTheSpireMod:TigerMarble","Akabeko","Blue Doll","Snack Pack","HandDrill","Letter Opener","Strawberry","MawBank","ExperimentalFamiliar","Replay:Bottled Steam","Smiling Mask","Sundial","Replay:Kaleidoscope","MealTicket","TheAbacus","Dream Catcher","Oddly Smooth Stone","Potion Belt","Unceasing Top","Replay:Ringing Soul","ReplayTheSpireMod:ShopPack","CeramicFish","Replay:Bottled Eggs","Lizard Tail","Empty Cage","Mummified Hand","Membership Card","Darkstone Periapt","Frozen Egg 2","Shovel","Lantern","Happy Flower","Chemical X","SproutingBranch","Centennial Puzzle","Bottled Flame","Replay:Bandana","Calipers","Replay:Baseball","Garlic","Durian","Pen Nib","War Paint","SlaversCollar","Kunai","Medical Kit","Bag of Preparation","Whetstone","ScarletDevilRocket","Nunchaku","The Courier","Replay:Wax Seal","ShroomBag","Blood Vial","Molten Egg 2","Pondfish Scales","Bronze Scales","Gremlin Food","Torii","ReplayFunnel","ReplayTheSpireMod:Shallot","White Beast Statue","Golden Egg","Toxic Egg 2","Ornamental Fan","FossilizedHelix","Bottled Tornado","Chameleon Ring","Girya","AntiCross","StrikeDummy","Singing Bowl","Eternal Feather","Cauldron","Replay:Arrowhead","Mirror","Blue Candle","Gremlin Horn","Quantum Egg","Meat on the Bone","CaptainsWheel","HornCleat","HandmadeGrimoire","Matryoshka","Replay:Accelerometer","Shuriken","Mercury Hourglass","Iron Hammer","Black Star","InkBottle","Bottled Lightning","BreadOfAWashokuLover","SproutingBranch","Pantograph","Onion Ring","Turnip","Question Card","Incense Burner","Ice Cream","Du-Vu Doll","Replay:Towering Pillar of Hats","Replay:PocketPolymizer","Ginger","Pocketwatch","Replay:Bottled Flurry","Bird Faced Urn"],"potions_floor_usage":[11],"damage_taken":[{"damage":9,"enemies":"2 Louse","floor":1,"turns":2},{"damage":0,"enemies":"Small Slimes","floor":2,"turns":2},{"damage":1,"enemies":"Jaw Worm","floor":3,"turns":2},{"damage":5,"enemies":"Exordium Thugs","floor":4,"turns":2},{"damage":7,"enemies":"Blue Slaver","floor":5,"turns":2},{"damage":0,"enemies":"Gremlin Gang","floor":7,"turns":2},{"damage":0,"enemies":"Exordium Wildlife","floor":8,"turns":1},{"damage":0,"enemies":"Looter","floor":10,"turns":2},{"damage":0,"enemies":"3 Louse","floor":11,"turns":2},{"damage":1,"enemies":"Exordium Wildlife","floor":14,"turns":2},{"damage":0,"enemies":"Slime Boss","floor":16,"turns":5},{"damage":0,"enemies":"2 Thieves","floor":18,"turns":2},{"damage":25,"enemies":"3 Byrds","floor":20,"turns":4},{"damage":0,"enemies":"3 Cultists","floor":21,"turns":3},{"damage":0,"enemies":"Cultist and Chosen","floor":22,"turns":3},{"damage":6,"enemies":"Snake Plant","floor":24,"turns":2},{"damage":0,"enemies":"Centurion and Healer","floor":27,"turns":3},{"damage":0,"enemies":"3 Cultists","floor":28,"turns":3},{"damage":0,"enemies":"Chosen and Byrds","floor":29,"turns":2},{"damage":0,"enemies":"Centurion and Healer","floor":30,"turns":2},{"damage":0,"enemies":"3 Cultists","floor":31,"turns":3},{"damage":46,"enemies":"Automaton","floor":33,"turns":5},{"damage":0,"enemies":"3 Darklings","floor":35,"turns":2},{"damage":0,"enemies":"3 Shapes","floor":37,"turns":2},{"damage":7,"enemies":"Writhing Mass","floor":38,"turns":2},{"damage":0,"enemies":"Maw","floor":39,"turns":3},{"damage":0,"enemies":"Sphere and 2 Shapes","floor":45,"turns":1},{"damage":0,"enemies":"R_Hoarder","floor":46,"turns":1},{"damage":0,"enemies":"4 Shapes","floor":48,"turns":1},{"damage":29,"enemies":"Time Eater","floor":50,"turns":5},{"damage":0,"enemies":"Jaw Worm","floor":52,"turns":1},{"damage":0,"enemies":"Cultist","floor":53,"turns":1},{"damage":0,"enemies":"2 Louse","floor":54,"turns":1},{"damage":0,"enemies":"2 Fungi Beasts","floor":55,"turns":1},{"damage":0,"enemies":"Red Slaver","floor":56,"turns":1},{"damage":0,"enemies":"Gremlin Nob","floor":61,"turns":1},{"damage":0,"enemies":"Exordium Thugs","floor":62,"turns":1},{"damage":0,"enemies":"Large Slime","floor":64,"turns":1},{"damage":0,"enemies":"3 Louse","floor":65,"turns":2},{"damage":0,"enemies":"Slime Boss","floor":67,"turns":1},{"damage":0,"enemies":"Chosen","floor":69,"turns":1},{"damage":0,"enemies":"2 Thieves","floor":71,"turns":1},{"damage":0,"enemies":"3 Cultists","floor":73,"turns":1},{"damage":0,"enemies":"Shelled Parasite and Fungi","floor":76,"turns":1},{"damage":0,"enemies":"Book of Stabbing","floor":77,"turns":2},{"damage":0,"enemies":"Sentry and Sphere","floor":79,"turns":1},{"damage":0,"enemies":"Snake Plant","floor":80,"turns":1},{"damage":0,"enemies":"3 Cultists","floor":81,"turns":2},{"damage":0,"enemies":"Cultist and Chosen","floor":82,"turns":1},{"damage":0,"enemies":"Pondfish","floor":84,"turns":4},{"damage":0,"enemies":"Orb Walker","floor":86,"turns":1},{"damage":0,"enemies":"R_Hoarder","floor":90,"turns":1},{"damage":0,"enemies":"Giant Head","floor":94,"turns":1},{"damage":0,"enemies":"R_Hoarder","floor":100,"turns":6},{"damage":0,"enemies":"3 Shapes","floor":102,"turns":1},{"damage":1,"enemies":"Time Eater","floor":105,"turns":3},{"damage":0,"enemies":"2 Louse","floor":107,"turns":1},{"damage":0,"enemies":"3 Sentries","floor":108,"turns":1},{"damage":0,"enemies":"Lagavulin","floor":109,"turns":1},{"damage":0,"enemies":"Small Slimes","floor":111,"turns":1},{"damage":0,"enemies":"Gremlin Nob","floor":115,"turns":1}],"seed_played":"6254223389799702152","potions_obtained":[{"floor":2,"key":"SpeedPotion"},{"floor":4,"key":"AttackPotion"},{"floor":5,"key":"Strength Potion"},{"floor":14,"key":"Explosive Potion"},{"floor":16,"key":"AttackPotion"},{"floor":17,"key":"Reflective Coating"},{"floor":20,"key":"Block Potion"},{"floor":22,"key":"Block Potion"},{"floor":24,"key":"SpeedPotion"},{"floor":48,"key":"Elixir"},{"floor":50,"key":"ColorlessPotion"},{"floor":52,"key":"SpeedPotion"},{"floor":62,"key":"SteroidPotion"},{"floor":64,"key":"BottledSpark"},{"floor":65,"key":"BottledSpark"},{"floor":69,"key":"Venom Potion"},{"floor":73,"key":"DuplicationPotion"},{"floor":73,"key":"Strength Potion"},{"floor":76,"key":"Doom Potion"},{"floor":103,"key":"SkillPotion"},{"floor":103,"key":"EssenceOfSteel"},{"floor":103,"key":"Doom Potion"},{"floor":103,"key":"Toxic Potion"},{"floor":103,"key":"FearPotion"}],"is_trial":true,"path_per_floor":["M","M","M","M","M","R","M","M","T","M","M","$","R","M","R","B",null,"M","$","M","M","M","R","M","R","T","M","M","M","M","M","R","B",null,"M","$","M","M","M","R","R","R","T","R","M","E","$","M","R","B",null,"M","M","M","M","M","R","$","R","T","E","M","$","M","M","R","B",null,"M","$","M","$","M","R","R","M","E","R","M","M","M","M","R","B",null,"M","?","?","$","E","R","R","R","E","R","PTL","PTL","PTL","PTL","E","R","M","$","R","B",null,"M","E","E","$","M","R","R","R","E","R"],"character_chosen":"MARISA","items_purchased":["MerchantsRug","Robbery","Bag of Marbles","Strange Spoon","Art of War","HandDrill","Letter Opener","Strawberry","TheAbacus","Dream Catcher","Oddly Smooth Stone","Singularity","Replay:Ringing Soul","ReplayTheSpireMod:ShopPack","Membership Card","Darkstone Periapt","Frozen Egg 2","Lantern","Happy Flower","Chemical X","WitchOfGreed+1","GalacticHalo","Acceleration","Medical Kit","Bag of Preparation","Whetstone","Blood Vial","Molten Egg 2","Pondfish Scales","Bronze Scales","Gremlin Food","Torii","ReplayFunnel","ReplayTheSpireMod:Shallot","White Beast Statue","Golden Egg","Toxic Egg 2","Ornamental Fan","FossilizedHelix","Bottled Tornado","Chameleon Ring","Girya","AntiCross","StrikeDummy","Singing Bowl","Eternal Feather","Cauldron","Replay:Arrowhead","Mirror","Blue Candle","Gremlin Horn","Quantum Egg","Meat on the Bone","CaptainsWheel","HornCleat","HandmadeGrimoire","Matryoshka","Replay:Accelerometer","Shuriken","Mercury Hourglass","Iron Hammer","Bottled Lightning","BreadOfAWashokuLover","SproutingBranch","Pantograph","Onion Ring","Turnip","Question Card","Incense Burner","Ice Cream","Du-Vu Doll","Replay:Towering Pillar of Hats","Replay:PocketPolymizer","Ginger","Pocketwatch","Replay:Bottled Flurry"],"campfire_rested":0,"item_purchase_floors":[12,19,36,36,36,47,47,47,58,58,58,58,63,63,70,70,70,72,72,72,72,72,72,89,89,89,103,103,103,103,103,103,103,103,103,103,103,103,103,103,103,103,103,103,103,103,103,103,103,103,103,103,103,103,103,103,103,103,103,103,103,110,110,110,110,110,110,110,110,110,110,110,110,110,110,110],"current_hp_per_floor":[66,66,65,60,53,53,53,53,53,53,58,58,58,57,57,57,80,80,80,69,69,69,69,63,63,63,63,63,63,63,73,73,27,104,104,104,104,97,97,97,104,104,104,104,104,104,111,111,111,82,111,111,111,111,111,111,111,111,111,111,111,111,114,114,114,114,114,114,114,114,114,117,117,117,117,117,117,117,117,117,122,122,122,122,122,122,122,77,92,97,97,97,97,99,99,99,99,99,99,124,124,141,143,143,144,145,145,147,150,147,147,147,147,147,149,149,149],"gold":157,"neow_bonus":"","is_prod":false,"is_daily":false,"chose_seed":false,"campfire_upgraded":19,"win_rate":0.0,"timestamp":1607613399,"path_taken":["M","M","M","M","M","R","M","M","T","M","M","$","R","M","R","BOSS","M","$","M","M","M","R","M","R","T","M","M","M","M","M","R","BOSS","M","$","M","M","M","R","R","R","T","R","M","E","$","M","R","BOSS","M","M","M","M","M","R","$","R","T","E","M","$","M","M","R","BOSS","M","$","M","$","M","R","R","M","E","R","M","M","M","M","R","BOSS","M","?","?","$","?","R","R","R","E","R","PTL","PTL","PTL","PTL","E","R","M","$","R","BOSS","M","?","?","$","?","R","R","R","E","R"],"build_version":"2020-11-30","purchased_purges":10,"victory":false,"max_hp_per_floor":[75,75,75,75,75,75,75,75,75,75,75,75,75,75,75,75,80,80,80,94,94,94,94,94,94,94,94,94,94,94,104,104,104,104,104,104,104,104,104,104,104,104,104,104,104,104,111,111,111,111,111,111,111,111,111,111,111,111,111,111,111,111,114,114,114,114,114,114,114,114,114,117,117,117,117,117,117,117,117,117,122,122,122,122,122,122,122,125,125,128,128,128,128,128,128,128,128,128,128,128,128,143,143,143,145,145,145,147,150,147,147,147,147,147,149,149,149],"card_choices":[{"not_picked":[],"picked":"GrandCross","floor":17},{"not_picked":[],"picked":"MillisecondPulsars","floor":46},{"not_picked":["ManaRampage"],"picked":"SKIP","floor":61},{"not_picked":[],"picked":"Madness","floor":63},{"not_picked":["AbsoluteMagnitude"],"picked":"SKIP","floor":77},{"not_picked":[],"picked":"SporeBomb+1","floor":88},{"not_picked":[],"picked":"MaximisePower","floor":90},{"not_picked":["JA"],"picked":"SKIP","floor":94},{"not_picked":["StarDustReverie"],"picked":"SKIP","floor":100},{"not_picked":["BigCrunch+1"],"picked":"Singing Bowl","floor":105},{"not_picked":["ManaRampage+1"],"picked":"Singing Bowl","floor":108},{"not_picked":[],"picked":"AbsoluteMagnitude+1","floor":109},{"not_picked":["FinalSpark+1","StarDustReverie+1"],"picked":"Singing Bowl","floor":115}],"player_experience":118344,"relics_obtained":[{"floor":1,"key":"Divine Protection"},{"floor":2,"key":"Simple Rune"},{"floor":3,"key":"Replay:Mystery Machine"},{"floor":4,"key":"Toy Ornithopter"},{"floor":5,"key":"Grinning Jar"},{"floor":7,"key":"Orichalcum"},{"floor":8,"key":"ReplayTheSpireMod:Lightbulb"},{"floor":9,"key":"Omamori"},{"floor":10,"key":"Boot"},{"floor":11,"key":"Ancient Tea Set"},{"floor":14,"key":"Anchor"},{"floor":18,"key":"Tiny Chest"},{"floor":20,"key":"Mango"},{"floor":21,"key":"AmplifyWand"},{"floor":22,"key":"Replay:Rubber Ducky"},{"floor":24,"key":"Replay:WaspNest"},{"floor":26,"key":"Regal Pillow"},{"floor":27,"key":"Pet Ghost"},{"floor":28,"key":"Thread and Needle"},{"floor":29,"key":"Vajra"},{"floor":30,"key":"ReplayTheSpireMod:Ninjato"},{"floor":31,"key":"Pear"},{"floor":35,"key":"PreservedInsect"},{"floor":37,"key":"Replay:Multitool"},{"floor":38,"key":"Replay:Bottled Snecko"},{"floor":39,"key":"ReplayTheSpireMod:TigerMarble"},{"floor":43,"key":"Akabeko"},{"floor":45,"key":"Blue Doll"},{"floor":46,"key":"Snack Pack"},{"floor":48,"key":"MawBank"},{"floor":52,"key":"Replay:Bottled Steam"},{"floor":53,"key":"Smiling Mask"},{"floor":54,"key":"Sundial"},{"floor":55,"key":"Replay:Kaleidoscope"},{"floor":56,"key":"MealTicket"},{"floor":60,"key":"Potion Belt"},{"floor":62,"key":"Unceasing Top"},{"floor":64,"key":"CeramicFish"},{"floor":65,"key":"Replay:Bottled Eggs"},{"floor":66,"key":"Lizard Tail"},{"floor":69,"key":"Mummified Hand"},{"floor":71,"key":"Shovel"},{"floor":73,"key":"SproutingBranch"},{"floor":74,"key":"Centennial Puzzle"},{"floor":75,"key":"Bottled Flame"},{"floor":76,"key":"Replay:Bandana"},{"floor":78,"key":"Calipers"},{"floor":79,"key":"Replay:Baseball"},{"floor":80,"key":"Garlic"},{"floor":81,"key":"Durian"},{"floor":82,"key":"Pen Nib"},{"floor":83,"key":"War Paint"},{"floor":86,"key":"Kunai"},{"floor":92,"key":"ScarletDevilRocket"},{"floor":93,"key":"Nunchaku"},{"floor":100,"key":"The Courier"},{"floor":101,"key":"Replay:Wax Seal"},{"floor":102,"key":"ShroomBag"},{"floor":107,"key":"InkBottle"},{"floor":111,"key":"Bird Faced Urn"}],"event_choices":[{"damage_healed":0,"gold_gain":0,"player_choice":"Ignored","damage_taken":0,"max_hp_gain":0,"max_hp_loss":0,"event_name":"OrinTheCat","floor":87,"gold_loss":0}],"is_beta":false,"boss_relics":[{"not_picked":["Honey Jar","Sozu"],"picked":"Replay:Grab Bag"},{"not_picked":["Cursed Key","Coffee Dripper"],"picked":"Philosopher\u0027s Stone"},{"not_picked":["Fusion Hammer","Velvet Choker"],"picked":"Busted Crown"},{"not_picked":["Calling Bell","Pandora\u0027s Box"],"picked":"BewitchedHakkero"},{"not_picked":["SacredBark","Snecko Heart"],"picked":"Tiny House"},{"not_picked":["Replay:Ancient Bell","Painkiller Herb"],"picked":"Abe\u0027s Treasure"},{"not_picked":["Runic Dome","Astrolabe"],"picked":"ExperimentalFamiliar"},{"not_picked":["Coffee Dripper","Pandora\u0027s Box"],"picked":"Empty Cage"},{"not_picked":["Fusion Hammer","Calling Bell"],"picked":"SlaversCollar"},{"not_picked":["RampagingMagicTools","Snecko Eye"],"picked":"Black Star"}],"items_purged_floors":[12,19,36,47,58,63,70,72,89,110],"is_endless":true,"potions_floor_spawned":[2,4,5,7,10,14,16,20,22,24,28,29,38,45,48,50,52,62,64,65,69,81,84,86,90,102,105,107,108,109,111,115],"ascension_level":0}}