{"host":"reugk9pd1uotrglt","time":1607561080,"event":{"gold_per_floor":[118,43,53,53,70,70,102,102,102,102,102,133,144,161,161,161,161],"floor_reached":16,"playtime":529,"items_purged":[],"score":220,"play_id":"4b869b56-f571-46d7-b9ea-fbbaf96aaba0","local_time":"20201210014440","is_ascension_mode":true,"campfire_choices":[{"data":"Flying Knee","floor":6.0,"key":"SMITH"},{"data":"Flying Knee","floor":8.0,"key":"SMITH"},{"data":"Survivor","floor":11.0,"key":"SMITH"},{"data":"Well Laid Plans","floor":15,"key":"SMITH"}],"neow_cost":"NONE","seed_source_timestamp":256092534067800,"circlet_count":0,"master_deck":["AscendersBane","Strike_G","Strike_G","Strike_G","Defend_G","Defend_G","Defend_G","Defend_G","Defend_G","Survivor+1","Neutralize+1","Flying Knee+1","Flying Knee+1","Acrobatics","Underhanded Strike","Well Laid Plans+1","Quick Slash"],"special_seed":0,"relics":["Ring of the Snake","Eternal Feather","Ninja Scroll","Mercury Hourglass"],"potions_floor_usage":[13],"damage_taken":[{"damage":0.0,"enemies":"Jaw Worm","floor":1.0,"turns":5.0},{"damage":0.0,"enemies":"2 Louse","floor":3.0,"turns":3.0},{"damage":0.0,"enemies":"Cultist","floor":5.0,"turns":5.0},{"damage":25.0,"enemies":"3 Sentries","floor":7.0,"turns":12.0},{"damage":29,"enemies":"Lagavulin","floor":12,"turns":6},{"damage":5,"enemies":"Exordium Wildlife","floor":13,"turns":6},{"damage":0,"enemies":"Lots of Slimes","floor":14,"turns":2},{"damage":40,"enemies":"Hexaghost","floor":16,"turns":9}],"seed_played":"4412880128739546548","potions_obtained":[{"floor":5.0,"key":"GamblersBrew"},{"floor":12,"key":"Regen Potion"},{"floor":14,"key":"Energy Potion"}],"is_trial":false,"path_per_floor":["M","?","M","?","M","R","E","R","T","?","R","E","M","M","R","B"],"character_chosen":"THE_SILENT","items_purchased":[],"campfire_rested":0,"item_purchase_floors":[],"current_hp_per_floor":[59,59,59,52,52,52,27,36,36,36,45,16,26,26,35,0,0],"gold":161,"neow_bonus":"UPGRADE_CARD","is_prod":false,"is_daily":false,"chose_seed":false,"campfire_upgraded":4,"win_rate":0,"timestamp":1607561080,"path_taken":["M","?","M","?","M","R","E","R","T","?","R","E","M","M","R","BOSS"],"build_version":"2020-11-30","purchased_purges":0,"victory":false,"max_hp_per_floor":[66,66,66,66,66,66,66,66,66,66,66,66,66,66,66,66,66],"card_choices":[{"not_picked":["Cloak And Dagger","PiercingWail"],"picked":"Flying Knee","floor":1.0},{"not_picked":["Deadly Poison","Backflip"],"picked":"Flying Knee","floor":3.0},{"not_picked":["Reflex","Slice"],"picked":"Acrobatics","floor":5.0},{"not_picked":["Concentrate","Noxious Fumes"],"picked":"Underhanded Strike","floor":7.0},{"not_picked":["Bouncing Flask","Quick Slash"],"picked":"Well Laid Plans","floor":12},{"not_picked":["Outmaneuver","Well Laid Plans"],"picked":"Quick Slash","floor":13},{"not_picked":["Night Terror","Dagger Spray","Sucker Punch"],"picked":"SKIP","floor":14}],"player_experience":1488943,"relics_obtained":[{"floor":7.0,"key":"Eternal Feather"},{"floor":9.0,"key":"Ninja Scroll"},{"floor":12,"key":"Mercury Hourglass"}],"event_choices":[{"cards_removed":["Strike_G"],"damage_healed":0.0,"max_hp_gain":0.0,"max_hp_loss":0.0,"gold_gain":0.0,"event_name":"The Cleric","player_choice":"Card Removal","floor":2.0,"gold_loss":75.0,"damage_taken":0.0},{"cards_removed":["Strike_G"],"damage_healed":0.0,"max_hp_gain":0.0,"max_hp_loss":0.0,"gold_gain":0.0,"event_name":"Golden Wing","player_choice":"Card Removal","floor":4.0,"gold_loss":0.0,"damage_taken":7.0},{"damage_healed":0.0,"max_hp_gain":0.0,"max_hp_loss":0.0,"gold_gain":0.0,"event_name":"Liars Game","player_choice":"Ignored","floor":10.0,"gold_loss":0.0,"damage_taken":0.0}],"is_beta":false,"boss_relics":[],"items_purged_floors":[],"is_endless":false,"potions_floor_spawned":[5,12,14],"killed_by":"Hexaghost","ascension_level":20}}