{"host":"xd92u7alcwi518yp","time":1607581726,"event":{"gold_per_floor":[115,130,130,130,147,178,194,194,194,194,220,232,278,303,315,426,438,465,230,248,263,273,305,316,316,316,330,160,160,195,207,207,207,207],"floor_reached":33,"playtime":2839,"items_purged":["Pain"],"score":334,"play_id":"b2464cf4-d0b5-417f-aea9-f64910a5808a","local_time":"20201209222846","is_ascension_mode":false,"campfire_choices":[{"floor":8,"key":"RECALL"},{"floor":10,"key":"REST"},{"floor":15,"key":"REST"},{"floor":25,"key":"REST"},{"floor":29,"key":"REST"},{"floor":32,"key":"REST"}],"neow_cost":"NONE","seed_source_timestamp":1386390172262600,"circlet_count":0,"master_deck":["Strike_B","Strike_B","Defend_B","Defend_B","Defend_B","Defend_B","Zap+1","Dualcast","Dramatic Entrance","White Noise","Tempest","Rip and Tear","Capacitor","Barrage","aspiration:Polymerization+1","Coolheaded","Compile Driver","Rainbow","Hologram+1","Ball Lightning","Sweeping Beam+1","Ball Lightning","Rebound","Barrage","Double Energy","Redo","Self Repair","Melter"],"special_seed":0,"relics":["Cracked Core","Pear","MawBank","WarpedTongs","hubris:64BitClover","Nuclear Battery","War Paint","TungstenRod","hubris:DeckOfHolding","hubris:TinFlute","Smiling Mask"],"potions_floor_usage":[6,11,16,16,22,22,24,28,30,30,30,30,30],"damage_taken":[{"damage":0,"enemies":"Small Slimes","floor":1,"turns":2},{"damage":0,"enemies":"2 Louse","floor":2,"turns":2},{"damage":0,"enemies":"Cultist","floor":5,"turns":2},{"damage":9,"enemies":"3 Sentries","floor":6,"turns":3},{"damage":3,"enemies":"Red Slaver","floor":7,"turns":3},{"damage":26,"enemies":"Lagavulin","floor":11,"turns":5},{"damage":42,"enemies":"Gremlin Nob","floor":13,"turns":4},{"damage":1,"enemies":"Large Slime","floor":14,"turns":4},{"damage":25,"enemies":"Slime Boss","floor":16,"turns":7},{"damage":12,"enemies":"Chosen","floor":18,"turns":4},{"damage":2,"enemies":"Spheric Guardian","floor":20,"turns":3},{"damage":9,"enemies":"3 Cultists","floor":21,"turns":4},{"damage":6,"enemies":"Snake Plant","floor":22,"turns":4},{"damage":29,"enemies":"Slavers","floor":23,"turns":3},{"damage":18,"enemies":"Centurion and Healer","floor":24,"turns":3},{"damage":3,"enemies":"Cultist and Chosen","floor":27,"turns":3},{"damage":12,"enemies":"Book of Stabbing","floor":30,"turns":4},{"damage":36,"enemies":"Shelled Parasite and Fungi","floor":31,"turns":4},{"damage":64,"enemies":"Automaton","floor":33,"turns":6}],"seed_played":"7316776486802830568","potions_obtained":[{"floor":5,"key":"SpeedPotion"},{"floor":6,"key":"Swift Potion"},{"floor":11,"key":"Energy Potion"},{"floor":14,"key":"Dexterity Potion"},{"floor":16,"key":"DistilledChaos"},{"floor":20,"key":"SneckoOil"},{"floor":23,"key":"Explosive Potion"},{"floor":24,"key":"EntropicBrew"},{"floor":27,"key":"EssenceOfSteel"},{"floor":30,"key":"Fruit Juice"}],"is_trial":false,"path_per_floor":["M","M","?","?","M","E","M","R","T","R","E","?","E","M","R","B",null,"M","$","M","M","M","E","M","R","T","M","$","R","E","M","R","B"],"character_chosen":"DEFECT","items_purchased":["Ball Lightning","War Paint","Self Repair","Fruit Juice"],"campfire_rested":5,"item_purchase_floors":[19,19,28,28],"current_hp_per_floor":[75,75,75,68,68,69,66,66,66,85,59,59,17,16,41,16,85,73,73,71,62,56,27,9,34,34,31,36,63,63,27,55,0,0],"gold":207,"neow_bonus":"RANDOM_COLORLESS","is_prod":false,"is_daily":false,"chose_seed":false,"campfire_upgraded":0,"win_rate":0,"timestamp":1607581726,"path_taken":["M","M","?","?","M","E","M","R","T","R","E","?","E","M","R","BOSS","M","$","M","M","M","E","?","R","T","M","$","R","E","M","R","BOSS"],"build_version":"2020-11-30","purchased_purges":1,"victory":false,"max_hp_per_floor":[75,75,75,75,75,85,85,85,85,85,85,85,85,85,85,85,85,85,85,85,85,85,85,85,85,85,85,90,90,95,95,95,95,95],"card_choices":[{"not_picked":["Purity","Swift Strike"],"picked":"Dramatic Entrance","floor":0},{"not_picked":["Double Energy","Steam Power"],"picked":"White Noise","floor":1},{"not_picked":["Turbo","Skim"],"picked":"Tempest","floor":2},{"not_picked":["Leap","Steam","Gash"],"picked":"SKIP","floor":5},{"not_picked":["Sweeping Beam","Double Energy"],"picked":"Capacitor","floor":6},{"not_picked":["Go for the Eyes","Beam Cell"],"picked":"Barrage","floor":7},{"not_picked":["Stack","Heatsinks"],"picked":"aspiration:Polymerization","floor":11},{"not_picked":["Reboot","Steam Power"],"picked":"Coolheaded","floor":13},{"not_picked":["Gash","Turbo"],"picked":"Compile Driver","floor":14},{"not_picked":["Core Surge","hubris:Prefetch"],"picked":"Rainbow","floor":16},{"not_picked":["Beam Cell","Conserve Battery"],"picked":"Hologram+1","floor":18},{"not_picked":["Gash","Turbo+1"],"picked":"Sweeping Beam+1","floor":20},{"not_picked":["Steam","Stack+1"],"picked":"Ball Lightning","floor":21},{"not_picked":["Ball Lightning","Hologram"],"picked":"Rebound","floor":22},{"not_picked":["Stack","Hyperbeam"],"picked":"Barrage","floor":23},{"not_picked":["Sunder","Tempest"],"picked":"Double Energy","floor":24},{"not_picked":["Stack","Streamline"],"picked":"Redo","floor":27},{"not_picked":["aspiration:Polymerization","Ball Lightning"],"picked":"Melter","floor":30},{"not_picked":["Doom and Gloom+1","Steam+1","Ball Lightning"],"picked":"SKIP","floor":31}],"player_experience":291643,"relics_obtained":[{"floor":6,"key":"Pear"},{"floor":11,"key":"MawBank"},{"floor":13,"key":"hubris:64BitClover"},{"floor":23,"key":"TungstenRod"},{"floor":24,"key":"hubris:DeckOfHolding"},{"floor":26,"key":"hubris:TinFlute"},{"floor":30,"key":"Smiling Mask"}],"event_choices":[{"damage_healed":0,"gold_gain":0,"cards_transformed":["Strike_B"],"player_choice":"Change","damage_taken":0,"max_hp_gain":0,"max_hp_loss":0,"event_name":"Living Wall","floor":3,"gold_loss":0,"cards_obtained":["Rip and Tear"]},{"cards_removed":["Strike_B"],"damage_healed":0,"gold_gain":0,"player_choice":"Card Removal","damage_taken":7,"max_hp_gain":0,"max_hp_loss":0,"event_name":"Golden Wing","floor":4,"gold_loss":0},{"damage_healed":0,"gold_gain":0,"player_choice":"Rummage","damage_taken":0,"relics_obtained":["WarpedTongs"],"max_hp_gain":0,"max_hp_loss":0,"event_name":"Accursed Blacksmith","floor":12,"gold_loss":0,"cards_obtained":["Pain"]}],"is_beta":false,"boss_relics":[{"not_picked":["Coffee Dripper","Sozu"],"picked":"Nuclear Battery"}],"items_purged_floors":[19],"is_endless":false,"potions_floor_spawned":[5,6,11,14,16,20,23,24,27,30],"killed_by":"Automaton","ascension_level":0}}