{"host":"1tkoe3l8wf0xx8if","time":1607575578,"event":{"gold_per_floor":[109,124,143,160,85,120,120,20,74,74,84,103,103,116,116,188,188,202,202,127,137,137,169,169,44,124,124,144,144,173,186,186,186,186],"floor_reached":33,"playtime":813,"items_purged":["Strike_R","Strike_R","Defend_R"],"score":540,"play_id":"5fe676c4-0453-426f-b257-e7eda515beaf","local_time":"20201210134618","is_ascension_mode":true,"campfire_choices":[{"data":"Searing Blow","floor":7.0,"key":"SMITH"},{"data":"Searing Blow+1","floor":10.0,"key":"SMITH"},{"data":"Searing Blow+2","floor":15,"key":"SMITH"},{"data":"Searing Blow+3","floor":24,"key":"SMITH"},{"data":"Searing Blow+4","floor":27,"key":"SMITH"},{"data":"Searing Blow+5","floor":29,"key":"SMITH"},{"data":"Searing Blow+6","floor":32,"key":"SMITH"}],"neow_cost":"NONE","seed_source_timestamp":637735317540100,"circlet_count":0,"master_deck":["AscendersBane","Defend_R","Defend_R","Defend_R","Bash","Pummel","Twin Strike","Searing Blow+7","Offering","Evolve","Warcry","Double Tap","Cleave","Ghostly","Ghostly","Ghostly","Ghostly","Ghostly","Warcry"],"special_seed":0,"relics":["Burning Blood","Letter Opener","Potion Belt","Coffee Dripper","Boot","Matryoshka","Pen Nib"],"potions_floor_usage":[14,18,33],"damage_taken":[{"damage":11.0,"enemies":"Cultist","floor":1.0,"turns":4.0},{"damage":4.0,"enemies":"2 Louse","floor":2.0,"turns":3.0},{"damage":0.0,"enemies":"Small Slimes","floor":3.0,"turns":3.0},{"damage":21.0,"enemies":"Blue Slaver","floor":4.0,"turns":4.0},{"damage":15.0,"enemies":"3 Sentries","floor":6.0,"turns":9.0},{"damage":10.0,"enemies":"2 Fungi Beasts","floor":11.0,"turns":3.0},{"damage":11,"enemies":"Looter","floor":12,"turns":2},{"damage":14,"enemies":"Red Slaver","floor":14,"turns":3},{"damage":30,"enemies":"Slime Boss","floor":16,"turns":8},{"damage":29,"enemies":"2 Thieves","floor":18,"turns":4},{"damage":12,"enemies":"Spheric Guardian","floor":21,"turns":3},{"damage":14,"enemies":"Slavers","floor":23,"turns":6},{"damage":5,"enemies":"Cultist and Chosen","floor":28,"turns":5},{"damage":8,"enemies":"Gremlin Leader","floor":30,"turns":3},{"damage":6,"enemies":"Sentry and Sphere","floor":31,"turns":3},{"damage":60,"enemies":"Champ","floor":33,"turns":6}],"seed_played":"2573185853518785531","potions_obtained":[{"floor":1.0,"key":"SneckoOil"},{"floor":4.0,"key":"BloodPotion"},{"floor":11.0,"key":"Explosive Potion"},{"floor":16,"key":"Fruit Juice"},{"floor":30,"key":"BlessingOfTheForge"}],"is_trial":false,"path_per_floor":["M","M","M","M","$","E","R","$","T","R","M","M","$","M","R","B",null,"M","?","?","M","?","E","R","$","T","R","M","R","E","M","R","B"],"character_chosen":"IRONCLAD","items_purchased":[],"campfire_rested":0,"item_purchase_floors":[],"current_hp_per_floor":[67,69,75,60,60,51,51,51,51,51,47,42,42,50,50,26,67,49,49,49,43,42,34,34,34,34,34,35,35,33,33,33,0,0],"gold":186,"neow_bonus":"REMOVE_CARD","is_prod":false,"is_daily":false,"chose_seed":false,"campfire_upgraded":7,"win_rate":0,"timestamp":1607575578,"path_taken":["M","M","M","?","$","E","R","?","T","R","M","M","?","M","R","BOSS","M","?","?","M","?","E","R","?","T","R","M","R","E","M","R","BOSS"],"build_version":"2020-11-30","purchased_purges":3,"victory":false,"max_hp_per_floor":[80,80,80,80,80,80,80,80,80,80,80,80,80,80,80,80,80,85,85,85,85,42,42,42,42,42,42,42,42,42,42,42,42,42],"card_choices":[{"not_picked":["Body Slam","Wild Strike"],"picked":"Pummel","floor":1.0},{"not_picked":["Warcry","Armaments"],"picked":"Twin Strike","floor":2.0},{"not_picked":["Havoc","Warcry"],"picked":"Searing Blow","floor":3.0},{"not_picked":["Cleave","Heavy Blade","Rupture"],"picked":"SKIP","floor":4.0},{"not_picked":["Rage","Body Slam"],"picked":"Offering","floor":6.0},{"not_picked":["Heavy Blade","Flame Barrier"],"picked":"Evolve","floor":11.0},{"not_picked":["Twin Strike","Infernal Blade"],"picked":"Warcry","floor":12},{"not_picked":["Anger","Burning Pact","Cleave"],"picked":"SKIP","floor":14},{"not_picked":["Reaper","Barricade"],"picked":"Double Tap","floor":16},{"not_picked":["Pommel Strike","Clothesline","Havoc"],"picked":"SKIP","floor":18},{"not_picked":["Entrench","Heavy Blade","Anger"],"picked":"SKIP","floor":21},{"not_picked":["Rampage","Wild Strike","Feed"],"picked":"SKIP","floor":23},{"not_picked":["Burning Pact","Rage","Metallicize"],"picked":"SKIP","floor":28},{"not_picked":["Body Slam","Rampage"],"picked":"Warcry","floor":30},{"not_picked":["Twin Strike+1","Bloodletting","Wild Strike"],"picked":"SKIP","floor":31}],"player_experience":290129,"relics_obtained":[{"floor":6.0,"key":"Letter Opener"},{"floor":9.0,"key":"Potion Belt"},{"floor":23,"key":"Boot"},{"floor":26,"key":"Matryoshka"},{"floor":30,"key":"Pen Nib"}],"event_choices":[{"damage_healed":0,"gold_gain":0,"cards_transformed":["Strike_R","Strike_R"],"player_choice":"Became Test Subject","damage_taken":0,"max_hp_gain":0,"max_hp_loss":0,"event_name":"Drug Dealer","floor":19,"gold_loss":0,"cards_obtained":["Blood for Blood","Cleave"]},{"cards_removed":["Blood for Blood"],"damage_healed":0,"gold_gain":0,"player_choice":"Gave Gold","damage_taken":0,"max_hp_gain":0,"max_hp_loss":0,"event_name":"Beggar","floor":20,"gold_loss":75},{"damage_healed":0,"gold_gain":0,"player_choice":"Became a Ghost","damage_taken":0,"max_hp_gain":0,"max_hp_loss":43,"event_name":"Ghosts","floor":22,"gold_loss":0,"cards_obtained":["Ghostly","Ghostly","Ghostly","Ghostly","Ghostly"]}],"is_beta":false,"boss_relics":[{"not_picked":["Philosopher\u0027s Stone","Black Blood"],"picked":"Coffee Dripper"}],"items_purged_floors":[5,8,25],"is_endless":false,"potions_floor_spawned":[1,4,11,16,30],"killed_by":"Champ","ascension_level":13}}