{"host":"u5hfrceatticevdm","time":1607574508,"event":{"gold_per_floor":[114,15,15,15,27,27,59,59,59,79,89,89,89,133,133,133,133],"floor_reached":16,"playtime":756,"items_purged":[],"score":123,"play_id":"a90d9c2d-0020-4994-ad84-52a968de2893","local_time":"20201209232828","is_ascension_mode":false,"campfire_choices":[{"data":"Ball Lightning","floor":6.0,"key":"SMITH"},{"floor":12.0,"key":"REST"},{"floor":15.0,"key":"DIG"}],"neow_cost":"NONE","seed_source_timestamp":1135563023741900,"circlet_count":0,"master_deck":["Strike_B","Strike_B","Strike_B","Strike_B","Defend_B","Defend_B","Defend_B","Defend_B","Zap","Dualcast","StuffTheSpire:Synthwave","Ball Lightning+1","StuffTheSpire:LoadUp+1","Doom and Gloom","Reinforced Body","Leap","ReplayTheSpireMod:Fabricate Wheel","Cold Snap"],"special_seed":0,"relics":["Cracked Core","aspiration:Nostalgia","zeldaRelics:GreenHat","White Beast Statue","Shovel","hubris:Icosahedron","Pantograph","magineer:PlaceholderRelic2"],"potions_floor_usage":[16],"damage_taken":[{"damage":0.0,"enemies":"Cultist","floor":1.0,"turns":4.0},{"damage":14.0,"enemies":"Jaw Worm","floor":5.0,"turns":2.0},{"damage":39.0,"enemies":"3 Sentries","floor":7.0,"turns":5.0},{"damage":0.0,"enemies":"Small Slimes","floor":10.0,"turns":3.0},{"damage":10.0,"enemies":"3 Louse","floor":11.0,"turns":3.0},{"damage":94,"enemies":"Fading Forest","floor":16,"turns":9}],"seed_played":"8345143927689876447","potions_obtained":[{"floor":1.0,"key":"conspire:TimeTravelPotion"},{"floor":5.0,"key":"PotionOfCapacity"},{"floor":7.0,"key":"Block Potion"},{"floor":11.0,"key":"Regen Potion"}],"is_trial":false,"path_per_floor":["M","$","T","?","M","R","E","?","T","M","M","R","?","?","R","B"],"character_chosen":"DEFECT","items_purchased":["Ball Lightning","StuffTheSpire:LoadUp"],"campfire_rested":1,"item_purchase_floors":[2,2],"current_hp_per_floor":[76,77,78,79,66,67,29,30,31,32,23,50,60,61,62,0,0],"gold":133,"neow_bonus":"NOSTALGIA","is_prod":false,"is_daily":false,"chose_seed":false,"campfire_upgraded":1,"win_rate":0,"timestamp":1607574508,"path_taken":["M","$","?","?","M","R","E","?","T","M","M","R","?","?","R","BOSS"],"build_version":"2020-11-30","purchased_purges":0,"victory":false,"max_hp_per_floor":[76,77,78,79,80,81,82,83,84,85,86,87,88,89,90,91,91],"card_choices":[{"not_picked":["BasicCrystalCard","Rebound"],"picked":"StuffTheSpire:Synthwave","floor":1.0},{"not_picked":["Undo","Double Energy"],"picked":"Doom and Gloom","floor":5.0},{"not_picked":["Rebound","Coolheaded"],"picked":"Reinforced Body","floor":7.0},{"not_picked":["Streamline","Skim"],"picked":"Leap","floor":10.0},{"not_picked":["Hologram","Redo"],"picked":"ReplayTheSpireMod:Fabricate Wheel","floor":11.0},{"not_picked":["Redo","Gash"],"picked":"Cold Snap","floor":14.0}],"player_experience":746116,"relics_obtained":[{"floor":3.0,"key":"White Beast Statue"},{"floor":7.0,"key":"Shovel"},{"floor":9.0,"key":"Pantograph"},{"floor":15.0,"key":"magineer:PlaceholderRelic2"}],"event_choices":[{"damage_healed":0.0,"max_hp_gain":0.0,"max_hp_loss":0.0,"gold_gain":0.0,"event_name":"Living Wall","player_choice":"Grow","floor":4.0,"gold_loss":0.0,"damage_taken":0.0,"cards_upgraded":["StuffTheSpire:LoadUp"]}],"is_beta":false,"boss_relics":[],"items_purged_floors":[],"is_endless":false,"potions_floor_spawned":[1,5,7,10,11],"killed_by":"Fading Forest","ascension_level":0}}