{"host":"wvaiab5ya9pyia0u","time":1607623907,"event":{"mods":["BaseMod","StSLib","Hermit","Bestiary","Colored Powertips","Highlight Path","Infinite Spire","Replay The Spire","SacredBarkPlus","Shop Mod","Spicy Shops","The Cursed","The Disciple","The Hierophant","BetterRewards","Conspire","Mimic Mod","Minty Spire (QoL Compilation)","Rare Cards Sparkle","Reworked Bosses","The Factory","The Runesmith","The Servant 0.9.4","Wandering Minibosses","Ascension Reborn","Aspiration","DeckTracker","Hubris","HumanHunterMod(????mod)","Humility","Quick Restart","The Construct","The Jungle","The Mystic","everything is the same but u backflip on backflip","slay the spire mod where everything is the same but ironclad has a cowboy hat"],"gold_per_floor":[113,113,113,127,144,162,162,112,112,112,112,131,183,227,239,267,267,371,371,411,402,54,106,118,118,153,153,153,195,195,207,207,207,207,311,311,351,381,416,108,133,133,133,133,206,224,274,306,306,53,53,57],"floor_reached":53,"playtime":4762,"items_purged":["Runesmith:Strike_RS","Runesmith:Defend_RS"],"score":731,"play_id":"cbca7ffd-999d-40b4-987d-3e0b866ddda5","local_time":"20201210191147","is_ascension_mode":false,"campfire_choices":[{"floor":17.0,"key":"REST"},{"data":"Runesmith:UnlimitedPower","floor":25.0,"key":"SMITH"},{"data":"Runesmith:DoubleUp","floor":27.0,"key":"SMITH"},{"data":"infinitespire:UltimateForm","floor":32.0,"key":"SMITH"},{"floor":34.0,"key":"REST"},{"floor":42.0,"key":"REST"},{"floor":44.0,"key":"REST"},{"data":"Runesmith:PoweredAnvil","floor":51.0,"key":"SMITH"}],"circlet_count":0,"master_deck":["Runesmith:Strike_RS+1","Runesmith:Strike_RS+1","Runesmith:Defend_RS","Runesmith:Defend_RS","Runesmith:Defend_RS","Runesmith:CraftFirestone","Runesmith:Fortify","Runesmith:DoubleUp+1","Ghostly","Runesmith:MakeshiftArmor","Runesmith:NegativeSpace","Runesmith:ShiftingStrike","infinitespire:UltimateForm+1","conspire:SpireCoStock","Runesmith:ChiselStab","Runesmith:Overpower","Runesmith:CraftMedicinae","Runesmith:MakeshiftArmor","Runesmith:EarthShield","Runesmith:UnlimitedPower+1","Runesmith:Grindstone","Runesmith:Attraction+1","Runesmith:LithiumIon","Runesmith:Supernova","Runesmith:CraftIndustria","Runesmith:CraftProtectio+1","Runesmith:HeatedChisel+1","Runesmith:Attraction","Runesmith:LithiumIon","Runesmith:CraftVitae+1","Languid","Runesmith:GoWithTheFlow+1","Runesmith:PoweredAnvil+1","Runesmith:ChaoticBlast"],"special_seed":0,"relics":["Runesmith:BrokenRuby","Incense Burner","conspire:BottledYoYo","infinitespire:WardingShard","Busted Crown","Runesmith:MiniCore","MerchantsRug","Ancient Tea Set","Whetstone","Ice Cream","Honey Jar","conspire:SpecialSausage","theFactory:ChargeChargeCharge","The Courier","Ring of Greed","MealTicket","Smiling Mask","hubris:Towel","Blood Vial"],"acts_visited":["TheCity"],"potions_floor_usage":[],"damage_taken":[{"damage":3.0,"enemies":"Small Slimes","floor":1.0,"turns":4.0},{"damage":2.0,"enemies":"Cultist","floor":4.0,"turns":7.0},{"damage":0.0,"enemies":"2 Louse","floor":5.0,"turns":4.0},{"damage":13.0,"enemies":"Large Slime","floor":6.0,"turns":8.0},{"damage":0.0,"enemies":"Blue Slaver","floor":12.0,"turns":6.0},{"damage":0.0,"enemies":"Looter","floor":13.0,"turns":7.0},{"damage":7.0,"enemies":"Replay:BlueRogue","floor":14.0,"turns":5.0},{"damage":0.0,"enemies":"Looter","floor":15.0,"turns":2.0},{"damage":0.0,"enemies":"3 Louse","floor":16.0,"turns":6.0},{"damage":11.0,"enemies":"Hexaghost","floor":18.0,"turns":12.0},{"damage":0.0,"enemies":"Spheric Guardian","floor":20.0,"turns":9.0},{"damage":1.0,"enemies":"2 Thieves","floor":21.0,"turns":4.0},{"damage":0.0,"enemies":"conspire:MimicChest","floor":23.0,"turns":10.0},{"damage":23.0,"enemies":"Sentry and Sphere","floor":24.0,"turns":8.0},{"damage":10.0,"enemies":"conspire:SneckoGhost","floor":26.0,"turns":11.0},{"damage":6.0,"enemies":"Centurion and Healer","floor":29.0,"turns":9.0},{"damage":1.0,"enemies":"Snecko","floor":31.0,"turns":8.0},{"damage":0.0,"enemies":"bossMod:newChamp","floor":35.0,"turns":10.0},{"damage":0.0,"enemies":"theFactory:2_Experiment_Personnel","floor":37.0,"turns":5.0},{"damage":18.0,"enemies":"theFactory:4_Mini-Bots","floor":38.0,"turns":10.0},{"damage":33.0,"enemies":"theFactory:Orbs_and_Orb_Walker","floor":39.0,"turns":8.0},{"damage":11.0,"enemies":"theFactory:DecayingSentinel","floor":41.0,"turns":7.0},{"damage":11.0,"enemies":"theFactory:ShrapnelTosser","floor":46.0,"turns":8.0},{"damage":18.0,"enemies":"theFactory:Sentry and Guards","floor":48.0,"turns":12.0},{"damage":2,"enemies":"theFactory:Experiment01","floor":52,"turns":9}],"seed_played":"-7735078032937345818","potions_obtained":[{"floor":1.0,"key":"Reflective Coating"},{"floor":4.0,"key":"CultistPotion"},{"floor":12.0,"key":"EssenceOfSteel"},{"floor":21.0,"key":"LifebloodPotion"},{"floor":23.0,"key":"Venom Potion"},{"floor":41.0,"key":"GamblersBrew"}],"is_trial":false,"path_per_floor":["M","?","?","M","M","M","?","?","PTL","PTL","T","M","MIM","E","M","M","R","B",null,"M","M","$","?","M","R","E","R","T","M","?","M","R","AVR","R","B",null,"M","M","M","$","M","R","?","R","T","M","?","M","?","$","R","B",null],"character_chosen":"RUNESMITH_CLASS","items_purchased":["Runesmith:Attraction+1","Runesmith:MiniCore","Runesmith:LithiumIon","MerchantsRug","Runesmith:Attraction","Runesmith:LithiumIon","Runesmith:PoweredAnvil","Runesmith:ChaoticBlast","Blood Vial"],"campfire_rested":4,"item_purchase_floors":[22,22,22,22,40,40,50,50,50],"current_hp_per_floor":[74,74,74,72,72,59,40,40,40,40,40,40,40,33,33,33,56,47,77,77,76,76,77,54,54,48,48,48,47,47,52,52,52,75,77,77,77,66,36,36,34,57,57,77,77,70,70,56,56,71,71,71],"gold":57,"neow_bonus":"TEN_PERCENT_HP_BONUS","is_daily":false,"chose_seed":false,"campfire_upgraded":4,"win_rate":0.0,"timestamp":1607623907,"path_taken":["M","?","?","M","?","M","?","?","PTL","PTL","T","M","?","E","M","M","R","BOSS","M","M","$","?","M","R","E","R","T","M","?","M","R","AVR","R","BOSS","M","M","M","$","?","R","?","R","T","M","?","M","?","?","R","BOSS"],"build_version":"2020-11-30","purchased_purges":2,"victory":true,"max_hp_per_floor":[77,77,77,77,77,77,77,77,77,77,77,77,77,77,77,77,77,77,77,77,77,77,77,77,77,77,77,77,77,77,77,77,77,77,77,77,77,77,77,77,77,77,77,77,77,77,77,77,77,77,77,77],"card_choices":[{"not_picked":["Runesmith:HammerThrow","Runesmith:Discharge"],"picked":"Runesmith:DoubleUp","floor":1.0},{"not_picked":["Runesmith:BackupBattery","Runesmith:Supernova"],"picked":"Runesmith:MakeshiftArmor","floor":4.0},{"not_picked":["Runesmith:ShiftingStrike","Runesmith:UnstableHammer"],"picked":"Runesmith:NegativeSpace","floor":5.0},{"not_picked":["Runesmith:HeatExchange","Runesmith:MakeshiftArmor"],"picked":"Runesmith:ShiftingStrike","floor":6.0},{"not_picked":["ReplayTheSpireMod:Haul","infinitespire:Fortify"],"picked":"infinitespire:UltimateForm","floor":7.0},{"not_picked":["Runesmith:UnstableHammer","Runesmith:EarthShield"],"picked":"Runesmith:ChiselStab","floor":12.0},{"not_picked":["Runesmith:NegativeSpace","Runesmith:StaticCage"],"picked":"Runesmith:Overpower","floor":13.0},{"not_picked":["Runesmith:ChiselStab","Runesmith:HeatedChisel"],"picked":"Runesmith:CraftMedicinae","floor":14.0},{"not_picked":["Runesmith:CraftProtectio","Runesmith:Attraction"],"picked":"Runesmith:MakeshiftArmor","floor":15.0},{"not_picked":["Runesmith:CraftIncendium","Runesmith:Accelerate"],"picked":"Runesmith:EarthShield","floor":16.0},{"not_picked":["Runesmith:GenerateForcefield","Runesmith:CraftPrismatica"],"picked":"Runesmith:UnlimitedPower","floor":18.0},{"not_picked":[],"picked":"Runesmith:Grindstone","floor":20.0},{"not_picked":["Runesmith:ChiselStab"],"picked":"SKIP","floor":21.0},{"not_picked":[],"picked":"Runesmith:Supernova","floor":24.0},{"not_picked":["Runesmith:HeatedChisel"],"picked":"SKIP","floor":26.0},{"not_picked":["Runesmith:ShiftingStrike"],"picked":"SKIP","floor":29.0},{"not_picked":["Runesmith:EnergizedChisel+1"],"picked":"SKIP","floor":31.0},{"not_picked":["Runesmith:ReplicatingBarrier"],"picked":"Runesmith:CraftIndustria","floor":35.0},{"not_picked":["Runesmith:CraftReservo+1"],"picked":"Runesmith:CraftProtectio+1","floor":37.0},{"not_picked":["Runesmith:Malloc+1"],"picked":"Runesmith:HeatedChisel+1","floor":38.0},{"not_picked":["Runesmith:HeatedChisel","Runesmith:EarthShield"],"picked":"SKIP","floor":39.0},{"not_picked":["Runesmith:MakeshiftArmor+1"],"picked":"Runesmith:CraftVitae+1","floor":41.0},{"not_picked":["Runesmith:Terraform","Runesmith:EarthShield"],"picked":"SKIP","floor":46.0},{"not_picked":["Runesmith:CraftMagma"],"picked":"Runesmith:GoWithTheFlow+1","floor":48.0}],"player_experience":152685,"relics_obtained":[{"floor":2.0,"key":"Incense Burner"},{"floor":11.0,"key":"conspire:BottledYoYo"},{"floor":13.0,"key":"Happy Flower"},{"floor":14.0,"key":"infinitespire:WardingShard"},{"floor":23.0,"key":"Ancient Tea Set"},{"floor":26.0,"key":"Whetstone"},{"floor":28.0,"key":"Ice Cream"},{"floor":45.0,"key":"The Courier"},{"floor":47.0,"key":"Ring of Greed"},{"floor":47.0,"key":"MealTicket"},{"floor":47.0,"key":"Smiling Mask"}],"event_choices":[{"cards_removed":["Runesmith:Strike_RS"],"damage_healed":0.0,"max_hp_gain":0.0,"max_hp_loss":0.0,"gold_gain":0.0,"event_name":"NoteForYourself","player_choice":"Took Card","floor":3.0,"gold_loss":0.0,"damage_taken":0.0,"cards_obtained":["Ghostly"]},{"damage_healed":0.0,"max_hp_gain":0.0,"max_hp_loss":0.0,"gold_gain":0.0,"event_name":"conspire:Investor","player_choice":"Invest 1","floor":8.0,"gold_loss":0.0,"damage_taken":0.0},{"damage_healed":0.0,"max_hp_gain":0.0,"max_hp_loss":0.0,"gold_gain":0.0,"event_name":"Transmorgrifier","player_choice":"Ignored","floor":30.0,"gold_loss":0.0,"damage_taken":0.0}],"is_beta":false,"boss_relics":[{"not_picked":["Runesmith:CoreCrystal","Astrolabe"],"picked":"Busted Crown"},{"not_picked":["Ring of Chaos","conspire:SeveredTorchhead"],"picked":"conspire:SpecialSausage"}],"items_purged_floors":[40,50],"is_endless":false,"potions_floor_spawned":[1,4,12,15,21,23,31,41,46,52],"ascension_level":0}}