{"host":"0azimyi6n3ugndj4","time":1607600211,"event":{"gold_per_floor":[99,159,159,159,198,282,282,306,387,444,543,48,48,48,48,48,48],"floor_reached":16,"playtime":237,"items_purged":[],"score":462,"play_id":"6ceb3baf-c93e-4b03-84e7-de740f31136b","local_time":"20201210203651","daily_mods":["Draft","Hoarder","Insanity","Chimera","Specialized","Vintage","ControlledChaos","Allstar","Diverse","Colorless Cards","Heirloom","Time Dilation","Flight","DeadlyEvents","Cursed Run","Elite Swarm","Lethality","Midas","Night Terrors","Binary"],"is_ascension_mode":true,"campfire_choices":[{"floor":7,"key":"REST"},{"floor":15,"key":"REST"}],"neow_cost":"NONE","seed_source_timestamp":1900067034189900,"circlet_count":0,"master_deck":["Demon Form","Wraith Form v2","Echo Form","DevaForm","AscendersBane","Bash","Survivor","Zap","Eruption","Strike_R","Strike_G","Strike_B","Defend_R","Defend_G","Defend_P","Leap","Heavy Blade","PiercingWail","FTL","Steam","Leap","ReplayTheSpireMod:Repulse","Leap","Clash","CutThroughFate","Slice","Dagger Throw","Hologram","Recycle","Escape Plan","Dagger Spray","Searing Blow","Go for the Eyes","Ball Lightning","Run Through","Panacea","Reckless Charge","Havoc","FIFO Queue","FlurryOfBlows","Cold Snap","Blizzard","Turbo","Rebound","Streamline","Panic Button","Beam Cell","Defragment","Consecrate","Sucker Punch","FlyingSleeves","Cold Snap","FollowUp","Body Slam","Blade Dance","Gash","Beam Cell","ClearTheMind","Rip and Tear","Dark Embrace","FlurryOfBlows","Replay:Undeath\u0027s Touch","White Noise","Sword Boomerang","Sadistic Nature","Sadistic Nature","Sadistic Nature","Sadistic Nature","Sadistic Nature","Sadistic Nature","Sadistic Nature","Sadistic Nature","Sadistic Nature","Sadistic Nature","Sadistic Nature","Sadistic Nature","Sadistic Nature","Sadistic Nature","Sadistic Nature","Eviscerate","Eviscerate","Eviscerate","Evaluate","Evaluate","Evaluate","Bane","Bane","Bane","Deadly Poison","Deadly Poison","Deadly Poison","conspire:SharedLibrary","conspire:SharedLibrary","conspire:SharedLibrary","Outmaneuver","Outmaneuver","Outmaneuver","Perfected Strike","Perfected Strike","Perfected Strike","Halt","Halt","Halt","Quick Slash","Quick Slash","Quick Slash","Havoc","Havoc","Havoc","Quick Slash","Quick Slash","Quick Slash","conspire:SharedLibrary","conspire:SharedLibrary","conspire:SharedLibrary","Iron Wave","Iron Wave","Iron Wave","ReplayTheSpireMod:Strike From Hell","ReplayTheSpireMod:Strike From Hell","ReplayTheSpireMod:Strike From Hell","Jack Of All Trades","Jack Of All Trades","Jack Of All Trades","Crescendo+1","Crescendo+1","Crescendo+1"],"relics":["Snecko Eye","Unceasing Top","Busted Crown","REME_ComplimentaryCards","Turnip","Regal Pillow","Pocketwatch","zeldaRelics:CourageTriforce","Gambling Chip","zeldaRelics:WisdomPiece","Chemical X","Magic Flower"],"potions_floor_usage":[16,16],"damage_taken":[{"damage":9,"enemies":"2 Louse","floor":2,"turns":3},{"damage":9,"enemies":"Cultist","floor":5,"turns":3},{"damage":0,"enemies":"Lagavulin","floor":6,"turns":3},{"damage":8,"enemies":"Small Slimes","floor":10,"turns":2},{"damage":0,"enemies":"Gremlin Nob","floor":11,"turns":2},{"damage":79,"enemies":"Hexaghost","floor":16,"turns":4}],"seed_played":"6633052772340880795","potions_obtained":[{"floor":10,"key":"Fire Potion"},{"floor":11,"key":"LiquidBronze"}],"is_trial":true,"path_per_floor":["?","M","$","WH","M","E","R","T","T","M","E","$","$","T","R","B"],"character_chosen":"IRONCLAD","items_purchased":["Chemical X","Magic Flower"],"campfire_rested":2,"item_purchase_floors":[12,12],"current_hp_per_floor":[68,59,59,66,57,57,77,77,77,69,69,69,69,69,72,0,0],"gold":48,"neow_bonus":"TEN_PERCENT_HP_BONUS","is_prod":false,"is_daily":false,"chose_seed":false,"campfire_upgraded":0,"win_rate":0,"timestamp":1607600211,"path_taken":["?","?","$","WH","?","E","R","?","T","?","?","?","$","?","R","BOSS"],"build_version":"2020-11-30","purchased_purges":0,"victory":false,"max_hp_per_floor":[75,75,75,82,82,82,77,77,77,77,77,77,77,77,72,72,72],"relic_stats":{"Regal Pillow":0,"Busted Crown":4,"counters":[6,17],"Gambling Chip":[14],"Snecko Eye":[36,42,34,36],"Magic Flower":[0],"Turnip":[0],"Chemical X":[1],"obtain_stats":[{"Regal Pillow":2,"zeldaRelics:WisdomPiece":11,"Magic Flower":12,"zeldaRelics:CourageTriforce":9,"Busted Crown":0,"Gambling Chip":10,"Snecko Eye":0,"Turnip":0,"zeldaRelics:CouragePiece":6,"Chemical X":12,"Unceasing Top":0,"REME_ComplimentaryCards":0,"Pocketwatch":5},{"Regal Pillow":1,"zeldaRelics:WisdomPiece":5,"Magic Flower":5,"zeldaRelics:CourageTriforce":3,"Busted Crown":0,"Gambling Chip":4,"Snecko Eye":0,"Turnip":0,"zeldaRelics:CouragePiece":3,"Chemical X":5,"Unceasing Top":0,"REME_ComplimentaryCards":0,"Pocketwatch":2},{"Regal Pillow":3,"zeldaRelics:WisdomPiece":13,"Magic Flower":13,"zeldaRelics:CourageTriforce":9,"Busted Crown":0,"Gambling Chip":11,"Snecko Eye":0,"Turnip":0,"zeldaRelics:CouragePiece":9,"Chemical X":13,"Unceasing Top":0,"REME_ComplimentaryCards":0,"Pocketwatch":6}],"Unceasing Top":[0],"Pocketwatch":[11]},"card_choices":[{"not_picked":["Dagger Spray","Shrug It Off"],"picked":"Eviscerate","floor":0},{"not_picked":["Heavy Blade","Dark Embrace"],"picked":"Evaluate","floor":0},{"not_picked":["Protect","Deflect"],"picked":"Bane","floor":0},{"not_picked":["Crescendo","Coolheaded"],"picked":"Deadly Poison","floor":0},{"not_picked":["Deflect","Outmaneuver"],"picked":"conspire:SharedLibrary","floor":0},{"not_picked":["Coolheaded","FollowUp"],"picked":"Outmaneuver","floor":0},{"not_picked":["Beam Cell","True Grit"],"picked":"Perfected Strike","floor":0},{"not_picked":["Ball Lightning","Dagger Throw"],"picked":"Halt","floor":0},{"not_picked":["WaveOfTheHand","CutThroughFate"],"picked":"Quick Slash","floor":0},{"not_picked":["Genetic Algorithm","REME_FirmDetermination"],"picked":"Havoc","floor":0},{"not_picked":["Replay:Bootleg Shield Generator","Beam Cell"],"picked":"Quick Slash","floor":0},{"not_picked":["ReplayTheSpireMod:Speed Training","Prepared"],"picked":"conspire:SharedLibrary","floor":0},{"not_picked":["Hemokinesis","Quick Slash"],"picked":"Iron Wave","floor":0},{"not_picked":["Evaluate","Backflip"],"picked":"ReplayTheSpireMod:Strike From Hell","floor":0},{"not_picked":["conspire:PoisonWeapons","Dodge and Roll"],"picked":"Jack Of All Trades","floor":0}],"player_experience":1418159,"relics_obtained":[{"floor":2,"key":"Regal Pillow"},{"floor":5,"key":"Pocketwatch"},{"floor":6,"key":"zeldaRelics:CouragePiece"},{"floor":8,"key":"zeldaRelics:CouragePiece"},{"floor":9,"key":"zeldaRelics:CouragePiece"},{"floor":10,"key":"Gambling Chip"},{"floor":11,"key":"zeldaRelics:WisdomPiece"},{"floor":14,"key":"zeldaRelics:WisdomPiece"}],"event_choices":[],"is_beta":false,"boss_relics":[],"items_purged_floors":[],"is_endless":false,"potions_floor_spawned":[10,11],"killed_by":"Hexaghost","ascension_level":20}}