{"host":"5jyeqch4fosnsiz2","time":1607611728,"event":{"mods":["BaseMod","StSLib","Colored Map","Colored Powertips","Minty Spire (QoL Compilation)","Waifu the Spire","Bestiary","Filter the Spire","Relic Stats","ojb\u0027s Better Paths Mod","ojb\u0027s Info Mod"],"gold_per_floor":[215,215,19,29,29,58,75,75,101,128,146,166,166,166],"floor_reached":13,"playtime":501,"items_purged":[],"score":105,"play_id":"80022d59-02bb-47bf-a259-d39a7032b1a2","local_time":"20201210094848","is_ascension_mode":true,"campfire_choices":[{"floor":8,"key":"REST"}],"circlet_count":0,"master_deck":["Strike_B","Strike_B","Strike_B","Strike_B","Defend_B","Defend_B","Defend_B","Defend_B","Zap","Dualcast","Consume","Conserve Battery","Stack","White Noise","Coolheaded","Steam","Go for the Eyes"],"relics":["Cracked Core","Cables","Bag of Marbles","Happy Flower","Oddly Smooth Stone","Smiling Mask","Strawberry"],"acts_visited":["Exordium"],"potions_floor_usage":[7,13],"damage_taken":[{"damage":13,"enemies":"Jaw Worm","floor":1,"turns":4},{"damage":1,"enemies":"Cultist","floor":4,"turns":3},{"damage":42,"enemies":"Lagavulin","floor":6,"turns":6},{"damage":0,"enemies":"2 Louse","floor":7,"turns":2},{"damage":25,"enemies":"3 Sentries","floor":10,"turns":5},{"damage":6,"enemies":"Blue Slaver","floor":11,"turns":3},{"damage":3,"enemies":"2 Fungi Beasts","floor":12,"turns":3},{"damage":20,"enemies":"Gremlin Nob","floor":13,"turns":4}],"seed_played":"-135530917253446920","potions_obtained":[{"floor":6,"key":"Explosive Potion"},{"floor":11,"key":"CultistPotion"},{"floor":12,"key":"DistilledChaos"}],"is_trial":false,"path_per_floor":["M","?","$","M","T","E","M","R","T","E","M","M","E"],"character_chosen":"DEFECT","items_purchased":["Bag of Marbles","Conserve Battery"],"campfire_rested":1,"item_purchase_floors":[3,3],"current_hp_per_floor":[62,55,55,54,54,12,12,34,34,16,10,7,0,0],"gold":166,"neow_bonus":"HUNDRED_GOLD","is_daily":false,"chose_seed":false,"campfire_upgraded":0,"win_rate":0,"timestamp":1607611728,"path_taken":["M","?","$","M","?","E","?","R","T","E","M","M","E"],"build_version":"2020-11-30","purchased_purges":0,"victory":false,"max_hp_per_floor":[75,75,75,75,75,75,75,75,75,82,82,82,82,82],"relic_stats":{"Happy Flower":[7],"counters":[8,30],"Smiling Mask":0,"obtain_stats":[{"Happy Flower":5,"Strawberry":10,"Oddly Smooth Stone":6,"Bag of Marbles":3,"Cracked Core":0,"Smiling Mask":9,"Cables":2},{"Happy Flower":2,"Strawberry":5,"Oddly Smooth Stone":3,"Bag of Marbles":1,"Cracked Core":0,"Smiling Mask":4,"Cables":1},{"Happy Flower":7,"Strawberry":20,"Oddly Smooth Stone":13,"Bag of Marbles":4,"Cracked Core":0,"Smiling Mask":15,"Cables":4}],"Cables":[21,17,4,0,0]},"card_choices":[{"not_picked":["Stack","Conserve Battery"],"picked":"Consume","floor":1},{"not_picked":["Ball Lightning","Reprogram","Skim"],"picked":"SKIP","floor":4},{"not_picked":["Scrape","Barrage"],"picked":"Stack","floor":6},{"not_picked":["Rip and Tear","Leap"],"picked":"White Noise","floor":7},{"not_picked":["Chaos","Fusion"],"picked":"Coolheaded","floor":10},{"not_picked":["Steam Power","Blizzard"],"picked":"Steam","floor":11},{"not_picked":["Gash","Stack"],"picked":"Go for the Eyes","floor":12}],"player_experience":271960,"relics_obtained":[{"floor":5,"key":"Happy Flower"},{"floor":6,"key":"Oddly Smooth Stone"},{"floor":9,"key":"Smiling Mask"},{"floor":10,"key":"Strawberry"}],"event_choices":[{"damage_healed":0,"gold_gain":0,"player_choice":"Success","damage_taken":7,"relics_obtained":["Cables"],"max_hp_gain":0,"max_hp_loss":0,"event_name":"Scrap Ooze","floor":2,"gold_loss":0}],"is_beta":false,"boss_relics":[],"items_purged_floors":[],"is_endless":false,"potions_floor_spawned":[6,11,12],"killed_by":"Gremlin Nob","ascension_level":2}}