{"host":"cqf28nc1l0ybgp9y","time":1607611903,"event":{"mods":["BaseMod","StSLib","Minty Spire (QoL Compilation)","Marisa????????"],"gold_per_floor":[113,11,86,102,121,150,165,193,242,253,266,284,109,125,125,227,227,247,96,110,110,110,142,142,158,234,245,245,280,205,62,62,157,157,172,0,0,19,35,66,84,100,100,100,125,125,125],"floor_reached":46,"playtime":3335,"items_purged":["Strike_MRS","Defend_MRS"],"score":584,"play_id":"5865ba6e-3cb1-47c6-b6f2-eda33f184bc5","local_time":"20201210155143","is_ascension_mode":false,"campfire_choices":[{"data":"DragonMeteor","floor":15,"key":"SMITH"},{"data":"EscapeVelocity","floor":24,"key":"SMITH"},{"data":"UpSweep","floor":28,"key":"SMITH"},{"floor":32,"key":"REST"}],"circlet_count":0,"master_deck":["UpSweep+1","DragonMeteor+1","DoubleSpark","ShootingEcho","Singularity","MachineGunSpark+1","DeepEcoloBomb+1","DoubleSpark+1","6A+1","LuminesStrike+1","ChargingUp+1","BlazingStar+1","EscapeVelocity+1","AsteroidBelt+1","GasGiant+1","DeepEcoloBomb+1","SporeBomb+1","ManaRampage+1","WitchLeyline+1","JA+1","ChargeUpSpray+1","GalacticHalo+1","IllusionStar+1","Orbital+1","SprinkleStarSeal+1","DarkMatter+1","EnergyFlow+1","AbsoluteMagnitude+1","ChargingUp+1","PulseMagic+1","StarDustReverie+1","MysteriousBeam+1","Panacea+1","MillisecondPulsars"],"relics":["MiniHakkero","Molten Egg 2","Toxic Egg 2","Pandora\u0027s Box","Bronze Scales","Shuriken","Potion Belt","Orrery","Fusion Hammer","Red Mask","HandmadeGrimoire","Pantograph","Pocketwatch"],"acts_visited":["Exordium","TheCity","TheBeyond"],"potions_floor_usage":[6,8,16,23,23,27,27,40,42,45],"damage_taken":[{"damage":0,"enemies":"Small Slimes","floor":1,"turns":4},{"damage":1,"enemies":"2 Louse","floor":4,"turns":2},{"damage":1,"enemies":"Jaw Worm","floor":5,"turns":3},{"damage":21,"enemies":"Lagavulin","floor":6,"turns":4},{"damage":4,"enemies":"2 Fungi Beasts","floor":7,"turns":3},{"damage":8,"enemies":"Gremlin Nob","floor":8,"turns":3},{"damage":0,"enemies":"Large Slime","floor":10,"turns":4},{"damage":2,"enemies":"Blue Slaver","floor":11,"turns":3},{"damage":11,"enemies":"Red Slaver","floor":12,"turns":4},{"damage":0,"enemies":"2 Fungi Beasts","floor":14,"turns":3},{"damage":38,"enemies":"The Guardian","floor":16,"turns":8},{"damage":10,"enemies":"Spheric Guardian","floor":18,"turns":3},{"damage":15,"enemies":"3 Byrds","floor":20,"turns":3},{"damage":0,"enemies":"Gremlin Leader","floor":23,"turns":3},{"damage":9,"enemies":"3 Cultists","floor":25,"turns":4},{"damage":6,"enemies":"Centurion and Healer","floor":27,"turns":3},{"damage":23,"enemies":"Book of Stabbing","floor":29,"turns":3},{"damage":19,"enemies":"Champ","floor":33,"turns":7},{"damage":5,"enemies":"3 Shapes","floor":35,"turns":2},{"damage":0,"enemies":"3 Darklings","floor":38,"turns":1},{"damage":0,"enemies":"Transient","floor":39,"turns":5},{"damage":30,"enemies":"Reptomancer","floor":40,"turns":4},{"damage":0,"enemies":"Spire Growth","floor":41,"turns":2},{"damage":2,"enemies":"Writhing Mass","floor":42,"turns":2},{"damage":31,"enemies":"Nemesis","floor":45,"turns":7},{"damage":2,"enemies":"Jaw Worm Horde","floor":46,"turns":1}],"seed_played":"7192491046822225727","potions_obtained":[{"floor":1,"key":"AttackPotion"},{"floor":7,"key":"Fire Potion"},{"floor":12,"key":"StarNLove"},{"floor":14,"key":"Swift Potion"},{"floor":16,"key":"LiquidMemories"},{"floor":20,"key":"Fire Potion"},{"floor":25,"key":"BottledSpark"},{"floor":33,"key":"Weak Potion"},{"floor":39,"key":"Energy Potion"},{"floor":41,"key":"AttackPotion"}],"is_trial":false,"path_per_floor":["M","$","?","M","M","E","M","E","T","M","M","M","$","M","R","B",null,"M","$","M","?","?","E","R","M","T","M","R","E","?","$","R","B",null,"M","?","?","M","M","E","M","M","T","?","E","M"],"character_chosen":"MARISA","items_purchased":["ShootingEcho","ChargingUp+1","JA+1","Orrery"],"campfire_rested":1,"item_purchase_floors":[2,13,19,31],"current_hp_per_floor":[75,75,64,63,62,45,41,37,37,41,43,36,36,40,40,6,75,65,65,50,50,50,50,50,41,41,35,35,12,12,12,34,15,75,70,70,70,70,70,40,40,38,38,33,2,0,0],"gold":125,"neow_bonus":"TRANSFORM_CARD","is_daily":false,"chose_seed":false,"campfire_upgraded":3,"win_rate":0.0,"timestamp":1607611903,"path_taken":["M","$","?","M","M","E","M","E","T","M","M","M","$","M","R","BOSS","M","$","M","?","?","E","R","M","T","?","R","E","?","$","R","BOSS","M","?","?","M","M","E","M","?","T","?","E","M"],"build_version":"2020-11-30","purchased_purges":2,"victory":false,"max_hp_per_floor":[75,75,75,75,75,75,75,75,75,75,75,75,75,75,75,75,75,75,75,75,75,75,75,75,75,75,75,75,75,75,75,75,75,75,75,75,75,75,75,75,75,75,75,75,75,75,75],"card_choices":[{"not_picked":["UnstableBomb","IllusionStar"],"picked":"DoubleSpark","floor":1},{"not_picked":["Acceleration","UnstableBomb"],"picked":"EarthLightRay","floor":4},{"not_picked":["Occultation","IllusionStar"],"picked":"Singularity","floor":5},{"not_picked":["PowerUp","AsteroidBelt"],"picked":"MachineGunSpark+1","floor":6},{"not_picked":["AsteroidBelt","MilkyWay"],"picked":"DeepEcoloBomb+1","floor":7},{"not_picked":["Occultation+1","GrandCross+1"],"picked":"DoubleSpark+1","floor":8},{"not_picked":["StarlightTyphoon+1","Acceleration+1"],"picked":"6A+1","floor":10},{"not_picked":["EscapeVelocity","PowerUp+1","StarBarrage+1"],"picked":"SKIP","floor":11},{"not_picked":["GalacticHalo+1","GravityBeat+1"],"picked":"LuminesStrike+1","floor":12},{"not_picked":["GrandCross+1","PowerUp+1"],"picked":"BlazingStar+1","floor":14},{"not_picked":["CollectingQuirk+1","UltimateShortwave+1"],"picked":"EscapeVelocity","floor":16},{"not_picked":["WitchOfGreed","NonDirectionalLaser+1"],"picked":"WitchLeyline+1","floor":18},{"not_picked":["StarBarrage+1","ChargingUp+1","MagicAbsorber+1"],"picked":"SKIP","floor":20},{"not_picked":["OneTimeOff+1","EventHorizon","WitchOfGreed"],"picked":"SKIP","floor":23},{"not_picked":["6A+1","OpenUniverse+1","GrandCross+1"],"picked":"SKIP","floor":25},{"not_picked":["UnstableBomb+1","DarkSpark+1"],"picked":"ChargeUpSpray+1","floor":27},{"not_picked":["ShootingEcho+1","WitchOfGreed"],"picked":"GalacticHalo+1","floor":29},{"not_picked":["AbsoluteMagnitude+1","Acceleration+1"],"picked":"IllusionStar+1","floor":31},{"not_picked":["WitchOfGreed","UltimateShortwave+1"],"picked":"Orbital+1","floor":31},{"not_picked":["RefractionSpark+1","GalacticHalo+1"],"picked":"SprinkleStarSeal+1","floor":31},{"not_picked":["ChargeUpSpray+1","TreasureHunter+1"],"picked":"DarkMatter+1","floor":31},{"not_picked":["WitchLeyline+1","GalacticHalo+1"],"picked":"EnergyFlow+1","floor":31},{"not_picked":["UltimateShortwave+1","ManaRampage+1"],"picked":"AbsoluteMagnitude+1","floor":33},{"not_picked":["PowerUp+1","SporeBomb+1"],"picked":"ChargingUp+1","floor":35},{"not_picked":["OpenUniverse+1","GasGiant+1"],"picked":"PulseMagic+1","floor":38},{"not_picked":["WitchOfGreed","DoubleSpark+1","AsteroidBelt+1"],"picked":"SKIP","floor":39},{"not_picked":["AsteroidBelt+1","GravityBeat+1"],"picked":"StarDustReverie+1","floor":40},{"not_picked":["Acceleration+1","ChargeUpSpray+1"],"picked":"MysteriousBeam+1","floor":41},{"not_picked":["WitchOfGreed","DoubleSpark+1","ManaConvection+1"],"picked":"SKIP","floor":42},{"not_picked":["Swift Strike+1","The Bomb+1"],"picked":"Panacea+1","floor":44},{"not_picked":["SporeBomb+1","StarBarrage+1"],"picked":"MillisecondPulsars","floor":45}],"player_experience":131477,"relics_obtained":[{"floor":6,"key":"Molten Egg 2"},{"floor":8,"key":"Toxic Egg 2"},{"floor":23,"key":"Bronze Scales"},{"floor":26,"key":"Shuriken"},{"floor":29,"key":"Potion Belt"},{"floor":40,"key":"HandmadeGrimoire"},{"floor":43,"key":"Pantograph"},{"floor":45,"key":"Pocketwatch"}],"event_choices":[{"damage_healed":0,"gold_gain":75,"player_choice":"Gather Gold","damage_taken":11,"max_hp_gain":0,"max_hp_loss":0,"event_name":"World of Goop","floor":3,"gold_loss":0},{"cards_removed":["EarthLightRay"],"damage_healed":0,"gold_gain":0,"player_choice":"Elegance","damage_taken":0,"max_hp_gain":0,"max_hp_loss":0,"event_name":"Back to Basics","floor":21,"gold_loss":0},{"damage_healed":0,"gold_gain":0,"player_choice":"Ignored","damage_taken":0,"max_hp_gain":0,"max_hp_loss":0,"event_name":"Ghosts","floor":22,"gold_loss":0},{"cards_removed":["MasterSpark"],"damage_healed":0,"gold_gain":0,"player_choice":"Gave Gold","damage_taken":0,"max_hp_gain":0,"max_hp_loss":0,"event_name":"Beggar","floor":30,"gold_loss":75},{"damage_healed":0,"gold_gain":0,"player_choice":"Paid","damage_taken":0,"relics_obtained":["Red Mask"],"max_hp_gain":0,"max_hp_loss":0,"event_name":"Tomb of Lord Red Mask","floor":36,"gold_loss":172},{"damage_healed":0,"gold_gain":0,"player_choice":"Ignored","damage_taken":0,"max_hp_gain":0,"max_hp_loss":0,"event_name":"SecretPortal","floor":37,"gold_loss":0},{"damage_healed":0,"gold_gain":0,"player_choice":"Memory 2","damage_taken":5,"max_hp_gain":0,"max_hp_loss":0,"event_name":"SensoryStone","floor":44,"gold_loss":0}],"is_beta":false,"boss_relics":[{"not_picked":["Runic Pyramid","Velvet Choker"],"picked":"Pandora\u0027s Box"},{"not_picked":["Cursed Key","SlaversCollar"],"picked":"Fusion Hammer"}],"items_purged_floors":[2,13],"is_endless":false,"potions_floor_spawned":[1,7,12,14,16,20,25,33,39,41],"killed_by":"Jaw Worm Horde","ascension_level":0}}