{"host":"cijwx898anu8dehj","time":1607566270,"event":{"gold_per_floor":[159,61,77,77,93,126,126,141,141,141,159,159,188,201,201,303,303,316,391,221,236,256,256,256,283,283,59,59,85,85,97,97,197,197,197,197],"floor_reached":35,"playtime":2624,"items_purged":["Strike_G","Strike_G","Defend_G"],"score":616,"play_id":"0da6c41c-a397-40b7-9298-649302929a9a","local_time":"20201210001110","is_ascension_mode":true,"campfire_choices":[{"data":"Dash","floor":7.0,"key":"SMITH"},{"floor":12.0,"key":"REST"},{"data":"Catalyst","floor":15.0,"key":"SMITH"},{"floor":24.0,"key":"REST"},{"floor":30.0,"key":"REST"},{"floor":32.0,"key":"REST"}],"neow_cost":"NONE","seed_source_timestamp":226963668834829,"circlet_count":0,"master_deck":["Strike_G","Strike_G","Defend_G","Defend_G","Defend_G","Survivor+1","Neutralize+1","Infinite Blades+1","Quick Slash","Backflip","Finisher","Dash+1","Catalyst+1","Poisoned Stab+1","Catalyst","Dash","Catalyst","Malaise","Quick Slash+1","Noxious Fumes","Deadly Poison","Backflip","Accuracy+1","Underhanded Strike","Well Laid Plans","Noxious Fumes+1","Backflip","Terror","After Image"],"special_seed":0,"relics":["Tiny House","Question Card","Du-Vu Doll","CaptainsWheel","Black Star","Pantograph","Snake Skull","Matryoshka","Anchor","Prayer Wheel","SlaversCollar"],"potions_floor_usage":[],"damage_taken":[{"damage":0.0,"enemies":"Small Slimes","floor":1.0,"turns":4.0},{"damage":0.0,"enemies":"Cultist","floor":3.0,"turns":4.0},{"damage":0.0,"enemies":"2 Louse","floor":5.0,"turns":2.0},{"damage":11.0,"enemies":"Gremlin Nob","floor":6.0,"turns":5.0},{"damage":1.0,"enemies":"2 Fungi Beasts","floor":8.0,"turns":3.0},{"damage":5.0,"enemies":"Gremlin Gang","floor":11.0,"turns":3.0},{"damage":10.0,"enemies":"Lagavulin","floor":13.0,"turns":5.0},{"damage":7.0,"enemies":"Large Slime","floor":14.0,"turns":5.0},{"damage":22.0,"enemies":"Hexaghost","floor":16.0,"turns":10.0},{"damage":1.0,"enemies":"3 Byrds","floor":18.0,"turns":8.0},{"damage":1.0,"enemies":"Spheric Guardian","floor":21.0,"turns":5.0},{"damage":10.0,"enemies":"Snake Plant","floor":22.0,"turns":6.0},{"damage":0.0,"enemies":"Gremlin Leader","floor":23.0,"turns":1.0},{"damage":31.0,"enemies":"Slavers","floor":25.0,"turns":7.0},{"damage":18.0,"enemies":"Book of Stabbing","floor":29.0,"turns":6.0},{"damage":14.0,"enemies":"Centurion and Healer","floor":31.0,"turns":6.0},{"damage":50.0,"enemies":"Champ","floor":33.0,"turns":10.0},{"damage":67,"enemies":"3 Darklings","floor":35,"turns":4}],"seed_played":"8332011933346699984","potions_obtained":[{"floor":0.0,"key":"Explosive Potion"},{"floor":1.0,"key":"Explosive Potion"},{"floor":5.0,"key":"ColorlessPotion"},{"floor":6.0,"key":"SmokeBomb"},{"floor":14.0,"key":"AttackPotion"},{"floor":21.0,"key":"Fire Potion"},{"floor":29.0,"key":"SteroidPotion"}],"is_trial":false,"path_per_floor":["M","$","M","?","M","E","R","M","T","?","M","R","E","M","R","B",null,"M","?","$","M","M","E","R","E","T","$","?","E","R","M","R","B",null,"M"],"character_chosen":"THE_SILENT","items_purchased":["Backflip","Noxious Fumes","GhostInAJar"],"campfire_rested":4,"item_purchase_floors":[2,20,27],"current_hp_per_floor":[68,68,68,68,68,57,57,56,56,41,36,58,48,41,41,19,61,60,53,53,52,42,42,64,33,33,33,33,15,37,23,45,20,61,0,0],"gold":197,"neow_bonus":"BOSS_RELIC","is_prod":false,"is_daily":false,"chose_seed":false,"campfire_upgraded":2,"win_rate":0,"timestamp":1607566270,"path_taken":["M","$","M","?","M","E","R","M","T","?","M","R","E","M","R","BOSS","M","?","$","M","?","E","R","E","T","$","?","E","R","M","R","BOSS","M"],"build_version":"2020-11-30","purchased_purges":3,"victory":false,"max_hp_per_floor":[75,75,75,75,75,75,75,75,75,75,75,75,75,75,75,75,75,75,75,75,75,75,75,75,75,75,75,75,75,75,75,75,75,75,75,75],"relic_stats":{"counters":[18,94],"Pantograph":25,"Prayer Wheel":1,"Snake Skull":[38],"Black Star":3,"Question Card":13,"obtain_stats":[{"Du-Vu Doll":9,"SlaversCollar":34,"CaptainsWheel":13,"Anchor":29,"Tiny House":0,"Matryoshka":26,"Pantograph":25,"Prayer Wheel":29,"Snake Skull":25,"Black Star":17,"Question Card":6,"Ring of the Snake":0},{"Du-Vu Doll":5,"SlaversCollar":17,"CaptainsWheel":7,"Anchor":15,"Tiny House":0,"Matryoshka":14,"Pantograph":14,"Prayer Wheel":15,"Snake Skull":14,"Black Star":9,"Question Card":4,"Ring of the Snake":0},{"Du-Vu Doll":18,"SlaversCollar":90,"CaptainsWheel":26,"Anchor":74,"Tiny House":0,"Matryoshka":68,"Pantograph":68,"Prayer Wheel":74,"Snake Skull":68,"Black Star":41,"Question Card":15,"Ring of the Snake":0}]},"card_choices":[{"not_picked":["Accuracy","Underhanded Strike"],"picked":"Infinite Blades","floor":0.0},{"not_picked":["Acrobatics","Bane"],"picked":"Quick Slash","floor":1.0},{"not_picked":["Deflect","PiercingWail"],"picked":"Finisher","floor":3.0},{"not_picked":["Sucker Punch","Caltrops"],"picked":"Dash","floor":5.0},{"not_picked":["Deadly Poison","Flechettes"],"picked":"Catalyst","floor":6.0},{"not_picked":["Flying Knee","Concentrate","PiercingWail"],"picked":"Poisoned Stab","floor":8.0},{"not_picked":["Prepared","Blade Dance","Riddle With Holes"],"picked":"Catalyst","floor":11.0},{"not_picked":["Terror","Prepared","Bouncing Flask"],"picked":"Dash","floor":13.0},{"not_picked":["Setup","Endless Agony","Accuracy"],"picked":"Catalyst","floor":14.0},{"not_picked":["Burst","Night Terror","Unload"],"picked":"Malaise","floor":16.0},{"not_picked":["Acrobatics+1","Footwork","Caltrops"],"picked":"Quick Slash+1","floor":18.0},{"not_picked":["Underhanded Strike+1","Expertise","Slice"],"picked":"Deadly Poison","floor":21.0},{"not_picked":["Endless Agony+1","Prepared+1","Deadly Poison+1"],"picked":"Backflip","floor":22.0},{"not_picked":["Terror","Tools of the Trade","Underhanded Strike"],"picked":"Accuracy+1","floor":25.0},{"not_picked":["Sucker Punch","Prepared","Flying Knee"],"picked":"Noxious Fumes+1","floor":29.0},{"not_picked":["Reflex","Dagger Throw","Deadly Poison+1"],"picked":"Backflip","floor":31.0},{"not_picked":["Catalyst","Poisoned Stab","Bouncing Flask","Terror"],"picked":"SKIP","floor":31.0},{"not_picked":["Catalyst","Poisoned Stab","Bouncing Flask"],"picked":"Terror","floor":31.0},{"not_picked":["A Thousand Cuts","Glass Knife","Malaise"],"picked":"After Image","floor":33.0}],"player_experience":894074,"relics_obtained":[{"floor":6.0,"key":"Question Card"},{"floor":9.0,"key":"Du-Vu Doll"},{"floor":13.0,"key":"CaptainsWheel"},{"floor":25.0,"key":"Pantograph"},{"floor":25.0,"key":"Snake Skull"},{"floor":26.0,"key":"Matryoshka"},{"floor":29.0,"key":"Anchor"},{"floor":29.0,"key":"Prayer Wheel"}],"event_choices":[{"damage_healed":0.0,"max_hp_gain":0.0,"max_hp_loss":0.0,"gold_gain":0.0,"event_name":"Living Wall","player_choice":"Grow","floor":4.0,"gold_loss":0.0,"damage_taken":0.0,"cards_upgraded":["Infinite Blades"]},{"damage_healed":0.0,"max_hp_gain":0.0,"max_hp_loss":0.0,"gold_gain":0.0,"event_name":"Shining Light","player_choice":"Entered Light","floor":10.0,"gold_loss":0.0,"damage_taken":15.0,"cards_upgraded":["Survivor","Poisoned Stab"]},{"damage_healed":0.0,"max_hp_gain":0.0,"max_hp_loss":0.0,"gold_gain":75.0,"event_name":"FaceTrader","player_choice":"Touch","floor":19.0,"gold_loss":0.0,"damage_taken":7.0},{"damage_healed":0.0,"max_hp_gain":0.0,"max_hp_loss":0.0,"gold_gain":0.0,"cards_transformed":["Strike_G","Defend_G"],"event_name":"Drug Dealer","player_choice":"Became Test Subject","floor":28.0,"gold_loss":0.0,"damage_taken":0.0,"cards_obtained":["Underhanded Strike","Well Laid Plans"]}],"is_beta":false,"boss_relics":[{"not_picked":["Sozu","HoveringKite"],"picked":"Black Star"},{"not_picked":["Velvet Choker","Cursed Key"],"picked":"SlaversCollar"}],"items_purged_floors":[2,20,27],"is_endless":false,"potions_floor_spawned":[1,5,6,14,21,23,29],"killed_by":"3 Darklings","ascension_level":9}}