{"host":"dntw6kil9p09eemm","time":1607636698,"event":{"mods":["BaseMod","StSLib","Minty Spire (QoL Compilation)","Shop Mod","Colored Powertips","Act Like it!","Gensokyo","2.2 Compatiblity","Downfall","Hermit"],"gold_per_floor":[209,224,253,253,253,281,293,303,303,317,317,317,317,397,397,494,494,494],"floor_reached":17,"playtime":351,"items_purged":[],"score":279,"play_id":"ed0c2560-ad90-465d-8881-eaaf5c9be8c1","local_time":"20201211064458","is_ascension_mode":false,"campfire_choices":[{"data":"hermit:Snapshot","floor":15,"key":"SMITH"}],"circlet_count":0,"master_deck":["hermit:Strike_Hermit","hermit:Strike_Hermit","hermit:Strike_Hermit","hermit:Strike_Hermit","hermit:Defend_Hermit","hermit:Defend_Hermit","hermit:Defend_Hermit","hermit:Defend_Hermit","hermit:Snapshot+1","hermit:Covet"],"relics":["hermit:ClaspedLocket","Bag of Marbles","Strawberry","Shuriken"],"acts_visited":["Exordium","Gensokyo:Gensokyo"],"potions_floor_usage":[16,16],"damage_taken":[{"damage":0,"enemies":"Gensokyo:3_Fairies","floor":1,"turns":2},{"damage":0,"enemies":"Gensokyo:2_Kodama","floor":2,"turns":1},{"damage":0,"enemies":"Gensokyo:Aya","floor":3,"turns":2},{"damage":0,"enemies":"Gensokyo:Mamizou","floor":6,"turns":1},{"damage":0,"enemies":"Gensokyo:Gryphon","floor":7,"turns":1},{"damage":0,"enemies":"Gensokyo:VengefulSpirit","floor":8,"turns":1},{"damage":0,"enemies":"Gensokyo:LivingMonolith","floor":10,"turns":1},{"damage":0,"enemies":"Gensokyo:Aya","floor":11,"turns":1},{"damage":0,"enemies":"Gensokyo:Kitsune","floor":12,"turns":1},{"damage":0,"enemies":"Gensokyo:VengefulSpirit","floor":13,"turns":1},{"damage":24,"enemies":"Gensokyo:Yukari","floor":16,"turns":9}],"seed_played":"-2528154081022854467","potions_obtained":[{"floor":1,"key":"Explosive Potion"},{"floor":3,"key":"Block Potion"},{"floor":6,"key":"hermit:Tonic"},{"floor":16,"key":"GamblersBrew"}],"is_trial":false,"path_per_floor":["M","M","?","?","$","E","M","M","T","M","E","M","M","?","R","B",null],"character_chosen":"HERMIT","items_purchased":[],"campfire_rested":0,"item_purchase_floors":[],"current_hp_per_floor":[75,75,75,68,68,75,75,75,75,75,75,75,75,75,75,51,82,82],"gold":494,"neow_bonus":"HUNDRED_GOLD","is_daily":false,"chose_seed":false,"campfire_upgraded":1,"win_rate":0.0,"timestamp":1607636698,"path_taken":["M","M","?","?","$","E","M","M","T","M","E","M","M","?","R","BOSS"],"build_version":"2020-11-30","purchased_purges":0,"victory":false,"max_hp_per_floor":[75,75,75,75,75,82,82,82,82,82,82,82,82,82,82,82,82,82],"card_choices":[{"not_picked":["hermit:Enervate","hermit:Coalescence","hermit:Cheat"],"picked":"SKIP","floor":1},{"not_picked":["hermit:Malice","hermit:Dive","hermit:LowProfile"],"picked":"SKIP","floor":2},{"not_picked":["hermit:Cheat","hermit:PistolWhip","hermit:Showdown"],"picked":"SKIP","floor":3},{"not_picked":["hermit:LowProfile","hermit:Roulette","hermit:WideOpen"],"picked":"SKIP","floor":6},{"not_picked":["hermit:FromBeyond","hermit:CalledShot","hermit:HoleUp"],"picked":"SKIP","floor":7},{"not_picked":["hermit:SprayPray","hermit:ShadowCloak","hermit:Snipe"],"picked":"SKIP","floor":8},{"not_picked":["hermit:Snipe","hermit:BodyArmor","hermit:CalledShot"],"picked":"SKIP","floor":10},{"not_picked":["hermit:HeroicBravado","hermit:Headshot","hermit:Combo"],"picked":"SKIP","floor":11},{"not_picked":["hermit:Misfire","hermit:Virtue","hermit:LowProfile"],"picked":"SKIP","floor":12},{"not_picked":["hermit:Ricochet","hermit:Quickdraw","hermit:Cheat"],"picked":"SKIP","floor":13}],"player_experience":300967,"relics_obtained":[{"floor":3,"key":"Bag of Marbles"},{"floor":6,"key":"Strawberry"},{"floor":9,"key":"Shuriken"}],"event_choices":[],"is_beta":false,"boss_relics":[{"not_picked":["Snecko Eye","Astrolabe"],"picked":"hermit:ClaspedLocket"}],"items_purged_floors":[],"is_endless":false,"potions_floor_spawned":[1,3,6,16],"ascension_level":0}}