{"host":"calynag5ibgivyo2","time":1607558942,"event":{"gold_per_floor":[113,132,150,160,174,174,28,60,115,142,153,31,31,31,31],"floor_reached":14,"playtime":587,"items_purged":["Strike_P"],"score":107,"play_id":"42728cdb-d4f0-413e-83f0-f0ade516442e","local_time":"20201209160902","is_ascension_mode":true,"campfire_choices":[{"data":"Eruption","floor":6,"key":"SMITH"}],"neow_cost":"NONE","seed_source_timestamp":11203974606500,"circlet_count":0,"master_deck":["Strike_P","Strike_P","Strike_P","Defend_P","Defend_P","Defend_P","Defend_P","Eruption+1","Vigilance","Brilliance","Consecrate","CutThroughFate","ThirdEye","Meditate","Prostrate","Weave","ClearTheMind","Prostrate","Evaluate","Protect"],"special_seed":0,"relics":["PureWater","Orrery","Peace Pipe","Pen Nib","Eternal Feather"],"potions_floor_usage":[10,14,14,14],"damage_taken":[{"damage":0.0,"enemies":"Cultist","floor":1.0,"turns":3.0},{"damage":7,"enemies":"Jaw Worm","floor":2,"turns":4},{"damage":0,"enemies":"2 Louse","floor":3,"turns":2},{"damage":1,"enemies":"Red Slaver","floor":4,"turns":2},{"damage":13,"enemies":"Exordium Wildlife","floor":5,"turns":3},{"damage":33,"enemies":"Gremlin Nob","floor":8,"turns":5},{"damage":14,"enemies":"Lagavulin","floor":10,"turns":8},{"damage":6,"enemies":"Large Slime","floor":11,"turns":3},{"damage":41,"enemies":"Gremlin Nob","floor":14,"turns":4}],"seed_played":"-5601253123622606169","potions_obtained":[{"floor":3,"key":"SneckoOil"},{"floor":5,"key":"Regen Potion"},{"floor":10,"key":"BottledMiracle"},{"floor":11,"key":"BottledMiracle"}],"is_trial":false,"path_per_floor":["M","M","M","M","M","R","$","E","T","E","M","$","?","E"],"character_chosen":"WATCHER","items_purchased":["Orrery","Protect"],"campfire_rested":0,"item_purchase_floors":[7,12],"current_hp_per_floor":[72,65,65,64,51,51,51,18,18,19,13,13,13,0,0],"gold":31,"neow_bonus":"ONE_RANDOM_RARE_CARD","is_prod":false,"is_daily":false,"chose_seed":false,"campfire_upgraded":1,"win_rate":0,"timestamp":1607558942,"path_taken":["M","M","?","M","M","R","$","E","T","E","M","$","?","E"],"build_version":"2020-11-30","purchased_purges":1,"victory":false,"max_hp_per_floor":[72,72,72,72,72,72,72,72,72,72,72,72,72,72,72],"card_choices":[{"not_picked":["Halt","WindmillStrike"],"picked":"Consecrate","floor":1.0},{"not_picked":["EmptyMind","EmptyBody"],"picked":"CutThroughFate","floor":2},{"not_picked":["Protect","EmptyFist"],"picked":"ThirdEye","floor":3},{"not_picked":["Consecrate","CrushJoints"],"picked":"Meditate","floor":4},{"not_picked":["Vengeance","Vault","ThirdEye"],"picked":"SKIP","floor":5},{"not_picked":["BowlingBash","CutThroughFate"],"picked":"Prostrate","floor":7},{"not_picked":["SashWhip","FlurryOfBlows"],"picked":"Weave","floor":7},{"not_picked":["BowlingBash","Collect"],"picked":"ClearTheMind","floor":7},{"not_picked":["Perseverance","EmptyBody"],"picked":"Prostrate","floor":8},{"not_picked":["Wallop","BattleHymn"],"picked":"Evaluate","floor":10},{"not_picked":["EmptyFist","FlyingSleeves","MentalFortress"],"picked":"SKIP","floor":11}],"player_experience":411945,"relics_obtained":[{"floor":8,"key":"Peace Pipe"},{"floor":9,"key":"Pen Nib"},{"floor":10,"key":"Eternal Feather"}],"event_choices":[{"damage_healed":0,"gold_gain":0,"player_choice":"0 cards matched","damage_taken":0,"max_hp_gain":0,"max_hp_loss":0,"event_name":"Match and Keep!","floor":13,"gold_loss":0,"cards_obtained":[]}],"is_beta":false,"boss_relics":[],"items_purged_floors":[12],"is_endless":false,"potions_floor_spawned":[3,5,10,11],"killed_by":"Gremlin Nob","ascension_level":1}}