{"host":"htqwg582tjjtn9p7","time":1607616749,"event":{"mods":["2.2 Compatiblity","BaseMod","GifTheSpireLib","StSLib","AchievementEnabler","Aspiration","Better Third Choice","Colored Map","Conspire","Energized Spire","Hermit","Mad Scientist","Minty Spire (QoL Compilation)","Permanent Neow","Random Character Button","Replay The Spire","Somnambulant","Spicy Shops","Spikes Relics","Stuff the Spire","The Gatherer","The Jungle","The Runesmith","The Servant 0.9.4","JesterMod","Highlight Path","Relic Stats","The Blue Laboratory","Force Act Four","The Judge","Act Like it!","Displayed Cursed Tome","Pale of the Ancients","The Disciple","The Forsaken","Robot Space Explorer","The Dragon Tamer","Curses Come First"],"gold_per_floor":[113,126,137,161,172,172,187,187,187,187,200,227,237,266,266,366,316,326,126,136,147,166,196,96,130,130,130,130,130,145,145,145,159,159,255,255,269,269,269,289,40,40,40,40],"floor_reached":42,"playtime":2036,"items_purged":["DTMod:Strike","DTMod:Strike"],"score":700,"play_id":"1fa3ee00-b454-4ac1-a5bc-3506447d5d40","local_time":"20201210171229","is_ascension_mode":false,"metric_token":2451,"campfire_choices":[{"data":"DTMod:FlameSlash","floor":6.0,"key":"SMITH"},{"data":"DTMod:Inferno","floor":8.0,"key":"SMITH"},{"floor":15.0,"key":"REST"},{"floor":27.0,"key":"REST"},{"floor":32.0,"key":"REST"},{"floor":34.0,"key":"REST"}],"dtmod_dragon_data":[12,58,2,0,14,0],"circlet_count":0,"master_deck":["DTMod:Strike","DTMod:DoubleHit","DTMod:TargetDefense","DTMod:TargetDefense","DTMod:TargetDefense","DTMod:TargetDefense","DTMod:SwitchingTactic","DTMod:LightShield","DTMod:FlameSlash+1","DTMod:Observe","DTMod:Training","DTMod:Inferno+1","DTMod:WarmUp","DTMod:Feint","DTMod:Training","DTMod:Hide","DTMod:Inferno","DTMod:Strike","DTMod:TagTeam","DTMod:QuickFly","DTMod:BalancedStrike","DTMod:Hide","DTMod:WarmUp+1","DTMod:Feint","DTMod:CleansingStrike"],"special_seed":0,"relics":["DTMod:PactStone","WingedGreaves","Shuriken","Runesmith:Nanobots","energizedSpire:HugeHouse","Torii","Frozen Egg 2","Blue Doll","energizedSpire:OgreHead","StuffTheSpire:GreaterSneckoEye","Mummified Hand"],"acts_visited":["Exordium","TheCity","TheBeyond"],"potions_floor_usage":[],"damage_taken":[{"damage":2.0,"enemies":"2 Louse","floor":1.0,"turns":4.0},{"damage":0.0,"enemies":"Cultist","floor":2.0,"turns":4.0},{"damage":0.0,"enemies":"conspire:RoseBush","floor":3.0,"turns":3.0},{"damage":0.0,"enemies":"Gremlin Gang","floor":5.0,"turns":6.0},{"damage":0.0,"enemies":"Lots of Slimes","floor":7.0,"turns":2.0},{"damage":0.0,"enemies":"3 Louse","floor":11.0,"turns":3.0},{"damage":0.0,"enemies":"Lagavulin","floor":12.0,"turns":5.0},{"damage":0.0,"enemies":"Exordium Wildlife","floor":13.0,"turns":2.0},{"damage":0.0,"enemies":"3 Sentries","floor":14.0,"turns":3.0},{"damage":16.0,"enemies":"The Guardian","floor":16.0,"turns":13.0},{"damage":0.0,"enemies":"Shell Parasite","floor":18.0,"turns":4.0},{"damage":0.0,"enemies":"conspire:FuzzyDice","floor":20.0,"turns":5.0},{"damage":0.0,"enemies":"Sentry and Sphere","floor":21.0,"turns":5.0},{"damage":0.0,"enemies":"Snake Plant","floor":22.0,"turns":3.0},{"damage":0.0,"enemies":"Gremlin Leader","floor":23.0,"turns":5.0},{"damage":0.0,"enemies":"conspire:SneckoGhost","floor":25.0,"turns":10.0},{"damage":0.0,"enemies":"Snecko","floor":30.0,"turns":5.0},{"damage":1.0,"enemies":"Cultist and Chosen","floor":33.0,"turns":4.0},{"damage":11.0,"enemies":"Pondfish","floor":35.0,"turns":11.0},{"damage":0,"enemies":"3 Darklings","floor":37,"turns":6},{"damage":0,"enemies":"3 Shapes","floor":40,"turns":4},{"damage":0,"enemies":"Nemesis","floor":42,"turns":2}],"seed_played":"-1426917954658984893","potions_obtained":[{"floor":1.0,"key":"DuplicationPotion"},{"floor":3.0,"key":"blueLaboratory:HorrorPotion"},{"floor":4.0,"key":"conspire:TimeTravelPotion"},{"floor":10.0,"key":"FairyPotion"},{"floor":14.0,"key":"LifebloodPotion"},{"floor":22.0,"key":"Dexterity Potion"}],"is_trial":false,"path_per_floor":["M","M","M","?","M","R","M","R","T","?","M","E","M","E","R","B",null,"M","$","M","M","M","E","$","E","T","R","PTL","PTL","M","?","R","M","R","B",null,"M","?","?","M","$","E"],"character_chosen":"THE_DT","items_purchased":["DTMod:BalancedStrike","blueLaboratory:FruitPunch","Mummified Hand"],"campfire_rested":4,"item_purchase_floors":[19,19,41],"current_hp_per_floor":[43,43,43,32,32,32,32,32,32,32,32,32,32,32,45,29,40,40,40,40,42,42,42,42,42,42,42,42,42,42,42,42,41,42,31,42,42,42,22,22,22,22,22,22],"gold":40,"neow_bonus":"ONE_RANDOM_RARE_CARD","is_daily":false,"chose_seed":false,"campfire_upgraded":2,"win_rate":0.0,"timestamp":1607616749,"path_taken":["M","M","M","?","M","R","?","R","T","?","M","E","M","E","R","BOSS","M","$","?","M","M","E","?","E","T","R","PTL","PTL","M","?","R","M","R","BOSS","M","?","?","M","$","E"],"build_version":"2020-11-30","purchased_purges":2,"victory":false,"max_hp_per_floor":[45,45,45,45,45,45,45,45,45,45,45,45,45,45,45,45,40,40,40,40,42,42,42,42,42,42,42,42,42,42,42,42,42,42,42,42,42,42,42,42,42,42,42,42],"relic_stats":{"Torii":12,"counters":[22,108],"Shuriken":[18],"Mummified Hand":[1],"obtain_stats":[{"Runesmith:Nanobots":14,"DTMod:PactStone":0,"Torii":23,"Shuriken":12,"Mummified Hand":41,"StuffTheSpire:GreaterSneckoEye":39,"Blue Doll":26,"WingedGreaves":9,"energizedSpire:HugeHouse":17,"energizedSpire:OgreHead":36,"Frozen Egg 2":25},{"Runesmith:Nanobots":9,"DTMod:PactStone":0,"Torii":15,"Shuriken":7,"Mummified Hand":21,"StuffTheSpire:GreaterSneckoEye":20,"Blue Doll":16,"WingedGreaves":5,"energizedSpire:HugeHouse":10,"energizedSpire:OgreHead":19,"Frozen Egg 2":16},{"Runesmith:Nanobots":32,"DTMod:PactStone":0,"Torii":67,"Shuriken":27,"Mummified Hand":107,"StuffTheSpire:GreaterSneckoEye":103,"Blue Doll":77,"WingedGreaves":19,"energizedSpire:HugeHouse":45,"energizedSpire:OgreHead":97,"Frozen Egg 2":77}]},"card_choices":[{"not_picked":["DTMod:ForkedFire","DTMod:BurningForce"],"picked":"DTMod:FlameSlash","floor":1.0},{"not_picked":["DTMod:Hide","DTMod:Feint"],"picked":"DTMod:Observe","floor":2.0},{"not_picked":["DTMod:MagicField","DTMod:SneakAttack"],"picked":"DTMod:Training","floor":3.0},{"not_picked":["DTMod:BurningEnergy","DTMod:Weaken"],"picked":"DTMod:QuickFly","floor":4.0},{"not_picked":["DTMod:BlazingStrike","DTMod:BuildUp","DTMod:Hide"],"picked":"SKIP","floor":5.0},{"not_picked":["DTMod:BurningForce","DTMod:Cover"],"picked":"DTMod:Inferno","floor":7.0},{"not_picked":["DTMod:BuildUp","DTMod:FlameSlash"],"picked":"DTMod:WarmUp","floor":11.0},{"not_picked":["DTMod:Inferno","DTMod:SealedStrike"],"picked":"DTMod:Feint","floor":12.0},{"not_picked":["DTMod:CleansingStrike","DTMod:Shift"],"picked":"DTMod:Training","floor":13.0},{"not_picked":["DTMod:BreakAttack","DTMod:QuickFly"],"picked":"DTMod:Hide","floor":14.0},{"not_picked":["DTMod:Multitask","DTMod:LightShield"],"picked":"DTMod:Inferno","floor":16.0},{"not_picked":["DTMod:Threaten","DTMod:LastStand+1"],"picked":"DTMod:QuickFly","floor":18.0},{"not_picked":["DTMod:BlazingStrike","DTMod:Punisher","DTMod:MagicField"],"picked":"SKIP","floor":20.0},{"not_picked":["DTMod:Hide","DTMod:GhostSkin","DTMod:HeatWave"],"picked":"SKIP","floor":21.0},{"not_picked":["DTMod:CrossStep","DTMod:Feint","DTMod:Harmonize"],"picked":"SKIP","floor":22.0},{"not_picked":["DTMod:Overwhelm+1","DTMod:CrossStep","DTMod:OpeningTactic"],"picked":"SKIP","floor":23.0},{"not_picked":["DTMod:BurningEnergy","DTMod:OpeningTactic"],"picked":"DTMod:Hide","floor":25.0},{"not_picked":["DTMod:Shift","DTMod:BurningEnergy+1","DTMod:BuildUp"],"picked":"SKIP","floor":30.0},{"not_picked":["DTMod:Cover","DTMod:ComboAttack"],"picked":"DTMod:WarmUp+1","floor":33.0},{"not_picked":["DTMod:RecklessFlurry","DTMod:CalculatedDefense+1"],"picked":"DTMod:Feint","floor":37},{"not_picked":["DTMod:ComboAttack","DTMod:TagTeam"],"picked":"DTMod:CleansingStrike","floor":40}],"player_experience":1635248,"relics_obtained":[{"floor":9.0,"key":"WingedGreaves"},{"floor":12.0,"key":"Shuriken"},{"floor":14.0,"key":"Runesmith:Nanobots"},{"floor":23.0,"key":"Torii"},{"floor":25.0,"key":"Frozen Egg 2"},{"floor":26.0,"key":"Blue Doll"},{"floor":39,"key":"StuffTheSpire:GreaterSneckoEye"}],"event_choices":[{"damage_healed":0.0,"max_hp_gain":0.0,"max_hp_loss":0.0,"gold_gain":0.0,"event_name":"Lab","player_choice":"Got Potions","floor":10.0,"gold_loss":0.0,"damage_taken":0.0},{"cards_removed":["DTMod:Strike"],"damage_healed":0.0,"max_hp_gain":0.0,"max_hp_loss":0.0,"gold_gain":0.0,"event_name":"betterThird:BetterWriting","player_choice":"Elegance","floor":31.0,"gold_loss":0.0,"damage_taken":0.0},{"damage_healed":0,"gold_gain":0,"player_choice":"Leave","damage_taken":0,"max_hp_gain":0,"max_hp_loss":0,"event_name":"conspire:Investor","floor":38,"gold_loss":0}],"is_beta":false,"boss_relics":[{"not_picked":["aspiration:RunesmithSkillbook","Pandora\u0027s Box"],"picked":"energizedSpire:HugeHouse"},{"not_picked":["energizedSpire:StickyHand","aspiration:SecretTechniqueScroll"],"picked":"energizedSpire:OgreHead"}],"items_purged_floors":[19,24],"is_endless":false,"potions_floor_spawned":[1,3,13,14,22,23,25,30],"killed_by":"Nemesis","ascension_level":0}}