{"host":"u0m9wcerzdqt9t83","time":1607642529,"event":{"mods":["BaseMod","AchievementEnabler","BetterRewards","Minty Spire (QoL Compilation)","Colored Map","DeckTracker","Rare Cards Sparkle","StSLib","Hermit","Shade Mod"],"gold_per_floor":[134,134,148,148,76,119,119],"floor_reached":6,"playtime":625,"items_purged":[],"score":44,"play_id":"7cf04d48-d0b7-4105-bc62-47fdd5453316","local_time":"20201210182209","is_ascension_mode":false,"campfire_choices":[],"circlet_count":0,"master_deck":["hermit:Strike_Hermit","hermit:Strike_Hermit","hermit:Strike_Hermit","hermit:Strike_Hermit","hermit:Defend_Hermit","hermit:Defend_Hermit","hermit:Defend_Hermit","hermit:Snapshot","hermit:Covet","hermit:Combo","hermit:Headshot","hermit:DeadOrAlive","hermit:Brawl","hermit:GoldenBullet","Injury","hermit:Enervate","hermit:Grudge"],"relics":["hermit:Momento","Gambling Chip","Darkstone Periapt","Vajra","Golden Idol","Tiny Chest"],"acts_visited":["Exordium"],"potions_floor_usage":[6],"damage_taken":[{"damage":7,"enemies":"2 Louse","floor":1,"turns":3},{"damage":11,"enemies":"Jaw Worm","floor":3,"turns":2},{"damage":36,"enemies":"Lagavulin","floor":6,"turns":7}],"seed_played":"6857055436531514610","potions_obtained":[{"floor":3,"key":"LiquidMemories"}],"is_trial":false,"path_per_floor":["M","?","M","?","$","E"],"character_chosen":"HERMIT","items_purchased":["hermit:Combo","Darkstone Periapt","Vajra","hermit:Headshot","hermit:Enervate"],"campfire_rested":0,"item_purchase_floors":[0,0,0,0,5],"current_hp_per_floor":[44,44,33,39,39,3,3],"gold":119,"neow_bonus":"","is_daily":false,"chose_seed":false,"campfire_upgraded":0,"win_rate":0.0,"timestamp":1607642529,"path_taken":["M","?","M","?","$","E"],"build_version":"2020-11-30","purchased_purges":0,"victory":false,"max_hp_per_floor":[75,75,75,81,81,81,81],"card_choices":[{"not_picked":["hermit:Roulette","hermit:Misfire"],"picked":"hermit:Brawl","floor":1},{"not_picked":["hermit:Misfire","hermit:Desperado"],"picked":"hermit:GoldenBullet","floor":3},{"not_picked":["hermit:HoleUp","hermit:Shortfuse"],"picked":"hermit:Grudge","floor":6}],"player_experience":347934,"relics_obtained":[{"floor":6,"key":"Tiny Chest"}],"event_choices":[{"damage_healed":0,"gold_gain":0,"player_choice":"Ignored","damage_taken":0,"max_hp_gain":0,"max_hp_loss":0,"event_name":"Liars Game","floor":2,"gold_loss":0},{"damage_healed":0,"gold_gain":0,"player_choice":"Take Wound","damage_taken":0,"relics_obtained":["Golden Idol"],"max_hp_gain":0,"max_hp_loss":0,"event_name":"Golden Idol","floor":4,"gold_loss":0,"cards_obtained":["Injury"]}],"is_beta":false,"boss_relics":[],"items_purged_floors":[],"is_endless":false,"potions_floor_spawned":[3],"killed_by":"Lagavulin","ascension_level":0}}