{"host":"dl5mjdlimopbuch5","time":1607568465,"event":{"gold_per_floor":[109,109,109,124,124,150,325,353,404,404,404],"floor_reached":10,"playtime":184,"items_purged":[],"score":114,"play_id":"ad5ab62d-04c6-40f3-af6f-ff4bbd5c40d8","local_time":"20201210024745","is_ascension_mode":true,"campfire_choices":[],"neow_cost":"NONE","seed_source_timestamp":109538371266900,"circlet_count":0,"master_deck":["Strike_R","Strike_R","Strike_R","Strike_R+1","Strike_R","Defend_R","Defend_R","Defend_R","Defend_R+1","Bash","Thunderclap","Twin Strike","Reaper","Doubt","Hemokinesis"],"special_seed":0,"relics":["Burning Blood","NeowsBlessing","Frozen Egg 2","Nunchaku","Self Forming Clay","Art of War"],"potions_floor_usage":[10],"damage_taken":[{"damage":0,"enemies":"Cultist","floor":1,"turns":1},{"damage":0,"enemies":"Jaw Worm","floor":4,"turns":1},{"damage":0,"enemies":"Gremlin Nob","floor":6,"turns":1},{"damage":61,"enemies":"Lagavulin","floor":8,"turns":8},{"damage":31,"enemies":"3 Sentries","floor":10,"turns":6}],"seed_played":"6963120990106027725","potions_obtained":[{"floor":4,"key":"ElixirPotion"},{"floor":6,"key":"DuplicationPotion"}],"is_trial":false,"path_per_floor":["M","?","T","M","?","E","?","E","T","E"],"character_chosen":"IRONCLAD","items_purchased":[],"campfire_rested":0,"item_purchase_floors":[],"current_hp_per_floor":[80,80,80,80,64,70,70,15,15,8,8],"gold":404,"neow_bonus":"THREE_ENEMY_KILL","is_prod":false,"is_daily":false,"chose_seed":false,"campfire_upgraded":0,"win_rate":0,"timestamp":1607568465,"path_taken":["M","?","?","M","?","E","?","E","T","E"],"build_version":"2020-11-30","purchased_purges":0,"victory":false,"max_hp_per_floor":[80,80,80,80,80,80,80,80,80,80,80],"card_choices":[{"not_picked":["Anger","Warcry"],"picked":"Thunderclap","floor":1},{"not_picked":["Wild Strike","Seeing Red"],"picked":"Twin Strike","floor":4},{"not_picked":["Sword Boomerang","Wild Strike"],"picked":"Reaper","floor":6},{"not_picked":["Cleave","Bludgeon"],"picked":"Hemokinesis","floor":8}],"player_experience":194667,"relics_obtained":[{"floor":3,"key":"Frozen Egg 2"},{"floor":6,"key":"Nunchaku"},{"floor":8,"key":"Self Forming Clay"},{"floor":9,"key":"Art of War"}],"event_choices":[{"damage_healed":0,"gold_gain":0,"player_choice":"Leave","damage_taken":0,"max_hp_gain":0,"max_hp_loss":0,"event_name":"The Cleric","floor":2,"gold_loss":0},{"damage_healed":0,"gold_gain":0,"player_choice":"Entered Light","damage_taken":16,"max_hp_gain":0,"max_hp_loss":0,"event_name":"Shining Light","floor":5,"gold_loss":0,"cards_upgraded":["Defend_R","Strike_R"]},{"damage_healed":0,"gold_gain":175,"player_choice":"AGREE","damage_taken":0,"max_hp_gain":0,"max_hp_loss":0,"event_name":"Liars Game","floor":7,"gold_loss":0,"cards_obtained":["Doubt"]}],"is_beta":false,"boss_relics":[],"items_purged_floors":[],"is_endless":false,"potions_floor_spawned":[4,6],"killed_by":"3 Sentries","ascension_level":3}}