{"host":"ygefd14btj4nx1b7","time":1607577555,"event":{"gold_per_floor":[114,114,128,128,148,148,168,168,195,195,195,225,32,97,109,226,238,269,301,20,20,20,149,149,149,149],"floor_reached":25,"playtime":1681,"items_purged":[],"score":239,"play_id":"62cc009e-2adb-4a95-8199-42c4e3438779","local_time":"20201209231915","is_ascension_mode":true,"campfire_choices":[{"data":"Well Laid Plans","floor":6,"key":"SMITH"},{"data":"Tactician","floor":8,"key":"SMITH"},{"data":"Caltrops","floor":15,"key":"SMITH"},{"data":"Accuracy","floor":24,"key":"SMITH"}],"neow_cost":"NONE","seed_source_timestamp":35618024388200,"circlet_count":0,"master_deck":["Strike_G","Strike_G","Strike_G","Strike_G","Strike_G","Defend_G","Defend_G","Defend_G","Defend_G","Defend_G","Survivor+1","Neutralize","Calculated Gamble","Backflip","Well Laid Plans+1","Tactician+1","Slice","Caltrops+1","hubris:Sniper","Noxious Fumes","Storm of Steel+1","Accuracy+1","Toxin Wave","PiercingWail","Blade Dance"],"relics":["Ring of the Snake","hubris:Icosahedron","Akabeko","Garlic","MawBank","hubris:TerracottaHorce","Paper Crane","Potion Belt"],"potions_floor_usage":[16,16,16,23],"damage_taken":[{"damage":1,"enemies":"2 Louse","floor":1,"turns":3},{"damage":14,"enemies":"Small Slimes","floor":3,"turns":5},{"damage":0,"enemies":"Jaw Worm","floor":5,"turns":4},{"damage":1,"enemies":"2 Fungi Beasts","floor":7,"turns":4},{"damage":26,"enemies":"3 Sentries","floor":12,"turns":15},{"damage":3,"enemies":"Gremlin Nob","floor":14,"turns":4},{"damage":27,"enemies":"Fading Forest","floor":16,"turns":11},{"damage":10,"enemies":"Spheric Guardian","floor":18,"turns":4},{"damage":0,"enemies":"3 Byrds","floor":19,"turns":1},{"damage":27,"enemies":"Slavers","floor":23,"turns":6},{"damage":33,"enemies":"Shelled Parasite and Fungi","floor":25,"turns":3}],"seed_played":"-2338057789761426354","potions_obtained":[{"floor":1,"key":"SkillPotion"},{"floor":7,"key":"Toxic Potion"},{"floor":12,"key":"SkillPotion"},{"floor":16,"key":"Elixir"},{"floor":18,"key":"SpeedPotion"},{"floor":19,"key":"Block Potion"}],"is_trial":false,"path_per_floor":["M","?","M","?","M","R","M","R","T","?","?","E","$","?","R","B",null,"M","M","$","?","?","E","R","M"],"character_chosen":"THE_SILENT","items_purchased":["Caltrops","hubris:Sniper","Paper Crane","PiercingWail"],"campfire_rested":0,"item_purchase_floors":[13,13,20,20],"current_hp_per_floor":[76,76,62,62,62,62,61,61,61,66,66,40,40,37,37,10,64,54,54,54,54,54,27,27,0,0],"gold":149,"neow_bonus":"TEN_PERCENT_HP_BONUS","is_prod":false,"is_daily":false,"chose_seed":false,"campfire_upgraded":4,"win_rate":0,"timestamp":1607577555,"path_taken":["M","?","M","?","M","R","M","R","T","?","?","E","?","?","R","BOSS","M","M","$","?","?","E","R","M"],"build_version":"2020-11-30","purchased_purges":0,"victory":false,"max_hp_per_floor":[77,77,77,77,77,77,77,77,77,82,82,82,82,82,82,82,82,82,82,82,82,82,82,82,82,82],"card_choices":[{"not_picked":["Catalyst","hubris:SlightOfHand"],"picked":"Calculated Gamble","floor":1},{"not_picked":["Deflect","Leg Sweep"],"picked":"Backflip","floor":3},{"not_picked":["Calculated Gamble","Blade Dance"],"picked":"Well Laid Plans","floor":5},{"not_picked":["Draining Mist","Dodge and Roll"],"picked":"Tactician","floor":7},{"not_picked":["Sneak Up","Hidden Blade"],"picked":"Slice","floor":12},{"not_picked":["Backflip","Blur"],"picked":"Noxious Fumes","floor":14},{"not_picked":["A Thousand Cuts","Grand Finale"],"picked":"Storm of Steel","floor":16},{"not_picked":["Bane+1","Underhanded Strike+1"],"picked":"Accuracy","floor":18},{"not_picked":["Deflect","Acrobatics"],"picked":"Toxin Wave","floor":19},{"not_picked":["ReplayTheSpireMod:Tripwire","Toxin Wave+1"],"picked":"Blade Dance","floor":23}],"player_experience":414711,"relics_obtained":[{"floor":9,"key":"Akabeko"},{"floor":12,"key":"Garlic"},{"floor":14,"key":"MawBank"},{"floor":23,"key":"Potion Belt"}],"event_choices":[{"damage_healed":0,"gold_gain":0,"player_choice":"Grow","damage_taken":0,"max_hp_gain":0,"max_hp_loss":0,"event_name":"Living Wall","floor":4,"gold_loss":0,"cards_upgraded":["Survivor"]},{"damage_healed":0,"gold_gain":0,"player_choice":"Donut","damage_taken":0,"max_hp_gain":5,"max_hp_loss":0,"event_name":"Big Fish","floor":10,"gold_loss":0},{"damage_healed":0,"gold_gain":0,"player_choice":"Searched \u00271\u0027 times","damage_taken":0,"max_hp_gain":0,"max_hp_loss":0,"event_name":"Dead Adventurer","floor":14,"gold_loss":0}],"is_beta":false,"boss_relics":[{"not_picked":["Replay:Wanted Poster","Replay:Grab Bag"],"picked":"hubris:TerracottaHorce"}],"items_purged_floors":[],"is_endless":false,"potions_floor_spawned":[1,7,12,16,18,19],"killed_by":"Shelled Parasite and Fungi","ascension_level":2}}