{"host":"y89x8uui45kcjy42","time":1607583190,"event":{"gold_per_floor":[118,129,149,167,182,182,213,70,118,118,133,167,187,213,213,308,308,321,332,342,355,370,370,370],"floor_reached":23,"playtime":1351,"items_purged":["HollowMod:NailStrikeStart"],"score":230,"play_id":"49335baf-e08b-4204-8c2e-49dacd0a3953","local_time":"20201210155310","is_ascension_mode":true,"campfire_choices":[{"data":"HollowMod:HuntersJournal","floor":6,"key":"SMITH"},{"data":"HollowMod:FocusHealStart","floor":15,"key":"SMITH"}],"neow_cost":"NONE","seed_source_timestamp":6413959643200,"circlet_count":0,"master_deck":["HollowMod:NailStrikeStart","HollowMod:NailStrikeStart","HollowMod:NailStrikeStart","HollowMod:QuickDashStart","HollowMod:QuickDashStart","HollowMod:QuickDashStart","HollowMod:QuickDashStart","HollowMod:FocusHealStart+1","HollowMod:PogoStrike","HollowMod:VengefulVoid","HollowMod:HuntersJournal+1","HollowMod:ZotesMagnificence","HollowMod:VoidDash+1","HollowMod:ShadowDash+1","HollowMod:SharpenedShadows","HollowMod:MonarchWings+1","HollowMod:Hiveblood+1","HollowMod:SoulMaster"],"relics":["HollowMod:VesselMask","Orichalcum","Toxic Egg 2","Omamori","White Beast Statue","Dream Catcher","Oddly Smooth Stone","Coffee Dripper"],"potions_floor_usage":[7,16,16,16,21,23,23,23],"damage_taken":[{"damage":0,"enemies":"Cultist","floor":1,"turns":3},{"damage":8,"enemies":"Jaw Worm","floor":2,"turns":3},{"damage":0,"enemies":"2 Louse","floor":3,"turns":2},{"damage":0,"enemies":"Large Slime","floor":4,"turns":5},{"damage":7,"enemies":"2 Fungi Beasts","floor":5,"turns":3},{"damage":12,"enemies":"Gremlin Nob","floor":7,"turns":4},{"damage":2,"enemies":"Blue Slaver","floor":11,"turns":2},{"damage":9,"enemies":"3 Sentries","floor":12,"turns":8},{"damage":1,"enemies":"Exordium Wildlife","floor":13,"turns":4},{"damage":13,"enemies":"Gremlin Nob","floor":14,"turns":4},{"damage":80,"enemies":"Slime Boss","floor":16,"turns":15},{"damage":25,"enemies":"Shell Parasite","floor":18,"turns":6},{"damage":11,"enemies":"Spheric Guardian","floor":19,"turns":4},{"damage":23,"enemies":"Centurion and Healer","floor":20,"turns":9},{"damage":39,"enemies":"Shelled Parasite and Fungi","floor":21,"turns":6},{"damage":26,"enemies":"3 Cultists","floor":22,"turns":6},{"damage":116,"enemies":"Gremlin Leader","floor":23,"turns":11}],"seed_played":"-2599980104286199236","potions_obtained":[{"floor":4,"key":"SneckoOil"},{"floor":5,"key":"Swift Potion"},{"floor":7,"key":"AttackPotion"},{"floor":11,"key":"SkillPotion"},{"floor":12,"key":"BlessingOfTheForge"},{"floor":13,"key":"Strength Potion"},{"floor":14,"key":"EntropicBrew"},{"floor":16,"key":"Dexterity Potion"},{"floor":18,"key":"PowerPotion"},{"floor":21,"key":"DuplicationPotion"}],"is_trial":false,"path_per_floor":["M","M","M","M","M","R","E","$","T","?","M","E","M","E","R","B",null,"M","M","M","M","M","E"],"character_chosen":"THE_BUGKNIGHT","items_purchased":["HollowMod:VoidDash+1"],"campfire_rested":0,"item_purchase_floors":[8],"current_hp_per_floor":[75,67,67,75,68,68,62,62,62,62,66,57,56,43,43,3,75,69,64,75,71,75,0,0],"gold":370,"neow_bonus":"RANDOM_COMMON_RELIC","is_prod":false,"is_daily":false,"chose_seed":false,"campfire_upgraded":2,"win_rate":0,"timestamp":1607583190,"path_taken":["M","M","M","M","?","R","E","?","T","?","M","E","M","E","R","BOSS","M","M","M","?","M","E"],"build_version":"2020-11-30","purchased_purges":1,"victory":false,"max_hp_per_floor":[75,75,75,75,75,75,75,75,75,75,75,75,75,75,75,75,75,75,75,75,75,75,75,75],"card_choices":[{"not_picked":["HollowMod:SoulStrike","HollowMod:NewLittleFool"],"picked":"HollowMod:VengefulVoid","floor":1},{"not_picked":["HollowMod:HowlingWraiths","HollowMod:MonarchWings","HollowMod:LifebloodCocoon"],"picked":"SKIP","floor":2},{"not_picked":["HollowMod:SharpenedNail","HollowMod:NewJinnsSoul","HollowMod:GreatSlash"],"picked":"SKIP","floor":3},{"not_picked":["HollowMod:NewLittleFool","HollowMod:WraithStrike"],"picked":"HollowMod:HuntersJournal","floor":4},{"not_picked":["HollowMod:VengefulVoid","HollowMod:GreatSlash","HollowMod:MawleksShell"],"picked":"SKIP","floor":5},{"not_picked":["HollowMod:NewLittleFool","HollowMod:ChannelNail+1"],"picked":"HollowMod:ZotesMagnificence","floor":7},{"not_picked":["HollowMod:SiblingsSouls+1","HollowMod:MantisMark+1"],"picked":"HollowMod:ShadowDash+1","floor":11},{"not_picked":["HollowMod:DungDefenderAura+1","HollowMod:SiblingsSouls+1"],"picked":"HollowMod:SharpenedShadows","floor":12},{"not_picked":["HollowMod:NewLittleFool","HollowMod:LifebloodCocoon+1"],"picked":"HollowMod:MonarchWings+1","floor":13},{"not_picked":["HollowMod:BaldurShell","HollowMod:DesolateDive"],"picked":"HollowMod:Hiveblood+1","floor":14},{"not_picked":["HollowMod:SlysStrikes","HollowMod:AwokenDreamNail"],"picked":"HollowMod:SoulMaster","floor":16},{"not_picked":["HollowMod:GreatSlash","HollowMod:PerfectDash+1","HollowMod:SiblingsSouls+1"],"picked":"SKIP","floor":18},{"not_picked":["HollowMod:RecoilStrike+1","HollowMod:InfectionAssault","HollowMod:MothsMistake+1"],"picked":"SKIP","floor":19},{"not_picked":["HollowMod:VengefulVoid","HollowMod:LifebloodCocoon+1","HollowMod:BaldurShell"],"picked":"SKIP","floor":20},{"not_picked":["HollowMod:SoulEater","HollowMod:CycloneSlash","HollowMod:HeavyBlow"],"picked":"SKIP","floor":21},{"not_picked":["HollowMod:GoodIntentions+1","HollowMod:ShadowDash+1","HollowMod:ShapeofUnn"],"picked":"SKIP","floor":22}],"player_experience":491627,"relics_obtained":[{"floor":7,"key":"Toxic Egg 2"},{"floor":9,"key":"Omamori"},{"floor":12,"key":"Dream Catcher"},{"floor":14,"key":"Oddly Smooth Stone"}],"event_choices":[{"damage_healed":0,"gold_gain":0,"player_choice":"Gave Potion","damage_taken":0,"relics_obtained":["White Beast Statue"],"max_hp_gain":0,"max_hp_loss":0,"event_name":"WeMeetAgain","floor":10,"gold_loss":0}],"is_beta":false,"boss_relics":[{"not_picked":["HollowMod:KingsSoulRelic","Ectoplasm","Fusion Hammer"]}],"items_purged_floors":[8],"is_endless":false,"potions_floor_spawned":[4,5,7,11,12,13,14,16,18,19,20,21,22],"killed_by":"Gremlin Leader","ascension_level":1}}