{"host":"9sljmwdfk42tzqyu","time":1607573474,"event":{"gold_per_floor":[114,289,239,164,211,211,224,224,224,224,243,262,262,272,272,377,377,377],"floor_reached":17,"playtime":599,"items_purged":["Defend_B"],"score":174,"play_id":"09ab993a-31c8-4e54-a3ec-90483ac4e15b","local_time":"20201209231114","is_ascension_mode":true,"campfire_choices":[{"data":"Bash","floor":6,"key":"SMITH"},{"data":"Fire Breathing","floor":8,"key":"SMITH"},{"floor":10,"key":"RECALL"},{"data":"Iron Wave","floor":13,"key":"SMITH"},{"data":"True Grit","floor":15,"key":"SMITH"}],"neow_cost":"BASIC_CARDS","seed_source_timestamp":23933360974600,"circlet_count":0,"master_deck":["Strike_R","Strike_R","Strike_R","Strike_R","Strike_R","Defend_R","Defend_R","Bash+1","Fire Breathing+1","Iron Wave+1","True Grit+1","Offering","hubris:ReadiedAction+1","Shockwave+1","Pummel+1"],"relics":["Burning Blood","hubris:CuriousFeather","Akabeko","Replay:Rubber Ducky","Astrolabe"],"potions_floor_usage":[],"damage_taken":[{"damage":0,"enemies":"2 Louse","floor":1,"turns":4},{"damage":2,"enemies":"Small Slimes","floor":7,"turns":4},{"damage":0,"enemies":"Jaw Worm","floor":11,"turns":3},{"damage":6,"enemies":"Exordium Thugs","floor":12,"turns":5},{"damage":6,"enemies":"Looter","floor":14,"turns":3},{"damage":13,"enemies":"Fading Forest","floor":16,"turns":11}],"seed_played":"7939512487126992205","potions_obtained":[{"floor":7,"key":"CultistPotion"},{"floor":11,"key":"ColorlessPotion"},{"floor":14,"key":"FearPotion"}],"is_trial":false,"path_per_floor":["M","?","?","$","T","R","M","R","T","R","M","M","R","M","R","B",null],"character_chosen":"IRONCLAD","items_purchased":[],"campfire_rested":0,"item_purchase_floors":[],"current_hp_per_floor":[80,80,80,80,80,80,80,80,80,80,80,80,80,80,80,80,80,80],"gold":377,"neow_bonus":"ONE_RARE_RELIC","is_prod":false,"is_daily":false,"chose_seed":false,"campfire_upgraded":4,"win_rate":0,"timestamp":1607573474,"path_taken":["M","?","?","$","?","R","M","R","T","R","?","M","R","M","R","BOSS"],"build_version":"2020-11-30","purchased_purges":1,"victory":false,"max_hp_per_floor":[80,80,80,80,80,80,80,80,80,80,80,80,80,80,80,80,80,80],"card_choices":[{"not_picked":["Wild Strike","Searing Blow","Shockwave"],"picked":"SKIP","floor":1},{"not_picked":["Flame Barrier","Hemokinesis"],"picked":"Fire Breathing","floor":7},{"not_picked":["Heavy Blade","Body Slam"],"picked":"Iron Wave","floor":11},{"not_picked":["Havoc","Rampage","Flex"],"picked":"SKIP","floor":12},{"not_picked":["Flex","Run Through"],"picked":"True Grit","floor":14},{"not_picked":["Eclipse","Limit Break"],"picked":"Offering","floor":16}],"player_experience":295003,"relics_obtained":[{"floor":5,"key":"Akabeko"},{"floor":9,"key":"Replay:Rubber Ducky"}],"event_choices":[{"damage_healed":0,"gold_gain":175,"player_choice":"AGREE","damage_taken":0,"max_hp_gain":0,"max_hp_loss":0,"event_name":"Liars Game","floor":2,"gold_loss":0,"cards_obtained":["Doubt"]},{"cards_removed":["Doubt"],"damage_healed":0,"gold_gain":0,"player_choice":"Card Removal","damage_taken":0,"max_hp_gain":0,"max_hp_loss":0,"event_name":"The Cleric","floor":3,"gold_loss":50}],"is_beta":false,"boss_relics":[{"not_picked":["Electric Blood","hubris:GrandSneckoEye"],"picked":"Astrolabe"}],"items_purged_floors":[4],"is_endless":false,"potions_floor_spawned":[7,11,14],"ascension_level":4}}