{"host":"mvlqq966zh3ccmv5","time":1607577855,"event":{"gold_per_floor":[116,116,38,38,56,56,72,72,95,105,130,130,165,180,180,180,180],"floor_reached":16,"playtime":267,"items_purged":[],"score":160,"play_id":"8ccbf5de-32af-4744-8a33-83d4abdbc7b2","local_time":"20201210142415","is_ascension_mode":true,"campfire_choices":[{"data":"Searing Blow","floor":6,"key":"SMITH"},{"data":"Searing Blow+1","floor":8,"key":"SMITH"},{"data":"Searing Blow+2","floor":12,"key":"SMITH"},{"floor":15,"key":"REST"}],"neow_cost":"NONE","seed_source_timestamp":501745535300,"circlet_count":0,"master_deck":["Strike_R","Strike_R","Strike_R","Strike_R","Strike_R","Defend_R","Defend_R","Defend_R","Defend_R","Bash","Rupture","Searing Blow+3","Warcry","Clothesline","Pommel Strike","Brutality","Headbutt"],"relics":["Burning Blood","NeowsBlessing","Blood Vial","Red Skull","Lantern"],"potions_floor_usage":[16],"damage_taken":[{"damage":0,"enemies":"Cultist","floor":1,"turns":1},{"damage":0,"enemies":"Small Slimes","floor":5,"turns":1},{"damage":0,"enemies":"2 Louse","floor":7,"turns":1},{"damage":8,"enemies":"Large Slime","floor":10,"turns":3},{"damage":55,"enemies":"Lagavulin","floor":11,"turns":6},{"damage":25,"enemies":"3 Sentries","floor":13,"turns":6},{"damage":11,"enemies":"Lots of Slimes","floor":14,"turns":4},{"damage":36,"enemies":"The Guardian","floor":16,"turns":5}],"seed_played":"-8064723303434825968","potions_obtained":[{"floor":7,"key":"GamblersBrew"},{"floor":10,"key":"SteroidPotion"},{"floor":14,"key":"Weak Potion"}],"is_trial":false,"path_per_floor":["M","$","$","?","M","R","M","R","T","M","E","R","E","M","R","B"],"character_chosen":"IRONCLAD","items_purchased":["Searing Blow"],"campfire_rested":1,"item_purchase_floors":[3],"current_hp_per_floor":[78,78,78,78,80,80,80,80,80,78,31,31,14,11,35,1,1],"gold":180,"neow_bonus":"THREE_ENEMY_KILL","is_prod":false,"is_daily":false,"chose_seed":false,"campfire_upgraded":3,"win_rate":0,"timestamp":1607577855,"path_taken":["M","?","$","?","M","R","M","R","T","M","E","R","E","M","R","BOSS"],"build_version":"2020-11-30","purchased_purges":0,"victory":false,"max_hp_per_floor":[80,80,80,80,80,80,80,80,80,80,80,80,80,80,80,80,80],"card_choices":[{"not_picked":["Wild Strike","Shockwave"],"picked":"Rupture","floor":1},{"not_picked":["Clash","Carnage"],"picked":"Warcry","floor":5},{"not_picked":["Wild Strike","Second Wind"],"picked":"Clothesline","floor":7},{"not_picked":["Thunderclap","Wild Strike"],"picked":"Pommel Strike","floor":10},{"not_picked":["Inflame","Body Slam","Iron Wave"],"picked":"SKIP","floor":11},{"not_picked":["Ghostly Armor","Pommel Strike"],"picked":"Brutality","floor":13},{"not_picked":["Cleave","Inflame"],"picked":"Headbutt","floor":14}],"player_experience":185452,"relics_obtained":[{"floor":9,"key":"Blood Vial"},{"floor":11,"key":"Red Skull"},{"floor":13,"key":"Lantern"}],"event_choices":[{"damage_healed":0,"gold_gain":0,"player_choice":"Leave","damage_taken":0,"max_hp_gain":0,"max_hp_loss":0,"event_name":"The Cleric","floor":4,"gold_loss":0}],"is_beta":false,"boss_relics":[],"items_purged_floors":[],"is_endless":false,"potions_floor_spawned":[7,10,14],"killed_by":"The Guardian","ascension_level":9}}