{"host":"b0dcklafnoly879c","time":1607612105,"event":{"gold_per_floor":[109,109,109,124,139,173,173,200,226,226,257,283,312,322,322,421,421,441,460,477,489,13,47,47,74,86,98,110,132,174,186,198,308,320,344,356,643,130,148,179,192,227,227,227,237,267,267,280,280,280],"floor_reached":51,"playtime":3790,"items_purged":["Shame"],"score":939,"play_id":"0b03c3ac-7899-4687-b9d5-f0e49fe86cff","local_time":"20201210235505","is_ascension_mode":true,"campfire_choices":[{"data":"hermit:Shortfuse","floor":10.0,"key":"SMITH"},{"data":"hermit:HighNoon","floor":15.0,"key":"SMITH"},{"data":"hermit:TakeCover","floor":24.0,"key":"SMITH"},{"data":"hermit:Reprieve","floor":28.0,"key":"SMITH"},{"floor":32.0,"key":"REST"},{"floor":49,"key":"REST"}],"neow_cost":"NONE","seed_source_timestamp":449648364947500,"circlet_count":0,"master_deck":["hermit:Strike_Hermit","hermit:Strike_Hermit","hermit:Strike_Hermit","hermit:Strike_Hermit+1","hermit:Defend_Hermit","hermit:Defend_Hermit","hermit:Defend_Hermit","hermit:Defend_Hermit","hermit:Snapshot","hermit:Covet","hermit:Deadeye+1","hermit:TakeCover+1","hermit:Shortfuse+1","hermit:BodyArmor","hermit:HighNoon+1","hermit:Determination","hermit:Enervate","hermit:Enervate","hermit:Reprieve+1","hermit:HighCaliber+1","hermit:FullyLoaded","hermit:Coalescence","Decay","hermit:HeroicBravado","hermit:BodyArmor+1","Madness","Madness","Regret","hermit:Dissolve","hermit:EyeOfTheStorm"],"special_seed":0,"relics":["hermit:DentedPlate","Regal Pillow","Toy Ornithopter","Blue Candle","Bag of Marbles","Bag of Preparation","Sundial","Odd Mushroom","Whetstone","Busted Crown","Nunchaku","Potion Belt","MealTicket","MawBank","Bronze Scales","Akabeko","HornCleat","SacredBark","PreservedInsect","Juzu Bracelet","Oddly Smooth Stone","Blood Vial","Orichalcum"],"potions_floor_usage":[46,46,50],"damage_taken":[{"damage":6.0,"enemies":"2 Louse","floor":1.0,"turns":2.0},{"damage":0.0,"enemies":"Small Slimes","floor":4.0,"turns":4.0},{"damage":3.0,"enemies":"Jaw Worm","floor":5.0,"turns":3.0},{"damage":17.0,"enemies":"Gremlin Nob","floor":6.0,"turns":4.0},{"damage":21.0,"enemies":"3 Sentries","floor":8.0,"turns":8.0},{"damage":2.0,"enemies":"Gremlin Nob","floor":11.0,"turns":3.0},{"damage":6.0,"enemies":"The Mushroom Lair","floor":12.0,"turns":3.0},{"damage":11.0,"enemies":"3 Sentries","floor":13.0,"turns":8.0},{"damage":0.0,"enemies":"Blue Slaver","floor":14.0,"turns":2.0},{"damage":1.0,"enemies":"Slime Boss","floor":16.0,"turns":7.0},{"damage":17.0,"enemies":"2 Thieves","floor":18.0,"turns":4.0},{"damage":5.0,"enemies":"Spheric Guardian","floor":19.0,"turns":4.0},{"damage":0.0,"enemies":"Snecko","floor":20.0,"turns":4.0},{"damage":13.0,"enemies":"Cultist and Chosen","floor":21.0,"turns":6.0},{"damage":15.0,"enemies":"Book of Stabbing","floor":23.0,"turns":5.0},{"damage":3.0,"enemies":"Slavers","floor":25.0,"turns":4.0},{"damage":1.0,"enemies":"Sentry and Sphere","floor":29.0,"turns":3.0},{"damage":19.0,"enemies":"Gremlin Leader","floor":30.0,"turns":4.0},{"damage":8.0,"enemies":"Collector","floor":33.0,"turns":7.0},{"damage":11.0,"enemies":"3 Darklings","floor":35.0,"turns":5.0},{"damage":9.0,"enemies":"3 Shapes","floor":39.0,"turns":5.0},{"damage":33.0,"enemies":"Nemesis","floor":40.0,"turns":7.0},{"damage":5.0,"enemies":"3 Darklings","floor":41.0,"turns":7.0},{"damage":26.0,"enemies":"Reptomancer","floor":42.0,"turns":6.0},{"damage":8,"enemies":"Maw","floor":45,"turns":8},{"damage":28,"enemies":"Nemesis","floor":46,"turns":7},{"damage":12,"enemies":"4 Shapes","floor":48,"turns":7},{"damage":36,"enemies":"Awakened One","floor":50,"turns":12}],"seed_played":"-2416699637471478356","potions_obtained":[{"floor":1.0,"key":"hermit:Tonic"},{"floor":6.0,"key":"hermit:Tonic"},{"floor":8.0,"key":"ColorlessPotion"},{"floor":13.0,"key":"ColorlessPotion"},{"floor":14.0,"key":"Regen Potion"},{"floor":18.0,"key":"Swift Potion"},{"floor":23.0,"key":"EntropicBrew"},{"floor":25.0,"key":"hermit:Tonic"},{"floor":29.0,"key":"Strength Potion"},{"floor":30.0,"key":"AttackPotion"},{"floor":39.0,"key":"AttackPotion"},{"floor":40.0,"key":"FairyPotion"},{"floor":46,"key":"Regen Potion"}],"is_trial":false,"path_per_floor":["M","?","?","M","M","E","?","E","T","R","E","?","E","M","R","B",null,"M","M","M","M","$","E","R","E","T","?","R","M","E","?","R","B",null,"M","?","?","$","M","E","M","E","T","?","M","E","?","M","R","B",null],"character_chosen":"HERMIT","items_purchased":["Nunchaku","Potion Belt","hermit:FullyLoaded","EntropicBrew","PreservedInsect","hermit:Dissolve","Juzu Bracelet"],"campfire_rested":2,"item_purchase_floors":[22,22,22,22,38,38,38],"current_hp_per_floor":[101,101,98,98,95,78,78,57,57,57,60,59,48,48,48,67,67,55,50,50,42,42,47,47,49,49,49,49,52,51,51,98,99,99,97,84,84,99,98,70,73,64,64,64,66,58,58,48,95,76],"gold":280,"neow_bonus":"BOSS_RELIC","is_prod":false,"is_daily":false,"chose_seed":false,"campfire_upgraded":4,"win_rate":0,"timestamp":1607612105,"path_taken":["M","?","?","M","M","E","?","E","T","R","E","?","E","M","R","BOSS","M","M","M","M","$","E","R","E","T","?","R","M","E","?","R","BOSS","M","?","?","$","M","E","M","E","T","?","M","E","?","M","R","BOSS"],"build_version":"2020-11-30","purchased_purges":1,"victory":true,"max_hp_per_floor":[107,107,107,107,107,107,107,107,107,107,107,107,107,107,107,107,107,107,107,107,107,107,107,107,107,107,107,107,107,107,107,107,107,107,107,107,107,107,107,107,107,107,107,107,107,107,107,107,107,107],"card_choices":[{"not_picked":["hermit:Snipe","hermit:Manifest"],"picked":"hermit:Deadeye","floor":1.0},{"not_picked":["hermit:Feint","hermit:Brawl","hermit:FlashPowder"],"picked":"SKIP","floor":4.0},{"not_picked":["hermit:Manifest","hermit:Vantage"],"picked":"hermit:TakeCover","floor":5.0},{"not_picked":["hermit:Manifest","hermit:Coalescence"],"picked":"hermit:Shortfuse","floor":6.0},{"not_picked":["hermit:FlashPowder","hermit:Manifest"],"picked":"hermit:BodyArmor","floor":8.0},{"not_picked":["hermit:Manifest","hermit:CursedWeapon"],"picked":"hermit:HighNoon","floor":11.0},{"not_picked":["hermit:PistolWhip","hermit:WideOpen"],"picked":"hermit:Determination","floor":12.0},{"not_picked":["hermit:Desperado","hermit:Brawl"],"picked":"hermit:Enervate","floor":13.0},{"not_picked":["hermit:Desperado","hermit:SprayPray"],"picked":"hermit:Enervate","floor":14.0},{"not_picked":["hermit:Purgatory","hermit:Adapt"],"picked":"hermit:Reprieve","floor":16.0},{"not_picked":["hermit:Desperado"],"picked":"SKIP","floor":18.0},{"not_picked":["hermit:Horror+1"],"picked":"SKIP","floor":19.0},{"not_picked":["hermit:Headshot"],"picked":"SKIP","floor":20.0},{"not_picked":[],"picked":"hermit:HighCaliber+1","floor":21.0},{"not_picked":[],"picked":"hermit:Coalescence","floor":23.0},{"not_picked":["hermit:WideOpen"],"picked":"SKIP","floor":25.0},{"not_picked":["hermit:Combo"],"picked":"SKIP","floor":29.0},{"not_picked":["hermit:Desperado+1"],"picked":"SKIP","floor":30.0},{"not_picked":[],"picked":"hermit:HeroicBravado","floor":33.0},{"not_picked":[],"picked":"hermit:BodyArmor+1","floor":35.0},{"not_picked":["hermit:HoleUp+1"],"picked":"SKIP","floor":39.0},{"not_picked":["hermit:Grudge+1"],"picked":"SKIP","floor":40.0},{"not_picked":["hermit:Roulette+1"],"picked":"SKIP","floor":41.0},{"not_picked":[],"picked":"hermit:EyeOfTheStorm","floor":42.0},{"not_picked":["hermit:Horror+1"],"picked":"SKIP","floor":45},{"not_picked":["hermit:Ricochet"],"picked":"SKIP","floor":46},{"not_picked":["hermit:Glare+1"],"picked":"SKIP","floor":48}],"player_experience":275305,"relics_obtained":[{"floor":6.0,"key":"Toy Ornithopter"},{"floor":8.0,"key":"Bag of Marbles"},{"floor":9.0,"key":"Bag of Preparation"},{"floor":11.0,"key":"Sundial"},{"floor":12.0,"key":"Odd Mushroom"},{"floor":13.0,"key":"Whetstone"},{"floor":23.0,"key":"MealTicket"},{"floor":25.0,"key":"MawBank"},{"floor":26.0,"key":"Bronze Scales"},{"floor":30.0,"key":"HornCleat"},{"floor":40.0,"key":"Oddly Smooth Stone"},{"floor":42.0,"key":"Blood Vial"},{"floor":46,"key":"Orichalcum"}],"event_choices":[{"damage_healed":0.0,"max_hp_gain":0.0,"max_hp_loss":0.0,"gold_gain":0.0,"event_name":"The Cleric","player_choice":"Leave","floor":2.0,"gold_loss":0.0,"damage_taken":0.0},{"damage_healed":0.0,"max_hp_gain":0.0,"max_hp_loss":0.0,"gold_gain":0.0,"event_name":"Scrap Ooze","player_choice":"Success","floor":3.0,"gold_loss":0.0,"damage_taken":3.0,"relics_obtained":["Regal Pillow"]},{"damage_healed":0.0,"max_hp_gain":0.0,"max_hp_loss":0.0,"gold_gain":0.0,"event_name":"Big Fish","player_choice":"Box","floor":7.0,"gold_loss":0.0,"damage_taken":0.0,"relics_obtained":["Blue Candle"],"cards_obtained":["Regret"]},{"damage_healed":0.0,"max_hp_gain":0.0,"max_hp_loss":0.0,"gold_gain":0.0,"event_name":"Mushrooms","player_choice":"Fought Mushrooms","floor":12.0,"gold_loss":0.0,"damage_taken":0.0},{"damage_healed":0.0,"max_hp_gain":0.0,"max_hp_loss":0.0,"gold_gain":0.0,"event_name":"Addict","player_choice":"Stole Relic","floor":27.0,"gold_loss":0.0,"damage_taken":0.0,"relics_obtained":["Akabeko"],"cards_obtained":["Shame"]},{"damage_healed":0.0,"max_hp_gain":0.0,"max_hp_loss":0.0,"gold_gain":0.0,"event_name":"Forgotten Altar","player_choice":"Smashed Altar","floor":31.0,"gold_loss":0.0,"damage_taken":0.0,"cards_obtained":["Decay"]},{"damage_healed":0.0,"max_hp_gain":0.0,"max_hp_loss":0.0,"gold_gain":0.0,"event_name":"Winding Halls","player_choice":"Embrace Madness","floor":36.0,"gold_loss":0.0,"damage_taken":13.0,"cards_obtained":["Madness","Madness"]},{"damage_healed":0.0,"max_hp_gain":0.0,"max_hp_loss":0.0,"gold_gain":275.0,"event_name":"Golden Shrine","player_choice":"Desecrate","floor":37.0,"gold_loss":0.0,"damage_taken":0.0,"cards_obtained":["Regret"]},{"damage_healed":0,"gold_gain":0,"player_choice":"Ignored","damage_taken":0,"max_hp_gain":0,"max_hp_loss":0,"event_name":"Purifier","floor":44,"gold_loss":0},{"cards_removed":["Regret"],"damage_healed":0,"gold_gain":0,"player_choice":"Card Removal","damage_taken":0,"max_hp_gain":0,"max_hp_loss":0,"event_name":"Wheel of Change","floor":47,"gold_loss":0}],"is_beta":false,"boss_relics":[{"not_picked":["Philosopher\u0027s Stone","Coffee Dripper"],"picked":"Busted Crown"},{"not_picked":["Tiny House","Snecko Eye"],"picked":"SacredBark"}],"items_purged_floors":[38],"is_endless":false,"potions_floor_spawned":[1,6,8,13,14,18,23,25,29,30,39,40,46],"ascension_level":1}}