{"host":"2hea6pl5vmah38iy","time":1607586249,"event":{"gold_per_floor":[109,123,123,1,1,28,28,105,129,129,14,27,48,82,82,207,207,226,226,239,254,269,302,302,346,346,364,364,264,264,277,277,405,405,420,440,35,48,381,411,411,490,490,558,558,588,7,47,47,47,47,47,47,72,72,72],"floor_reached":55,"playtime":3998,"items_purged":["Defend_P","Pain","Vigilance+1","Eruption"],"score":1593,"play_id":"a605283c-fde0-4591-8b1d-a557f42a1ee7","local_time":"20201210164409","is_ascension_mode":true,"campfire_choices":[{"data":"Prostrate","floor":7.0,"key":"SMITH"},{"data":"Worship","floor":15.0,"key":"SMITH"},{"floor":24.0,"key":"REST"},{"floor":28.0,"key":"REST"},{"data":"BattleHymn","floor":30.0,"key":"SMITH"},{"data":"SpiritShield","floor":32.0,"key":"SMITH"},{"floor":45.0,"key":"RECALL"},{"floor":49.0,"key":"REST"},{"data":"Wish","floor":52.0,"key":"SMITH"}],"neow_cost":"NONE","seed_source_timestamp":19830469295100,"circlet_count":0,"master_deck":["AscendersBane","Evaluate","Prostrate+1","WaveOfTheHand","BattleHymn","Evaluate","Pray","Worship+1","Prostrate+1","Omniscience","Devotion","SpiritShield+1","Devotion","BattleHymn+1","DeusExMachina","BowlingBash","SandsOfTime+1","Vault","Sanctity","Omniscience","MasterReality","Wish+1","SashWhip","CrushJoints","Study"],"special_seed":0,"relics":["HolyWater","NeowsBlessing","Damaru","Kunai","Oddly Smooth Stone","War Paint","Pandora\u0027s Box","WarpedTongs","Regal Pillow","Gremlin Horn","Letter Opener","DollysMirror","Blood Vial","Pantograph","Akabeko","Incense Burner","Boot"],"potions_floor_usage":[55,55],"damage_taken":[{"damage":0.0,"enemies":"Small Slimes","floor":1.0,"turns":1.0},{"damage":0.0,"enemies":"2 Louse","floor":2.0,"turns":2.0},{"damage":0.0,"enemies":"Gremlin Nob","floor":6.0,"turns":1.0},{"damage":0.0,"enemies":"Jaw Worm","floor":12.0,"turns":3.0},{"damage":0.0,"enemies":"3 Louse","floor":13.0,"turns":2.0},{"damage":0.0,"enemies":"Lagavulin","floor":14.0,"turns":3.0},{"damage":0.0,"enemies":"Slime Boss","floor":16.0,"turns":4.0},{"damage":10.0,"enemies":"2 Thieves","floor":18.0,"turns":3.0},{"damage":38.0,"enemies":"3 Byrds","floor":20.0,"turns":4.0},{"damage":3.0,"enemies":"Centurion and Healer","floor":21.0,"turns":3.0},{"damage":0.0,"enemies":"Snecko","floor":22.0,"turns":3.0},{"damage":6.0,"enemies":"Book of Stabbing","floor":23.0,"turns":4.0},{"damage":25.0,"enemies":"Gremlin Leader","floor":25.0,"turns":4.0},{"damage":2.0,"enemies":"Chosen and Byrds","floor":27.0,"turns":6.0},{"damage":11.0,"enemies":"Snake Plant","floor":31.0,"turns":2.0},{"damage":0.0,"enemies":"Automaton","floor":33.0,"turns":6.0},{"damage":0.0,"enemies":"3 Darklings","floor":35.0,"turns":3.0},{"damage":12.0,"enemies":"3 Shapes","floor":36.0,"turns":2.0},{"damage":6.0,"enemies":"3 Darklings","floor":38.0,"turns":4.0},{"damage":0.0,"enemies":"Nemesis","floor":40.0,"turns":4.0},{"damage":11.0,"enemies":"Reptomancer","floor":42.0,"turns":3.0},{"damage":10.0,"enemies":"Spire Growth","floor":44.0,"turns":3.0},{"damage":22.0,"enemies":"Nemesis","floor":46.0,"turns":4.0},{"damage":20.0,"enemies":"4 Shapes","floor":48.0,"turns":3.0},{"damage":17.0,"enemies":"Donu and Deca","floor":50.0,"turns":7.0},{"damage":0.0,"enemies":"Shield and Spear","floor":54.0,"turns":7.0},{"damage":76,"enemies":"The Heart","floor":55,"turns":5}],"seed_played":"-3109947164303512485","potions_obtained":[{"floor":1.0,"key":"DuplicationPotion"},{"floor":16.0,"key":"Fruit Juice"},{"floor":20.0,"key":"Energy Potion"},{"floor":23.0,"key":"ColorlessPotion"},{"floor":25.0,"key":"SteroidPotion"},{"floor":31.0,"key":"ColorlessPotion"},{"floor":33.0,"key":"FairyPotion"},{"floor":48.0,"key":"Block Potion"}],"is_trial":false,"path_per_floor":["M","M","?","$","?","E","R","T","T","?","$","M","M","E","R","B",null,"M","?","M","M","M","E","R","E","T","M","R","$","R","M","R","B",null,"M","M","$","M","?","E","$","E","T","M","R","E","$","M","R","B",null,"R","$","E","B"],"character_chosen":"WATCHER","items_purchased":["BattleHymn","Evaluate","Worship","DollysMirror","MasterReality","Incense Burner","CultistPotion","SashWhip"],"campfire_rested":3,"item_purchase_floors":[4,4,11,37,37,47,47,47],"current_hp_per_floor":[65,65,65,65,58,58,58,58,58,40,40,40,40,40,40,40,64,54,54,21,18,18,12,50,25,25,23,61,61,61,50,50,50,70,70,58,58,52,52,52,52,43,43,35,35,15,15,23,61,60,73,73,73,75,1,1],"gold":72,"neow_bonus":"THREE_ENEMY_KILL","is_prod":false,"is_daily":false,"chose_seed":false,"campfire_upgraded":5,"win_rate":0,"timestamp":1607586249,"path_taken":["M","M","?","$","?","E","R","?","T","?","$","?","M","E","R","BOSS","M","?","M","?","M","E","R","E","T","M","R","$","R","M","R","BOSS","M","M","$","M","?","E","?","E","T","M","R","E","$","M","R","BOSS","R","$","E","BOSS"],"build_version":"2020-11-30","purchased_purges":4,"victory":false,"max_hp_per_floor":[72,72,72,72,72,72,72,72,72,72,72,72,72,72,72,72,72,72,72,77,77,77,77,77,77,77,77,77,77,77,77,77,77,77,77,77,77,77,77,77,77,77,77,77,77,77,77,77,77,77,77,77,77,77,77,77],"card_choices":[{"not_picked":["BowlingBash","ReachHeaven"],"picked":"Evaluate","floor":1.0},{"not_picked":["WaveOfTheHand","ClearTheMind"],"picked":"Prostrate","floor":2.0},{"not_picked":["Fasting2","BowlingBash"],"picked":"Pray","floor":6.0},{"not_picked":["FlurryOfBlows","Crescendo"],"picked":"Prostrate","floor":12.0},{"not_picked":["Conclude","BowlingBash","Crescendo"],"picked":"SKIP","floor":13.0},{"not_picked":["EmptyMind","ReachHeaven"],"picked":"Omniscience","floor":14.0},{"not_picked":["Establishment","Blasphemy"],"picked":"Devotion","floor":16.0},{"not_picked":["JustLucky","SashWhip","Worship"],"picked":"SKIP","floor":18.0},{"not_picked":["EmptyBody","Nirvana","CutThroughFate"],"picked":"SKIP","floor":20.0},{"not_picked":["Indignation","WaveOfTheHand+1","BattleHymn"],"picked":"SKIP","floor":21.0},{"not_picked":["EmptyFist","MentalFortress","EmptyBody"],"picked":"SKIP","floor":22.0},{"not_picked":["ForeignInfluence","SignatureMove"],"picked":"SandsOfTime+1","floor":23.0},{"not_picked":["ThirdEye","Consecrate","Indignation"],"picked":"SKIP","floor":25.0},{"not_picked":["EmptyFist","EmptyBody","DeusExMachina"],"picked":"SKIP","floor":27.0},{"not_picked":["JustLucky","Fasting2","FlyingSleeves"],"picked":"SKIP","floor":31.0},{"not_picked":["LessonLearned","Scrawl"],"picked":"Vault","floor":33.0},{"not_picked":["Crescendo","FlurryOfBlows","BowlingBash+1"],"picked":"SKIP","floor":35.0},{"not_picked":["ClearTheMind","ThirdEye"],"picked":"Sanctity","floor":36.0},{"not_picked":["ThirdEye","EmptyFist","CutThroughFate+1"],"picked":"SKIP","floor":38.0},{"not_picked":["FlurryOfBlows","PathToVictory"],"picked":"Wish","floor":40.0},{"not_picked":["Adaptation+1","FearNoEvil","Prostrate"],"picked":"SKIP","floor":42.0},{"not_picked":["Crescendo","Nirvana","Prostrate+1"],"picked":"SKIP","floor":44.0},{"not_picked":["BowlingBash","MentalFortress+1","CutThroughFate"],"picked":"SKIP","floor":46.0},{"not_picked":["ClearTheMind","CarveReality"],"picked":"CrushJoints","floor":48.0},{"not_picked":["MentalFortress+1","ClearTheMind+1"],"picked":"Study","floor":54.0}],"player_experience":391428,"relics_obtained":[{"floor":6.0,"key":"Damaru"},{"floor":8.0,"key":"Kunai"},{"floor":9.0,"key":"Oddly Smooth Stone"},{"floor":14.0,"key":"War Paint"},{"floor":23.0,"key":"Regal Pillow"},{"floor":25.0,"key":"Gremlin Horn"},{"floor":26.0,"key":"Letter Opener"},{"floor":40.0,"key":"Blood Vial"},{"floor":42.0,"key":"Pantograph"},{"floor":46.0,"key":"Akabeko"},{"floor":54.0,"key":"Boot"}],"event_choices":[{"damage_healed":0.0,"max_hp_gain":0.0,"max_hp_loss":0.0,"gold_gain":0.0,"cards_transformed":["Defend_P"],"event_name":"Living Wall","player_choice":"Change","floor":3.0,"gold_loss":0.0,"damage_taken":0.0,"cards_obtained":["WaveOfTheHand"]},{"cards_removed":["Defend_P"],"damage_healed":0.0,"max_hp_gain":0.0,"max_hp_loss":0.0,"gold_gain":0.0,"event_name":"Golden Wing","player_choice":"Card Removal","floor":5.0,"gold_loss":0.0,"damage_taken":7.0},{"damage_healed":0.0,"max_hp_gain":0.0,"max_hp_loss":0.0,"gold_gain":0.0,"event_name":"Golden Idol","player_choice":"Take Damage","floor":10.0,"gold_loss":0.0,"damage_taken":18.0,"relics_obtained":["Golden Idol"]},{"damage_healed":0.0,"max_hp_gain":0.0,"max_hp_loss":0.0,"gold_gain":0.0,"event_name":"Accursed Blacksmith","player_choice":"Rummage","floor":19.0,"gold_loss":0.0,"damage_taken":0.0,"relics_obtained":["WarpedTongs"],"cards_obtained":["Pain"]},{"damage_healed":0.0,"max_hp_gain":0.0,"max_hp_loss":0.0,"gold_gain":333.0,"event_name":"The Moai Head","player_choice":"Gave Idol","floor":39.0,"relics_lost":["Golden Idol"],"gold_loss":0.0,"damage_taken":0.0}],"is_beta":false,"boss_relics":[{"not_picked":["Astrolabe","SlaversCollar"],"picked":"Pandora\u0027s Box"},{"not_picked":["Coffee Dripper","Tiny House"],"picked":"HolyWater"}],"items_purged_floors":[11,29,37,47],"is_endless":false,"potions_floor_spawned":[1,16,20,23,25,31,33,38,40,44,48],"killed_by":"The Heart","ascension_level":12}}