{"host":"w01zow3jg16g8jdh","time":1607606401,"event":{"gold_per_floor":[112,162,175,194,194,229,248,263,263,277,307,307,125,141,141,214,214,229,249,249,265,280,280,305,305,305,317,317,334,334,350,350,424,424,444,461,34,34,34,34],"floor_reached":39,"playtime":875,"items_purged":["Strike_B"],"score":834,"play_id":"ceea8288-a2d1-4608-9c8c-8c8fd73ceb05","local_time":"20201210222001","is_ascension_mode":true,"campfire_choices":[{"data":"Streamline","floor":12.0,"key":"SMITH"},{"data":"Zap","floor":15.0,"key":"SMITH"},{"floor":23.0,"key":"REST"},{"floor":25.0,"key":"REST"},{"data":"Multi-Cast","floor":28.0,"key":"SMITH"},{"floor":32.0,"key":"REST"}],"neow_cost":"NONE","seed_source_timestamp":26229707325500,"circlet_count":0,"master_deck":["AscendersBane","Strike_B","Strike_B","Strike_B","Defend_B","Defend_B","Defend_B","Defend_B","Zap+1","Dualcast","Hologram","Streamline+1","BootSequence","Loop","Chill","Self Repair","Multi-Cast+1","Electrodynamics","Hologram","Go for the Eyes+1","Defragment+1","Hologram+1","Redo+1","Creative AI","Steam+1","Seek","Meteor Strike"],"special_seed":0,"relics":["Cracked Core","NeowsBlessing","Art of War","Gremlin Horn","Lizard Tail","CaptainsWheel","Cursed Key","Regal Pillow","WingedGreaves","Nuclear Battery","ClockworkSouvenir"],"potions_floor_usage":[39],"damage_taken":[{"damage":0.0,"enemies":"2 Louse","floor":1.0,"turns":1.0},{"damage":0.0,"enemies":"Cultist","floor":3.0,"turns":1.0},{"damage":0.0,"enemies":"Small Slimes","floor":4.0,"turns":1.0},{"damage":32.0,"enemies":"3 Sentries","floor":6.0,"turns":8.0},{"damage":19.0,"enemies":"Gremlin Gang","floor":7.0,"turns":5.0},{"damage":9.0,"enemies":"Looter","floor":8.0,"turns":3.0},{"damage":1.0,"enemies":"3 Louse","floor":10.0,"turns":3.0},{"damage":16.0,"enemies":"Lagavulin","floor":11.0,"turns":7.0},{"damage":3.0,"enemies":"Large Slime","floor":14.0,"turns":4.0},{"damage":21.0,"enemies":"Slime Boss","floor":16.0,"turns":7.0},{"damage":10.0,"enemies":"Spheric Guardian","floor":18.0,"turns":4.0},{"damage":19.0,"enemies":"3 Byrds","floor":19.0,"turns":4.0},{"damage":4.0,"enemies":"3 Cultists","floor":21.0,"turns":4.0},{"damage":25.0,"enemies":"Cultist and Chosen","floor":22.0,"turns":7.0},{"damage":34.0,"enemies":"Book of Stabbing","floor":24.0,"turns":5.0},{"damage":11.0,"enemies":"Snake Plant","floor":27.0,"turns":5.0},{"damage":13.0,"enemies":"Snecko","floor":29.0,"turns":4.0},{"damage":18.0,"enemies":"Colosseum Slavers","floor":30.0,"turns":4.0},{"damage":0.0,"enemies":"Centurion and Healer","floor":31.0,"turns":4.0},{"damage":49,"enemies":"Collector","floor":33,"turns":8},{"damage":0,"enemies":"3 Shapes","floor":35,"turns":4},{"damage":21,"enemies":"Orb Walker","floor":36,"turns":4},{"damage":51,"enemies":"3 Darklings","floor":39,"turns":4}],"seed_played":"8067973446316880561","potions_obtained":[{"floor":3.0,"key":"LiquidBronze"},{"floor":11.0,"key":"SpeedPotion"},{"floor":14.0,"key":"Explosive Potion"},{"floor":22.0,"key":"LiquidMemories"},{"floor":24.0,"key":"EssenceOfDarkness"},{"floor":27.0,"key":"EssenceOfSteel"},{"floor":31.0,"key":"SpeedPotion"},{"floor":33,"key":"Energy Potion"},{"floor":35,"key":"EssenceOfSteel"}],"is_trial":false,"path_per_floor":["M","?","M","M","?","E","M","M","T","M","E","R","$","M","R","B",null,"M","M","?","M","M","R","E","R","T","M","R","M","?","M","R","B",null,"M","M","$","?","M"],"character_chosen":"DEFECT","items_purchased":["CultistPotion","Seek","ClockworkSouvenir","Meteor Strike"],"campfire_rested":3,"item_purchase_floors":[13,37,37,37],"current_hp_per_floor":[64,64,64,64,64,32,13,4,4,3,34,34,34,38,38,17,58,48,36,36,39,21,42,15,51,51,47,47,34,23,30,66,24,59,59,45,45,45,0,0],"gold":34,"neow_bonus":"THREE_ENEMY_KILL","is_prod":false,"is_daily":false,"chose_seed":false,"campfire_upgraded":3,"win_rate":0,"timestamp":1607606401,"path_taken":["M","?","?","M","?","E","M","M","T","?","E","R","$","M","R","BOSS","M","M","?","M","M","R","E","R","T","M","R","M","?","M","R","BOSS","M","M","$","?","M"],"build_version":"2020-11-30","purchased_purges":1,"victory":false,"max_hp_per_floor":[71,71,71,71,71,71,71,71,71,71,71,71,71,71,71,71,71,71,71,71,71,71,71,71,71,71,71,71,71,71,71,71,71,71,71,71,71,71,71,71],"card_choices":[{"not_picked":["Redo","Undo"],"picked":"Hologram","floor":1.0},{"not_picked":["Double Energy","Hologram"],"picked":"Streamline","floor":3.0},{"not_picked":["Redo","Turbo","Steam"],"picked":"SKIP","floor":4.0},{"not_picked":["Gash","Turbo"],"picked":"BootSequence","floor":6.0},{"not_picked":["Barrage","Streamline","Stack"],"picked":"SKIP","floor":7.0},{"not_picked":["Coolheaded","Steam Power"],"picked":"Loop","floor":8.0},{"not_picked":["Sweeping Beam","Turbo"],"picked":"Chill","floor":10.0},{"not_picked":["Stack","Barrage"],"picked":"Self Repair","floor":11.0},{"not_picked":["Doom and Gloom","Barrage"],"picked":"Multi-Cast","floor":14.0},{"not_picked":["Thunder Strike","Buffer"],"picked":"Electrodynamics","floor":16.0},{"not_picked":["Sweeping Beam","Gash","Doom and Gloom"],"picked":"SKIP","floor":18.0},{"not_picked":["Streamline","Redo","Ball Lightning"],"picked":"SKIP","floor":19.0},{"not_picked":["Sweeping Beam+1","Chill"],"picked":"Hologram","floor":21.0},{"not_picked":["Compile Driver","Streamline"],"picked":"Go for the Eyes+1","floor":22.0},{"not_picked":["Sunder","Redo"],"picked":"Defragment+1","floor":24.0},{"not_picked":["Conserve Battery","Lockon"],"picked":"Hologram+1","floor":27.0},{"not_picked":["Glacier","Gash","Hologram+1"],"picked":"SKIP","floor":29.0},{"not_picked":["Self Repair","Rebound"],"picked":"Redo+1","floor":31.0},{"not_picked":["Core Surge","Reboot"],"picked":"Creative AI","floor":33},{"not_picked":["Leap","Turbo","Go for the Eyes+1"],"picked":"SKIP","floor":35},{"not_picked":["Cold Snap","Steam Power+1","Steam+1"],"picked":"SKIP","floor":36},{"not_picked":["Cold Snap","Steam Power+1"],"picked":"Steam+1","floor":36}],"player_experience":279391,"relics_obtained":[{"floor":6.0,"key":"Gremlin Horn"},{"floor":9.0,"key":"Lizard Tail"},{"floor":11.0,"key":"CaptainsWheel"},{"floor":24.0,"key":"Regal Pillow"},{"floor":26.0,"key":"WingedGreaves"}],"event_choices":[{"damage_healed":0.0,"max_hp_gain":0.0,"max_hp_loss":0.0,"gold_gain":50.0,"event_name":"Golden Shrine","player_choice":"Pray","floor":2.0,"gold_loss":0.0,"damage_taken":0.0},{"damage_healed":0.0,"max_hp_gain":0.0,"max_hp_loss":0.0,"gold_gain":0.0,"event_name":"WeMeetAgain","player_choice":"Gave Potion","floor":5.0,"gold_loss":0.0,"damage_taken":0.0,"relics_obtained":["Art of War"]},{"damage_healed":0.0,"max_hp_gain":0.0,"max_hp_loss":0.0,"gold_gain":0.0,"event_name":"Ghosts","player_choice":"Ignored","floor":20.0,"gold_loss":0.0,"damage_taken":0.0},{"damage_healed":0.0,"max_hp_gain":0.0,"max_hp_loss":0.0,"gold_gain":0.0,"event_name":"Colosseum","player_choice":"Fight","floor":30.0,"gold_loss":0.0,"damage_taken":0.0},{"damage_healed":0.0,"max_hp_gain":0.0,"max_hp_loss":0.0,"gold_gain":0.0,"event_name":"Colosseum","player_choice":"Fled From Nobs","floor":30.0,"gold_loss":0.0,"damage_taken":0.0},{"cards_removed":["Decay"],"damage_healed":0,"gold_gain":0,"player_choice":"Purged","damage_taken":0,"max_hp_gain":0,"max_hp_loss":0,"event_name":"Purifier","floor":38,"gold_loss":0}],"is_beta":false,"boss_relics":[{"not_picked":["Philosopher\u0027s Stone","Empty Cage"],"picked":"Cursed Key"},{"not_picked":["Black Star","SlaversCollar"],"picked":"Nuclear Battery"}],"items_purged_floors":[13],"is_endless":false,"potions_floor_spawned":[3,11,14,22,24,27,31,33,35],"killed_by":"3 Darklings","ascension_level":20}}