{"host":"cwd5s03r1oaxs6mx","time":1607613261,"event":{"gold_per_floor":[118,118,138,138,156,156,174,206,206,232,244,156,169,224,224,328,328,346,73,102,102,112,112,129,129,129,159,74,85,85,117,117,229,229,244,294,306,449,449,449,478,478,478,496,496,530,548,581,581,581,581,581,27,56,56],"floor_reached":56,"playtime":3430,"items_purged":["Strike_P","Strike_P","Defend_P","Defend_P","TalkToTheHand","ForeignInfluence"],"score":1749,"play_id":"dc67b41d-725b-42c2-8cda-12d92f6d1cec","local_time":"20201211001421","is_ascension_mode":true,"campfire_choices":[{"data":"infinitespire:Collect","floor":6.0,"key":"SMITH"},{"data":"SandsOfTime","floor":11.0,"key":"SMITH"},{"data":"Eruption","floor":15.0,"key":"SMITH"},{"floor":23.0,"key":"REST"},{"data":"Blasphemy","floor":25.0,"key":"SMITH"},{"floor":30.0,"key":"REST"},{"data":"SandsOfTime","floor":32.0,"key":"SMITH"},{"floor":40,"key":"RECALL"},{"data":"Omniscience","floor":42,"key":"SMITH"},{"data":"Fasting2","floor":45,"key":"SMITH"},{"floor":49,"key":"REST"},{"data":"Madness","floor":52,"key":"SMITH"}],"neow_cost":"","seed_source_timestamp":3024955682741300,"circlet_count":0,"master_deck":["Strike_P","Defend_P","Eruption+1","Vigilance","Fasting2+1","Blasphemy+1","SandsOfTime+1","DeceiveReality","infinitespire:Collect+1","SandsOfTime+1","Adaptation+1","DeceiveReality","DeceiveReality","DevaForm+1","Omniscience+1","hubris:EnhanceAbility+1","Madness","Madness+1","LikeWater+1","LikeWater+1"],"special_seed":0,"relics":["PureWater","Frozen Egg 2","infinitespire:Beetle Shell","Shuriken","MawBank","hubris:Reverence","hubris:Backtick","hubris:MysteriousPyramids","Bag of Preparation","Red Mask","hubris:SlimyHat","Anchor","CeramicFish","hubris:Teleporter","hubris:VirtuousBlindfold","Incense Burner","Mercury Hourglass","Smiling Mask","The Courier","Letter Opener","Ancient Tea Set","Torii","Strawberry","Mummified Hand"],"potions_floor_usage":[55],"damage_taken":[{"damage":0.0,"enemies":"Small Slimes","floor":1.0,"turns":2.0},{"damage":0.0,"enemies":"2 Louse","floor":3.0,"turns":2.0},{"damage":0.0,"enemies":"Jaw Worm","floor":5.0,"turns":1.0},{"damage":4.0,"enemies":"Large Slime","floor":7.0,"turns":2.0},{"damage":0.0,"enemies":"Lagavulin","floor":8.0,"turns":4.0},{"damage":0.0,"enemies":"Gremlin Nob","floor":10.0,"turns":2.0},{"damage":7.0,"enemies":"3 Louse","floor":13.0,"turns":3.0},{"damage":0.0,"enemies":"Lagavulin Event","floor":14.0,"turns":5.0},{"damage":0.0,"enemies":"Hexaghost","floor":16.0,"turns":10.0},{"damage":4.0,"enemies":"Shell Parasite","floor":18.0,"turns":3.0},{"damage":40.0,"enemies":"Masked Bandits","floor":20.0,"turns":5.0},{"damage":0.0,"enemies":"Chosen","floor":22.0,"turns":2.0},{"damage":14.0,"enemies":"Sentry and Sphere","floor":24.0,"turns":4.0},{"damage":0.0,"enemies":"Slavers","floor":27.0,"turns":3.0},{"damage":0.0,"enemies":"Cultist and Chosen","floor":29.0,"turns":3.0},{"damage":0.0,"enemies":"Book of Stabbing","floor":31.0,"turns":3.0},{"damage":29.0,"enemies":"hubris:MusketHawk","floor":33.0,"turns":5.0},{"damage":0,"enemies":"Orb Walker","floor":35,"turns":2},{"damage":0,"enemies":"Mind Bloom Boss Battle","floor":36,"turns":5},{"damage":4,"enemies":"3 Shapes","floor":37,"turns":4},{"damage":0,"enemies":"Giant Head","floor":41,"turns":7},{"damage":1,"enemies":"Writhing Mass","floor":44,"turns":3},{"damage":0,"enemies":"Nemesis","floor":46,"turns":3},{"damage":37,"enemies":"Reptomancer","floor":48,"turns":3},{"damage":12,"enemies":"Awakened One","floor":50,"turns":13},{"damage":1,"enemies":"Shield and Spear","floor":54,"turns":7},{"damage":3,"enemies":"The Heart","floor":55,"turns":11}],"seed_played":"-8413655762884132234","potions_obtained":[{"floor":1.0,"key":"ColorlessPotion"},{"floor":3.0,"key":"SkillPotion"},{"floor":8.0,"key":"GamblersBrew"},{"floor":20.0,"key":"SkillPotion"},{"floor":29.0,"key":"Swift Potion"},{"floor":33.0,"key":"SkillPotion"},{"floor":38,"key":"FairyPotion"},{"floor":48,"key":"Block Potion"}],"is_trial":false,"path_per_floor":["M","?","M","?","M","R","M","E","T","E","R","$","M","?","R","B",null,"M","$","?","?","M","R","M","R","T","E","?","M","R","E","R","B",null,"M","?","M","?","AVR","R","E","R","T","M","R","E","?","E","R","B",null,"R","$","E","B",null],"character_chosen":"WATCHER","items_purchased":["Fasting2","Blasphemy","SandsOfTime","DeceiveReality","Frozen Egg 2","Bag of Preparation","Torii","LikeWater+1","LikeWater+1","Strawberry"],"campfire_rested":3,"item_purchase_floors":[0,0,0,0,0,19,53,53,53,53],"current_hp_per_floor":[72,52,52,34,34,34,30,30,30,30,30,30,23,23,23,23,60,56,56,16,16,16,37,23,23,23,23,23,23,44,44,44,15,58,58,58,54,54,54,54,54,54,54,53,53,53,44,7,28,16,58,58,65,64,61],"gold":56,"neow_bonus":"","is_prod":false,"is_daily":false,"chose_seed":false,"campfire_upgraded":8,"win_rate":0,"timestamp":1607613261,"path_taken":["M","?","M","?","M","R","M","E","T","E","R","$","M","?","R","BOSS","M","$","?","?","M","R","M","R","T","E","?","M","R","E","R","BOSS","M","?","M","?","AVR","R","E","R","T","?","R","E","?","E","R","BOSS","R","$","E","BOSS"],"build_version":"2020-11-30","purchased_purges":6,"victory":true,"max_hp_per_floor":[72,72,72,72,72,72,72,72,72,72,72,72,72,72,72,72,72,72,72,72,72,72,72,72,72,72,72,72,72,72,72,72,72,72,72,72,72,72,72,72,72,72,72,72,72,72,72,72,72,72,72,72,79,79,79],"relic_stats":{"Torii":2,"counters":[228,917],"Shuriken":[19],"Mummified Hand":[8],"CeramicFish":54,"Bag of Preparation":[37],"Letter Opener":[195],"MawBank":24,"Smiling Mask":160,"obtain_stats":[{"Ginger":43,"Bottled Tornado":23,"hubris:MysteriousPyramids":17,"Blood Vial":7,"infinitespire:ShieldingShard":0,"Sundial":13,"infinitespire:Golems Mask":6,"MealTicket":29,"HandDrill":53,"MerchantsRug":14,"Pen Nib":26,"Akabeko":24,"infinitespire:Lychee Nut":10,"MutagenicStrength":31,"Bird Faced Urn":10,"Snecko Eye":0,"hubris:TenFootPole":40,"StrikeDummy":25,"infinitespire:Cupcake":17,"hubris:Reverence":14,"Lantern":26,"Regal Pillow":48,"Singing Bowl":8,"Torii":53,"Bag of Preparation":23,"hubris:EmptyBottle":53,"Smiling Mask":6,"Ancient Tea Set":39,"Matryoshka":11,"hubris:Backtick":17,"hubris:ScarierMask":17,"hubris:CuriousFeather":11,"Chemical X":19,"infinitespire:Eraser":44,"InkBottle":14,"hubris:GlazedTorus":37,"Potion Belt":7,"Lee\u0027s Waffle":13,"NeowsBlessing":0,"Golden Idol":3,"hubris:64BitClover":9,"The Courier":43,"Omamori":48,"infinitespire:Lucky Rock":9,"hubris:Towel":19,"Frozen Egg 2":0,"MawBank":6,"GoldenEye":0,"Ornamental Fan":8,"Turnip":45,"Art of War":9,"Bottled Lightning":54,"Toy Ornithopter":53,"hubris:BottledRain":8,"Calipers":37,"hubris:CrystalStatue":6,"Gremlin Horn":54,"CeramicFish":9,"hubris:VirtuousBlindfold":17,"hubris:TerracottaHorce":17,"Strawberry":53,"VioletLotus":17,"Toxic Egg 2":5,"hubris:Teleporter":31,"hubris:DuctTape":9,"Oddly Smooth Stone":53,"infinitespire:Beetle Shell":7,"Letter Opener":46,"War Paint":6,"Question Card":47,"Shuriken":8,"hubris:PeanutButter":9,"Molten Egg 2":0,"Black Star":17,"Meat on the Bone":23,"Yang":54,"Mango":17,"Incense Burner":10,"hubris:SlimyHat":0,"Empty Cage":34,"hubris:Icosahedron":12,"Mummified Hand":54,"Gambling Chip":0,"Pantograph":6,"Red Mask":21,"Runic Pyramid":34,"infinitespire:FocusingShard":30,"Orichalcum":17,"Odd Mushroom":14,"Medical Kit":0,"Mercury Hourglass":38,"Calling Bell":17,"Cauldron":53,"Anchor":46,"CaptainsWheel":6,"infinitespire:WardingShard":9,"infinitespire:Satchel":12,"Bag of Marbles":41,"Membership Card":0,"PureWater":0,"hubris:Potato":0},{"Ginger":149,"Bottled Tornado":82,"hubris:MysteriousPyramids":210,"Blood Vial":22,"infinitespire:ShieldingShard":67,"Sundial":26,"infinitespire:Golems Mask":38,"MealTicket":141,"HandDrill":125,"MerchantsRug":166,"Pen Nib":32,"Akabeko":170,"infinitespire:Lychee Nut":74,"MutagenicStrength":114,"Bird Faced Urn":134,"Snecko Eye":159,"hubris:TenFootPole":119,"StrikeDummy":112,"infinitespire:Cupcake":136,"hubris:Reverence":208,"Lantern":83,"Regal Pillow":124,"Singing Bowl":178,"Torii":226,"Bag of Preparation":187,"hubris:EmptyBottle":153,"Smiling Mask":64,"Ancient Tea Set":118,"Matryoshka":56,"hubris:Backtick":210,"hubris:ScarierMask":107,"hubris:CuriousFeather":16,"Chemical X":168,"infinitespire:Eraser":150,"InkBottle":181,"hubris:GlazedTorus":118,"Potion Belt":4,"Lee\u0027s Waffle":75,"NeowsBlessing":0,"Golden Idol":13,"hubris:64BitClover":133,"The Courier":222,"Omamori":152,"infinitespire:Lucky Rock":39,"hubris:Towel":28,"Frozen Egg 2":155,"MawBank":54,"GoldenEye":155,"Ornamental Fan":133,"Turnip":95,"Art of War":104,"Bottled Lightning":98,"Toy Ornithopter":153,"hubris:BottledRain":47,"Calipers":89,"hubris:CrystalStatue":177,"Gremlin Horn":126,"CeramicFish":192,"hubris:VirtuousBlindfold":8,"hubris:TerracottaHorce":27,"Strawberry":226,"VioletLotus":77,"Toxic Egg 2":3,"hubris:Teleporter":217,"hubris:DuctTape":73,"Oddly Smooth Stone":97,"infinitespire:Beetle Shell":104,"Letter Opener":224,"War Paint":73,"Question Card":96,"Shuriken":206,"hubris:PeanutButter":163,"Molten Egg 2":188,"Black Star":197,"Meat on the Bone":31,"Yang":154,"Mango":167,"Incense Burner":5,"hubris:SlimyHat":17,"Empty Cage":115,"hubris:Icosahedron":105,"Mummified Hand":227,"Gambling Chip":67,"Pantograph":132,"Red Mask":186,"Runic Pyramid":86,"infinitespire:FocusingShard":142,"Orichalcum":167,"Odd Mushroom":196,"Medical Kit":127,"Mercury Hourglass":221,"Calling Bell":167,"Cauldron":125,"Anchor":122,"CaptainsWheel":163,"infinitespire:WardingShard":4,"infinitespire:Satchel":166,"Bag of Marbles":148,"Membership Card":17,"PureWater":0,"hubris:Potato":155},{"Ginger":584,"Bottled Tornado":312,"hubris:MysteriousPyramids":831,"Blood Vial":96,"infinitespire:ShieldingShard":267,"Sundial":106,"infinitespire:Golems Mask":150,"MealTicket":558,"HandDrill":500,"MerchantsRug":652,"Pen Nib":126,"Akabeko":677,"infinitespire:Lychee Nut":288,"MutagenicStrength":440,"Bird Faced Urn":531,"Snecko Eye":628,"hubris:TenFootPole":472,"StrikeDummy":434,"infinitespire:Cupcake":541,"hubris:Reverence":816,"Lantern":316,"Regal Pillow":493,"Singing Bowl":707,"Torii":899,"Bag of Preparation":750,"hubris:EmptyBottle":603,"Smiling Mask":257,"Ancient Tea Set":468,"Matryoshka":218,"hubris:Backtick":831,"hubris:ScarierMask":412,"hubris:CuriousFeather":82,"Chemical X":665,"infinitespire:Eraser":587,"InkBottle":719,"hubris:GlazedTorus":468,"Potion Belt":10,"Lee\u0027s Waffle":290,"NeowsBlessing":0,"Golden Idol":61,"hubris:64BitClover":529,"The Courier":877,"Omamori":596,"infinitespire:Lucky Rock":153,"hubris:Towel":112,"Frozen Egg 2":615,"MawBank":209,"GoldenEye":615,"Ornamental Fan":529,"Turnip":369,"Art of War":396,"Bottled Lightning":377,"Toy Ornithopter":603,"hubris:BottledRain":181,"Calipers":339,"hubris:CrystalStatue":701,"Gremlin Horn":503,"CeramicFish":761,"hubris:VirtuousBlindfold":33,"hubris:TerracottaHorce":111,"Strawberry":899,"VioletLotus":298,"Toxic Egg 2":4,"hubris:Teleporter":854,"hubris:DuctTape":283,"Oddly Smooth Stone":376,"infinitespire:Beetle Shell":396,"Letter Opener":883,"War Paint":283,"Question Card":372,"Shuriken":811,"hubris:PeanutButter":642,"Molten Egg 2":751,"Black Star":782,"Meat on the Bone":122,"Yang":607,"Mango":660,"Incense Burner":20,"hubris:SlimyHat":83,"Empty Cage":447,"hubris:Icosahedron":400,"Mummified Hand":906,"Gambling Chip":267,"Pantograph":525,"Red Mask":746,"Runic Pyramid":328,"infinitespire:FocusingShard":563,"Orichalcum":660,"Odd Mushroom":773,"Medical Kit":512,"Mercury Hourglass":870,"Calling Bell":660,"Cauldron":500,"Anchor":485,"CaptainsWheel":642,"infinitespire:WardingShard":10,"infinitespire:Satchel":652,"Bag of Marbles":581,"Membership Card":83,"PureWater":0,"hubris:Potato":615}],"Mercury Hourglass":[171]},"card_choices":[{"not_picked":["Crescendo","CutThroughFate","SashWhip"],"picked":"SKIP","floor":1.0},{"not_picked":["EmptyBody","BowlingBash","WheelKick"],"picked":"SKIP","floor":3.0},{"not_picked":["EmptyBody","BowlingBash","WheelKick"],"picked":"SKIP","floor":3.0},{"not_picked":["infinitespire:FutureSight","infinitespire:Starlight"],"picked":"infinitespire:Collect","floor":4.0},{"not_picked":["LessonLearned","Crescendo"],"picked":"SandsOfTime","floor":5.0},{"not_picked":["ClearTheMind","Crescendo"],"picked":"Adaptation+1","floor":7.0},{"not_picked":["SashWhip","BowlingBash"],"picked":"DeceiveReality","floor":8.0},{"not_picked":["InnerPeace","Protect","Devotion+1"],"picked":"SKIP","floor":10.0},{"not_picked":["FlurryOfBlows","JustLucky"],"picked":"DeceiveReality","floor":13.0},{"not_picked":["Prostrate","DeceiveReality","JustLucky"],"picked":"SKIP","floor":18.0},{"not_picked":["Prostrate","DeceiveReality","JustLucky"],"picked":"SKIP","floor":18.0},{"not_picked":["Halt","Evaluate+1","LikeWater+1"],"picked":"SKIP","floor":22.0},{"not_picked":["Sanctity","BowlingBash","FlyingSleeves"],"picked":"SKIP","floor":24.0},{"not_picked":["LikeWater+1","FollowUp"],"picked":"DevaForm+1","floor":27.0},{"not_picked":["EmptyMind","Protect","FollowUp"],"picked":"SKIP","floor":29.0},{"not_picked":["FlurryOfBlows","PathToVictory","FollowUp"],"picked":"SKIP","floor":31.0},{"not_picked":["DevaForm+1","Devotion+1"],"picked":"Omniscience","floor":33.0},{"not_picked":["CutThroughFate+1","SashWhip","Tantrum+1"],"picked":"SKIP","floor":35},{"not_picked":["EmptyBody+1","LikeWater+1","FollowUp+1"],"picked":"SKIP","floor":37},{"not_picked":["Dark Shackles","Thinking Ahead"],"picked":"hubris:EnhanceAbility+1","floor":38},{"not_picked":["EmptyFist","Indignation+1","LessonLearned"],"picked":"SKIP","floor":41},{"not_picked":["SashWhip+1","WindmillStrike","FlyingSleeves"],"picked":"SKIP","floor":44},{"not_picked":["Judgement","Fasting2+1","Indignation"],"picked":"SKIP","floor":46},{"not_picked":["EmptyFist+1","Vengeance+1","Evaluate"],"picked":"SKIP","floor":48},{"not_picked":["Crescendo","InnerPeace","Consecrate+1"],"picked":"SKIP","floor":54}],"player_experience":889648,"relics_obtained":[{"floor":8.0,"key":"Shuriken"},{"floor":10.0,"key":"MawBank"},{"floor":20.0,"key":"Red Mask"},{"floor":26.0,"key":"hubris:SlimyHat"},{"floor":27.0,"key":"Anchor"},{"floor":31.0,"key":"hubris:Teleporter"},{"floor":36,"key":"Incense Burner"},{"floor":38,"key":"Mercury Hourglass"},{"floor":41,"key":"Smiling Mask"},{"floor":43,"key":"The Courier"},{"floor":46,"key":"Letter Opener"},{"floor":48,"key":"Ancient Tea Set"},{"floor":54,"key":"Mummified Hand"}],"event_choices":[{"damage_healed":0.0,"max_hp_gain":0.0,"max_hp_loss":0.0,"gold_gain":0.0,"event_name":"betterThird:BetterScrap","player_choice":"Relic ","floor":2.0,"gold_loss":0.0,"damage_taken":20.0,"cards_obtained":["Reprogram"]},{"damage_healed":0.0,"max_hp_gain":0.0,"max_hp_loss":0.0,"gold_gain":0.0,"event_name":"Dead Adventurer","player_choice":"Searched \u00272\u0027 times","floor":14.0,"gold_loss":0.0,"damage_taken":0.0,"relics_obtained":["hubris:Reverence"]},{"damage_healed":0.0,"max_hp_gain":0.0,"max_hp_loss":0.0,"gold_gain":0.0,"event_name":"Masked Bandits","player_choice":"Fought Bandits","floor":20.0,"gold_loss":0.0,"damage_taken":0.0},{"damage_healed":0.0,"max_hp_gain":0.0,"max_hp_loss":0.0,"gold_gain":0.0,"cards_transformed":["Strike_P","Defend_P"],"event_name":"Drug Dealer","player_choice":"Became Test Subject","floor":21.0,"gold_loss":0.0,"damage_taken":0.0,"cards_obtained":["TalkToTheHand","ForeignInfluence"]},{"damage_healed":0.0,"max_hp_gain":0.0,"max_hp_loss":0.0,"gold_gain":0.0,"event_name":"Addict","player_choice":"Obtained Relic","floor":28.0,"gold_loss":85.0,"damage_taken":0.0,"relics_obtained":["CeramicFish"]},{"damage_healed":0,"gold_gain":0,"player_choice":"Fight","damage_taken":0,"max_hp_gain":0,"max_hp_loss":0,"event_name":"MindBloom","floor":36,"gold_loss":0},{"damage_healed":0,"gold_gain":0,"player_choice":"Random: Red","damage_taken":0,"max_hp_gain":0,"max_hp_loss":0,"event_name":"betterThird:BetterPortal","floor":38,"gold_loss":0},{"damage_healed":0,"gold_gain":0,"player_choice":"Embrace Madness","damage_taken":9,"max_hp_gain":0,"max_hp_loss":0,"event_name":"Winding Halls","floor":47,"gold_loss":0,"cards_obtained":["Madness","Madness"]}],"is_beta":false,"boss_relics":[{"not_picked":["Busted Crown","Calling Bell"],"picked":"hubris:Backtick"},{"not_picked":["Runic Pyramid","Coffee Dripper"],"picked":"hubris:VirtuousBlindfold"}],"items_purged_floors":[0,12,19,39,53,53],"is_endless":false,"potions_floor_spawned":[1,3,8,20,29,33,35,36,46,48],"ascension_level":5}}