{"host":"zkqorkqsr6o67e8b","time":1607593979,"event":{"gold_per_floor":[118,137,62,162,177,203,203,203,203],"floor_reached":8,"playtime":354,"items_purged":["Defend_YM"],"score":64,"play_id":"827a4371-1999-4f64-a486-8f8b5049d911","local_time":"20201210175259","is_ascension_mode":true,"campfire_choices":[{"data":"SanzenSekai","floor":7,"key":"SMITH"}],"neow_cost":"TEN_PERCENT_HP_LOSS","seed_source_timestamp":33369302030000,"circlet_count":0,"master_deck":["Strike_YM","Strike_YM","Strike_YM","Defend_YM","Defend_YM","SlashOfPresentWorld","WheelOfPainOfLivingAndDead","ThreeKonsSevenHakus","SuddenPhantomFormationSlashOfKarmicWind","Tantrum","SanzenSekai+1","FlashingScatteredFlowers"],"special_seed":0,"relics":["HalfPhantom","REME_ComplimentaryCards","StrikeDummy"],"potions_floor_usage":[],"damage_taken":[{"damage":0,"enemies":"Cultist","floor":1,"turns":4},{"damage":0,"enemies":"2 Louse","floor":2,"turns":2},{"damage":0,"enemies":"Small Slimes","floor":5,"turns":1},{"damage":32,"enemies":"Gremlin Nob","floor":6,"turns":3},{"damage":38,"enemies":"3 Sentries","floor":8,"turns":3}],"seed_played":"3058099087012160831","potions_obtained":[{"floor":6,"key":"DistilledChaos"}],"is_trial":false,"path_per_floor":["M","M","$","?","M","E","R","E"],"character_chosen":"YOUMU","items_purchased":[],"campfire_rested":0,"item_purchase_floors":[],"current_hp_per_floor":[68,68,68,68,68,36,36,0,0],"gold":203,"neow_bonus":"TRANSFORM_TWO_CARDS","is_prod":false,"is_daily":false,"chose_seed":false,"campfire_upgraded":1,"win_rate":0,"timestamp":1607593979,"path_taken":["M","?","$","?","M","E","R","E"],"build_version":"2020-11-30","purchased_purges":1,"victory":false,"max_hp_per_floor":[68,68,68,68,68,68,68,68,68],"card_choices":[{"not_picked":["TwoHundredYojanaInOneSlash","ObsessionWithThePresentWorld","DoubleWheelOfPain"],"picked":"SKIP","floor":1},{"not_picked":["TransmigrationSlash","AsTheSilentNirvana","ObsessionWithThePresentWorld"],"picked":"SKIP","floor":2},{"not_picked":["HumanKnowledgeSword","TwoHundredYojanaInOneSlash"],"picked":"SanzenSekai","floor":5},{"not_picked":["TurningAngelCut","HumanRealmSword"],"picked":"FlashingScatteredFlowers","floor":6}],"player_experience":419273,"relics_obtained":[{"floor":6,"key":"StrikeDummy"}],"event_choices":[{"damage_healed":0,"gold_gain":100,"player_choice":"Gold","damage_taken":0,"max_hp_gain":0,"max_hp_loss":0,"event_name":"Wheel of Change","floor":4,"gold_loss":0}],"is_beta":false,"boss_relics":[],"items_purged_floors":[3],"is_endless":false,"potions_floor_spawned":[6],"killed_by":"3 Sentries","ascension_level":3}}