{"host":"nptej036rrbiurf5","time":1607580390,"event":{"gold_per_floor":[19,38,38,55,71,71,90,90,90,106,119,136,192,192,192,287,287,305,305,325,343,140,140,178,178,178,212,236,79,79,79,79],"floor_reached":31,"playtime":974,"items_purged":["Defend_P"],"score":538,"play_id":"215ceff5-9d9c-4b30-b1e7-ab654b0c4baa","local_time":"20201210150630","is_ascension_mode":true,"campfire_choices":[{"floor":6.0,"key":"REST"},{"data":"Vault","floor":15.0,"key":"SMITH"},{"floor":23.0,"key":"REST"},{"floor":25.0,"key":"REST"}],"neow_cost":"NO_GOLD","seed_source_timestamp":1301480102049800,"circlet_count":0,"master_deck":["AscendersBane","Strike_P+1","Strike_P","Strike_P+1","Defend_P+1","Defend_P+1","Defend_P","Eruption+1","Vigilance+1","BowlingBash","EmptyFist","LessonLearned+1","SandsOfTime+1","WaveOfTheHand+1","Vault+1","EmptyBody","Brilliance","Halt","Writhe","MentalFortress","FearNoEvil","DeusExMachina","MentalFortress+1","Ragnarok"],"special_seed":0,"relics":["PureWater","Bird Faced Urn","Art of War","Pen Nib","Golden Idol","Sozu","Mummified Hand","Orichalcum","White Beast Statue","Nunchaku"],"potions_floor_usage":[27],"damage_taken":[{"damage":0.0,"enemies":"Jaw Worm","floor":1.0,"turns":3.0},{"damage":0.0,"enemies":"Cultist","floor":2.0,"turns":3.0},{"damage":2.0,"enemies":"Small Slimes","floor":4.0,"turns":4.0},{"damage":7.0,"enemies":"3 Louse","floor":5.0,"turns":4.0},{"damage":8.0,"enemies":"Exordium Thugs","floor":7.0,"turns":5.0},{"damage":0.0,"enemies":"Large Slime","floor":10.0,"turns":2.0},{"damage":5.0,"enemies":"Red Slaver","floor":11.0,"turns":4.0},{"damage":6.0,"enemies":"Exordium Thugs","floor":12.0,"turns":4.0},{"damage":0.0,"enemies":"Gremlin Nob","floor":13.0,"turns":4.0},{"damage":20.0,"enemies":"The Guardian","floor":16.0,"turns":11.0},{"damage":0.0,"enemies":"Spheric Guardian","floor":18.0,"turns":2.0},{"damage":8.0,"enemies":"Shell Parasite","floor":20.0,"turns":6.0},{"damage":14.0,"enemies":"Snake Plant","floor":21.0,"turns":4.0},{"damage":20.0,"enemies":"Book of Stabbing","floor":24.0,"turns":6.0},{"damage":37,"enemies":"Gremlin Leader","floor":27,"turns":5},{"damage":8,"enemies":"Centurion and Healer","floor":28,"turns":9},{"damage":9,"enemies":"Shelled Parasite and Fungi","floor":31,"turns":2}],"seed_played":"-259843926224963404","potions_obtained":[{"floor":5.0,"key":"BlessingOfTheForge"},{"floor":10.0,"key":"BlessingOfTheForge"},{"floor":11.0,"key":"Ancient Potion"},{"floor":13.0,"key":"BottledMiracle"}],"is_trial":false,"path_per_floor":["M","M","?","M","M","R","M","?","T","M","M","M","?","?","R","B",null,"M","?","M","M","$","R","E","R","T","E","M","$","?","M"],"character_chosen":"WATCHER","items_purchased":["MentalFortress","FearNoEvil","Ragnarok"],"campfire_rested":3,"item_purchase_floors":[22,22,29],"current_hp_per_floor":[61,61,41,39,32,52,44,44,44,44,39,33,33,33,33,13,50,50,50,42,28,28,46,28,46,46,11,7,7,7,0,0],"gold":79,"neow_bonus":"ONE_RARE_RELIC","is_prod":false,"is_daily":false,"chose_seed":false,"campfire_upgraded":1,"win_rate":0,"timestamp":1607580390,"path_taken":["M","M","?","M","M","R","M","?","T","M","M","?","?","?","R","BOSS","M","?","M","M","$","R","E","R","T","E","M","$","?","M"],"build_version":"2020-11-30","purchased_purges":1,"victory":false,"max_hp_per_floor":[68,68,68,68,68,68,68,68,68,68,68,68,68,62,62,62,62,62,62,62,62,62,62,62,62,62,62,62,62,62,62,62],"card_choices":[{"not_picked":["SashWhip","FollowUp"],"picked":"BowlingBash","floor":1.0},{"not_picked":["Crescendo","FlurryOfBlows"],"picked":"EmptyFist","floor":2.0},{"not_picked":["Evaluate","Protect"],"picked":"LessonLearned","floor":4.0},{"not_picked":["EmptyFist","JustLucky"],"picked":"SandsOfTime","floor":5.0},{"not_picked":["BowlingBash","ThirdEye","ReachHeaven"],"picked":"SKIP","floor":7.0},{"not_picked":["BowlingBash","ThirdEye","ReachHeaven"],"picked":"SKIP","floor":7.0},{"not_picked":["BowlingBash","ThirdEye","ReachHeaven"],"picked":"SKIP","floor":7.0},{"not_picked":["SignatureMove","ThirdEye"],"picked":"Vault","floor":10.0},{"not_picked":["Crescendo","Collect"],"picked":"EmptyBody","floor":11.0},{"not_picked":["JustLucky","Indignation","Collect"],"picked":"SKIP","floor":12.0},{"not_picked":["Judgement","Omniscience"],"picked":"Brilliance","floor":16.0},{"not_picked":["Consecrate","CarveReality"],"picked":"Halt","floor":18.0},{"not_picked":["Prostrate+1","Evaluate","ThirdEye"],"picked":"SKIP","floor":20.0},{"not_picked":["CrushJoints","Halt","SashWhip"],"picked":"SKIP","floor":21.0},{"not_picked":["Wireheading","BowlingBash"],"picked":"DeusExMachina","floor":24.0},{"not_picked":["Consecrate","Crescendo"],"picked":"MentalFortress","floor":27},{"not_picked":["Crescendo","CutThroughFate","BowlingBash"],"picked":"SKIP","floor":28}],"player_experience":825682,"relics_obtained":[{"floor":9.0,"key":"Art of War"},{"floor":13.0,"key":"Pen Nib"},{"floor":24.0,"key":"Orichalcum"},{"floor":26.0,"key":"White Beast Statue"},{"floor":27,"key":"Nunchaku"}],"event_choices":[{"damage_healed":0.0,"max_hp_gain":0.0,"max_hp_loss":0.0,"gold_gain":0.0,"event_name":"Shining Light","player_choice":"Entered Light","floor":3.0,"gold_loss":0.0,"damage_taken":20.0,"cards_upgraded":["Strike_P","Defend_P"]},{"damage_healed":0.0,"max_hp_gain":0.0,"max_hp_loss":0.0,"gold_gain":0.0,"cards_transformed":["Strike_P"],"event_name":"Transmorgrifier","player_choice":"Transformed","floor":8.0,"gold_loss":0.0,"damage_taken":0.0,"cards_obtained":["WaveOfTheHand"]},{"damage_healed":0.0,"max_hp_gain":0.0,"max_hp_loss":0.0,"gold_gain":0.0,"event_name":"Dead Adventurer","player_choice":"Searched \u00271\u0027 times","floor":13.0,"gold_loss":0.0,"damage_taken":0.0},{"damage_healed":0.0,"max_hp_gain":0.0,"max_hp_loss":6.0,"gold_gain":0.0,"event_name":"Golden Idol","player_choice":"Lose Max HP","floor":14.0,"gold_loss":0.0,"damage_taken":0.0,"relics_obtained":["Golden Idol"]},{"damage_healed":0.0,"max_hp_gain":0.0,"max_hp_loss":0.0,"gold_gain":0.0,"event_name":"The Mausoleum","player_choice":"Opened","floor":19.0,"gold_loss":0.0,"damage_taken":0.0,"relics_obtained":["Mummified Hand"],"cards_obtained":["Writhe"]},{"damage_healed":0,"gold_gain":0,"player_choice":"Ignored","damage_taken":0,"max_hp_gain":0,"max_hp_loss":0,"event_name":"Ghosts","floor":30,"gold_loss":0}],"is_beta":false,"boss_relics":[{"not_picked":["Philosopher\u0027s Stone","Runic Pyramid"],"picked":"Sozu"}],"items_purged_floors":[22],"is_endless":false,"potions_floor_spawned":[5,10,11,13,20,24,27,28],"killed_by":"Shelled Parasite and Fungi","ascension_level":20}}