{"host":"Ian","time":1607619229,"event":{"mods":["BaseMod","Bestiary","Block Reminder","Colored Map","Highlight Path","Minty Spire (QoL Compilation)","Relic Stats","Key Reminder"],"gold_per_floor":[359,12,12,24,38,38,65,83,83,108,33,33,53,85,85,162,162,179,69,79,79,95,95,128,128,179,206,231,7,7,37,37,111,111,121,121,131,142,54,89,89,100,123,135,164,177,189,14,14,14,14,14,14,14,46,46,46],"floor_reached":56,"playtime":2884,"items_purged":["Strike_R"],"score":2070,"play_id":"bc18ff61-0881-468e-8121-788c1b1ba53f","local_time":"20201210165349","is_ascension_mode":true,"campfire_choices":[{"data":"Spot Weakness","floor":6.0,"key":"SMITH"},{"floor":12.0,"key":"REST"},{"floor":15.0,"key":"REST"},{"floor":23.0,"key":"REST"},{"floor":25.0,"key":"REST"},{"floor":32.0,"key":"REST"},{"floor":49.0,"key":"RECALL"},{"data":"1","floor":53.0,"key":"LIFT"}],"circlet_count":0,"master_deck":["AscendersBane","Strike_R","Strike_R","Defend_R","Defend_R","Bash","Pommel Strike","Limit Break+1","Combust","Spot Weakness+1","Power Through","Shrug It Off","Rupture","True Grit+1","Battle Trance+1","Feed","Whirlwind+1","Second Wind+1","Armaments+1","Pommel Strike+1","True Grit+1","Limit Break+1","Feel No Pain","Reaper","Spot Weakness+1","Warcry+1","Sword Boomerang+1","Shockwave+1","Shockwave+1","Shrug It Off+1","Seeing Red+1","Evolve+1","Warcry+1","Impervious+1","Exhume+1"],"special_seed":0,"relics":["Burning Blood","Sling","Meat on the Bone","Toxic Egg 2","Gremlin Horn","Tiny Chest","Fusion Hammer","Pen Nib","Omamori","Mercury Hourglass","Chemical X","Pear","Empty Cage","Regal Pillow","Blue Candle","Strawberry","Girya","Anchor"],"acts_visited":["Exordium","TheCity","TheBeyond","TheEnding"],"potions_floor_usage":[56,56],"damage_taken":[{"damage":11.0,"enemies":"Jaw Worm","floor":1.0,"turns":5.0},{"damage":12.0,"enemies":"Cultist","floor":4.0,"turns":5.0},{"damage":12.0,"enemies":"Small Slimes","floor":5.0,"turns":3.0},{"damage":27.0,"enemies":"3 Sentries","floor":7.0,"turns":4.0},{"damage":10.0,"enemies":"Exordium Thugs","floor":8.0,"turns":3.0},{"damage":31.0,"enemies":"Gremlin Nob","floor":10.0,"turns":4.0},{"damage":15.0,"enemies":"Exordium Wildlife","floor":13.0,"turns":3.0},{"damage":39.0,"enemies":"3 Sentries","floor":14.0,"turns":8.0},{"damage":41.0,"enemies":"The Guardian","floor":16.0,"turns":11.0},{"damage":15.0,"enemies":"2 Thieves","floor":18.0,"turns":3.0},{"damage":16.0,"enemies":"Shell Parasite","floor":20.0,"turns":4.0},{"damage":35.0,"enemies":"Shelled Parasite and Fungi","floor":22.0,"turns":4.0},{"damage":41.0,"enemies":"Gremlin Leader","floor":24.0,"turns":3.0},{"damage":47.0,"enemies":"Book of Stabbing","floor":28.0,"turns":6.0},{"damage":35.0,"enemies":"Slavers","floor":31.0,"turns":4.0},{"damage":26.0,"enemies":"Automaton","floor":33.0,"turns":8.0},{"damage":11.0,"enemies":"3 Shapes","floor":35.0,"turns":7.0},{"damage":22.0,"enemies":"Orb Walker","floor":37.0,"turns":3.0},{"damage":44.0,"enemies":"Spire Growth","floor":38.0,"turns":4.0},{"damage":49.0,"enemies":"Giant Head","floor":40.0,"turns":6.0},{"damage":19.0,"enemies":"Writhing Mass","floor":42.0,"turns":5.0},{"damage":29.0,"enemies":"Jaw Worm Horde","floor":44.0,"turns":3.0},{"damage":18.0,"enemies":"Reptomancer","floor":45.0,"turns":4.0},{"damage":30.0,"enemies":"Maw","floor":46.0,"turns":7.0},{"damage":66.0,"enemies":"Spire Growth","floor":47.0,"turns":7.0},{"damage":90.0,"enemies":"Donu and Deca","floor":50.0,"turns":6.0},{"damage":40.0,"enemies":"Awakened One","floor":51.0,"turns":9.0},{"damage":74.0,"enemies":"Shield and Spear","floor":55.0,"turns":6.0},{"damage":72,"enemies":"The Heart","floor":56,"turns":3}],"seed_played":"-3771752049840427118","potions_obtained":[{"floor":1.0,"key":"ColorlessPotion"},{"floor":5.0,"key":"DistilledChaos"},{"floor":10.0,"key":"FearPotion"},{"floor":16.0,"key":"Dexterity Potion"},{"floor":18.0,"key":"DistilledChaos"},{"floor":31.0,"key":"ElixirPotion"},{"floor":42.0,"key":"Regen Potion"},{"floor":55.0,"key":"CultistPotion"}],"is_trial":false,"path_per_floor":["M","$","?","M","M","R","E","M","T","E","$","R","M","E","R","B",null,"M","?","M","?","M","R","E","R","T","T","E","$","?","E","R","B",null,"M","?","M","M","$","E","T","M","T","M","E","M","M","$","R","B","B",null,"R","$","E","B"],"character_chosen":"IRONCLAD","items_purchased":["Sling","Limit Break","Chemical X","True Grit+1","Shockwave+1","Impervious+1"],"campfire_rested":5,"item_purchase_floors":[2,2,29,29,39,48],"current_hp_per_floor":[63,63,63,57,51,51,30,38,38,25,25,45,48,27,47,24,57,48,48,53,53,39,61,38,60,60,60,34,34,34,30,57,49,80,90,90,74,51,51,94,94,96,103,103,103,107,65,65,65,81,107,107,107,107,54,0,0],"gold":46,"neow_bonus":"TWO_FIFTY_GOLD","is_daily":false,"chose_seed":false,"campfire_upgraded":1,"win_rate":0,"timestamp":1607619229,"path_taken":["M","$","?","M","?","R","E","M","T","E","?","R","M","E","R","BOSS","M","?","?","?","M","R","E","R","T","?","E","$","?","E","R","BOSS","M","?","M","?","$","E","?","M","T","M","E","M","M","$","R","BOSS","BOSS","R","$","E","BOSS"],"build_version":"2020-12-07","purchased_purges":1,"victory":false,"max_hp_per_floor":[68,68,68,68,68,68,68,68,68,68,68,68,68,68,68,68,68,68,68,71,71,74,74,74,74,74,74,77,77,77,90,90,90,90,90,90,90,93,93,96,96,96,103,103,103,107,107,107,107,107,107,107,107,107,110,110,110],"relic_stats":{"Regal Pillow":0,"Gremlin Horn":[16,19],"counters":[29,148],"Blue Candle":[0],"Tiny Chest":2,"Pen Nib":[9],"Chemical X":[17],"obtain_stats":[{"Girya":45,"Regal Pillow":40,"Pear":31,"Gremlin Horn":10,"Blue Candle":41,"Pen Nib":24,"Omamori":27,"Sling":2,"Empty Cage":34,"Burning Blood":0,"Mercury Hourglass":28,"keyreminder:keyreminder":14,"Anchor":55,"Strawberry":43,"Tiny Chest":14,"Fusion Hammer":17,"Chemical X":29,"Toxic Egg 2":9,"Meat on the Bone":7},{"Girya":23,"Regal Pillow":20,"Pear":15,"Gremlin Horn":6,"Blue Candle":20,"Pen Nib":13,"Omamori":13,"Sling":1,"Empty Cage":16,"Burning Blood":0,"Mercury Hourglass":14,"keyreminder:keyreminder":8,"Anchor":28,"Strawberry":21,"Tiny Chest":8,"Fusion Hammer":9,"Chemical X":14,"Toxic Egg 2":5,"Meat on the Bone":4},{"Girya":110,"Regal Pillow":98,"Pear":70,"Gremlin Horn":24,"Blue Candle":98,"Pen Nib":60,"Omamori":60,"Sling":5,"Empty Cage":78,"Burning Blood":0,"Mercury Hourglass":66,"keyreminder:keyreminder":35,"Anchor":145,"Strawberry":103,"Tiny Chest":35,"Fusion Hammer":46,"Chemical X":66,"Toxic Egg 2":20,"Meat on the Bone":17}],"Burning Blood":143,"Meat on the Bone":156,"Mercury Hourglass":[334]},"card_choices":[{"not_picked":["Rage","Warcry"],"picked":"Pommel Strike","floor":1.0},{"not_picked":["Heavy Blade","Clothesline"],"picked":"Combust","floor":4.0},{"not_picked":["Whirlwind","Body Slam"],"picked":"Spot Weakness","floor":5.0},{"not_picked":["Iron Wave","Flex"],"picked":"Power Through","floor":7.0},{"not_picked":["Heavy Blade","Body Slam"],"picked":"Shrug It Off","floor":8.0},{"not_picked":["Body Slam","Brutality"],"picked":"Rupture","floor":10.0},{"not_picked":["Twin Strike","Sentinel+1"],"picked":"True Grit+1","floor":13.0},{"not_picked":["Perfected Strike","Clash"],"picked":"Battle Trance+1","floor":14.0},{"not_picked":["Berserk","Exhume+1"],"picked":"Feed","floor":16.0},{"not_picked":["Searing Blow","Pommel Strike"],"picked":"Whirlwind","floor":18.0},{"not_picked":["Pommel Strike","Cleave","Reckless Charge"],"picked":"SKIP","floor":20.0},{"not_picked":["Armaments+1","Pummel"],"picked":"Second Wind+1","floor":22.0},{"not_picked":["Second Wind+1","Body Slam"],"picked":"Armaments+1","floor":24.0},{"not_picked":["Burning Pact+1","Clothesline"],"picked":"Pommel Strike+1","floor":28.0},{"not_picked":["Exhume+1","Anger"],"picked":"Feel No Pain","floor":31.0},{"not_picked":["Impervious+1","Juggernaut"],"picked":"Reaper","floor":33.0},{"not_picked":["Thunderclap","Feel No Pain"],"picked":"Spot Weakness+1","floor":35.0},{"not_picked":["Pommel Strike","Hemokinesis"],"picked":"Warcry+1","floor":37.0},{"not_picked":["Warcry+1","Iron Wave+1"],"picked":"Sword Boomerang+1","floor":38.0},{"not_picked":["Warcry+1","Immolate"],"picked":"Shockwave+1","floor":40.0},{"not_picked":["Thunderclap+1","Clash"],"picked":"Shrug It Off+1","floor":42.0},{"not_picked":["Spot Weakness+1","Sentinel+1","Havoc+1"],"picked":"SKIP","floor":44.0},{"not_picked":["Whirlwind","Anger"],"picked":"Seeing Red+1","floor":45.0},{"not_picked":["Whirlwind+1","Sever Soul"],"picked":"Evolve+1","floor":46.0},{"not_picked":["Spot Weakness+1","Heavy Blade+1","Warcry+1"],"picked":"SKIP","floor":47.0},{"not_picked":["Spot Weakness+1","Heavy Blade+1"],"picked":"Warcry+1","floor":47.0},{"not_picked":["Perfected Strike","Carnage+1"],"picked":"Exhume+1","floor":55.0}],"player_experience":2486682,"relics_obtained":[{"floor":7.0,"key":"Meat on the Bone"},{"floor":9.0,"key":"Toxic Egg 2"},{"floor":10.0,"key":"Gremlin Horn"},{"floor":14.0,"key":"Tiny Chest"},{"floor":24.0,"key":"Pen Nib"},{"floor":27.0,"key":"Omamori"},{"floor":28.0,"key":"Mercury Hourglass"},{"floor":31.0,"key":"Pear"},{"floor":40.0,"key":"Regal Pillow"},{"floor":41.0,"key":"Blue Candle"},{"floor":43.0,"key":"Strawberry"},{"floor":45.0,"key":"Girya"},{"floor":55.0,"key":"Anchor"}],"event_choices":[{"damage_healed":0.0,"max_hp_gain":0.0,"max_hp_loss":0.0,"gold_gain":0.0,"event_name":"Upgrade Shrine","player_choice":"Upgraded","floor":3.0,"gold_loss":0.0,"damage_taken":0.0,"cards_upgraded":["Limit Break"]},{"cards_removed":["Strike_R"],"damage_healed":0.0,"max_hp_gain":0.0,"max_hp_loss":0.0,"gold_gain":0.0,"event_name":"Designer","player_choice":"Upgrade and Remove","floor":19.0,"gold_loss":110.0,"damage_taken":0.0,"cards_upgraded":["Whirlwind"]},{"damage_healed":0.0,"max_hp_gain":0.0,"max_hp_loss":0.0,"gold_gain":0.0,"event_name":"Match and Keep!","player_choice":"0 cards matched","floor":21.0,"gold_loss":0.0,"damage_taken":0.0,"cards_obtained":[]},{"damage_healed":0.0,"max_hp_gain":0.0,"max_hp_loss":0.0,"gold_gain":0.0,"event_name":"Duplicator","player_choice":"Copied","floor":30.0,"gold_loss":0.0,"damage_taken":0.0,"cards_obtained":["Limit Break"]},{"cards_removed":["Defend_R"],"damage_healed":0.0,"max_hp_gain":0.0,"max_hp_loss":0.0,"gold_gain":0.0,"event_name":"Purifier","player_choice":"Purged","floor":36.0,"gold_loss":0.0,"damage_taken":0.0}],"is_beta":true,"boss_relics":[{"not_picked":["Pandora\u0027s Box","SacredBark"],"picked":"Fusion Hammer"},{"not_picked":["Mark of Pain","Calling Bell"],"picked":"Empty Cage"}],"items_purged_floors":[11],"is_endless":false,"potions_floor_spawned":[1,5,10,16,18,31,33,35,42,45,46,47,55],"killed_by":"The Heart","ascension_level":20}}