{"host":"x1qj4d8ympd5jdqh","time":1607604209,"event":{"gold_per_floor":[110,128,128,29,29,29,64,64,64,83,83,118,118,118,118,243,243,263,263,284,284,284,284,316,316,316,226,236,236,246,25,25,126,126,143,143,18,18,18,18,18,18,18,18,38,72,72,20,20,20],"floor_reached":51,"playtime":1494,"items_purged":["Strike_MRS","IllusionStar","Wraith"],"score":1075,"play_id":"3b8f34a6-989e-40d1-aa48-34a36ff04cfa","local_time":"20201210214329","is_ascension_mode":true,"campfire_choices":[{"data":"BinaryStars","floor":6.0,"key":"SMITH"},{"data":"PulseMagic","floor":8.0,"key":"SMITH"},{"data":"Acceleration","floor":11.0,"key":"SMITH"},{"data":"MasterSpark","floor":15.0,"key":"SMITH"},{"data":"OneTimeOff","floor":23.0,"key":"SMITH"},{"data":"EnergyFlow","floor":29.0,"key":"SMITH"},{"data":"MillisecondPulsars","floor":32.0,"key":"SMITH"},{"data":"UpSweep","floor":40,"key":"SMITH"},{"data":"AsteroidBelt","floor":47,"key":"SMITH"},{"data":"EnergyRecoil","floor":49,"key":"SMITH"}],"neow_cost":"NONE","seed_source_timestamp":0,"circlet_count":0,"master_deck":["MasterSpark+1","UpSweep+1","Acceleration+1","AsteroidBelt+1","PulseMagic+1","PowerUp+1","MillisecondPulsars+1","Orbital","EnergyFlow+1","EnergyRecoil+1","BlazeAway","OneTimeOff+1","ManaConvection+1","OortCloud+1","SporeBomb+1","FairyDestructionRay","Acceleration+1","AsteroidBelt+1","Finesse+1","MilkyWay+1","MilkyWay+1"],"special_seed":0,"relics":["MiniHakkero","NeowsBlessing","Pear","Bronze Scales","Blue Candle","Singing Bowl","Bloody Idol","Pandora\u0027s Box","Orichalcum","Toxic Egg 2","Empty Cage","Mercury Hourglass","BreadOfAWashokuLover","Eternal Feather"],"potions_floor_usage":[42,50],"damage_taken":[{"damage":0.0,"enemies":"Cultist","floor":1.0,"turns":1.0},{"damage":0.0,"enemies":"Jaw Worm","floor":2.0,"turns":1.0},{"damage":0.0,"enemies":"3 Sentries","floor":7.0,"turns":1.0},{"damage":0.0,"enemies":"Small Slimes","floor":10.0,"turns":2.0},{"damage":18.0,"enemies":"Gremlin Nob","floor":12.0,"turns":4.0},{"damage":0.0,"enemies":"Slime Boss","floor":16.0,"turns":2.0},{"damage":4.0,"enemies":"Spheric Guardian","floor":18.0,"turns":4.0},{"damage":11.0,"enemies":"Shell Parasite","floor":20.0,"turns":4.0},{"damage":38.0,"enemies":"Slavers","floor":24.0,"turns":6.0},{"damage":14.0,"enemies":"Sentry and Sphere","floor":28.0,"turns":4.0},{"damage":0.0,"enemies":"Chosen and Byrds","floor":30.0,"turns":5.0},{"damage":0.0,"enemies":"Automaton","floor":33.0,"turns":6.0},{"damage":6.0,"enemies":"Orb Walker","floor":35.0,"turns":4.0},{"damage":0,"enemies":"Reptomancer","floor":42,"turns":1},{"damage":22,"enemies":"3 Darklings","floor":45,"turns":4},{"damage":0,"enemies":"Nemesis","floor":46,"turns":5},{"damage":9,"enemies":"Donu and Deca","floor":50,"turns":5}],"seed_played":"-863940517435651035","potions_obtained":[{"floor":2.0,"key":"SmokeBomb"},{"floor":12.0,"key":"FearPotion"},{"floor":16.0,"key":"Swift Potion"},{"floor":20.0,"key":"AttackPotion"},{"floor":28.0,"key":"Block Potion"},{"floor":35.0,"key":"GamblersBrew"},{"floor":45,"key":"DistilledChaos"}],"is_trial":false,"path_per_floor":["M","M","?","$","?","R","E","R","T","M","R","E","T","?","R","B",null,"M","?","M","?","?","R","E","?","T","?","M","R","M","$","R","B",null,"M","?","$","?","?","R","T","E","T","$","M","E","R","$","R","B",null],"character_chosen":"MARISA","items_purchased":["WitchLeyline","FairyDestructionRay","Acceleration+1","MilkyWay+1"],"campfire_rested":0,"item_purchase_floors":[4,31,31,48],"current_hp_per_floor":[75,75,80,80,80,80,90,90,90,90,90,72,72,72,72,72,83,81,81,72,72,72,72,39,39,39,39,30,30,35,35,35,42,89,88,88,88,82,82,82,82,82,82,82,65,72,84,84,95,89],"gold":20,"neow_bonus":"THREE_ENEMY_KILL","is_prod":false,"is_daily":false,"chose_seed":false,"campfire_upgraded":10,"win_rate":0,"timestamp":1607604209,"path_taken":["M","?","?","$","?","R","E","R","T","M","R","E","?","?","R","BOSS","M","?","M","?","?","R","E","?","T","?","M","R","M","$","R","BOSS","M","?","$","?","?","R","?","E","T","$","?","E","R","$","R","BOSS"],"build_version":"2020-11-30","purchased_purges":3,"victory":true,"max_hp_per_floor":[75,75,80,80,80,80,90,90,90,90,90,90,90,83,83,83,83,85,85,87,87,87,87,87,87,87,87,87,87,87,87,87,89,89,89,89,89,93,93,93,93,93,93,93,93,95,95,95,95,95],"card_choices":[{"not_picked":["UnstableBomb","AsteroidBelt"],"picked":"Acceleration","floor":1.0},{"not_picked":["UnstableBomb","ShootingEcho"],"picked":"AsteroidBelt","floor":2.0},{"not_picked":["StarBarrage","NonDirectionalLaser"],"picked":"PulseMagic","floor":7.0},{"not_picked":["IllusionStar","BigCrunch"],"picked":"PowerUp","floor":10.0},{"not_picked":["Singularity","DC"],"picked":"IllusionStar","floor":12.0},{"not_picked":["MaximisePower","AbsoluteMagnitude"],"picked":"MillisecondPulsars","floor":16.0},{"not_picked":["StarBarrage","PowerUp+1","StarlightTyphoon+1"],"picked":"Singing Bowl","floor":18.0},{"not_picked":["DC","IllusionStar","GravityBeat"],"picked":"Singing Bowl","floor":20.0},{"not_picked":["Orbital+1","EnergyFlow"],"picked":"ManaConvection+1","floor":24.0},{"not_picked":["ManaConvection+1","SporeBomb+1"],"picked":"OortCloud+1","floor":28.0},{"not_picked":["Acceleration+1","GrandCross"],"picked":"SporeBomb+1","floor":30.0},{"not_picked":["MaximisePower+1","EscapeVelocity","JA"],"picked":"Singing Bowl","floor":33.0},{"not_picked":["NonDirectionalLaser","WitchOfGreed"],"picked":"AsteroidBelt+1","floor":35.0},{"not_picked":["Swift Strike","Sadistic Nature","Blind+1"],"picked":"Singing Bowl","floor":38},{"not_picked":["Discovery+1","Purity+1","HandOfGreed"],"picked":"Singing Bowl","floor":38},{"not_picked":["PanicButton+1","Enlightenment+1"],"picked":"Finesse+1","floor":38},{"not_picked":["DragonMeteor","DoubleSpark+1"],"picked":"MilkyWay+1","floor":45},{"not_picked":["MachineGunSpark","Singularity+1","ShootTheMoon"],"picked":"Singing Bowl","floor":46}],"player_experience":1298672,"relics_obtained":[{"floor":7.0,"key":"Pear"},{"floor":9.0,"key":"Bronze Scales"},{"floor":12.0,"key":"Blue Candle"},{"floor":13.0,"key":"Singing Bowl"},{"floor":24.0,"key":"Orichalcum"},{"floor":26.0,"key":"Toxic Egg 2"},{"floor":41,"key":"Mercury Hourglass"},{"floor":43,"key":"BreadOfAWashokuLover"},{"floor":46,"key":"Eternal Feather"}],"event_choices":[{"damage_healed":0.0,"max_hp_gain":5.0,"max_hp_loss":0.0,"gold_gain":0.0,"event_name":"Big Fish","player_choice":"Donut","floor":3.0,"gold_loss":0.0,"damage_taken":0.0},{"damage_healed":0.0,"max_hp_gain":0.0,"max_hp_loss":0.0,"gold_gain":0.0,"cards_transformed":["Strike_MRS"],"event_name":"Living Wall","player_choice":"Change","floor":5.0,"gold_loss":0.0,"damage_taken":0.0,"cards_obtained":["BinaryStars"]},{"damage_healed":0.0,"max_hp_gain":0.0,"max_hp_loss":7.0,"gold_gain":0.0,"event_name":"Golden Idol","player_choice":"Lose Max HP","floor":14.0,"gold_loss":0.0,"damage_taken":0.0,"relics_obtained":["Golden Idol"]},{"damage_healed":0.0,"max_hp_gain":0.0,"max_hp_loss":0.0,"gold_gain":0.0,"event_name":"The Library","player_choice":"Read","floor":19.0,"gold_loss":0.0,"damage_taken":0.0,"cards_obtained":["OneTimeOff"]},{"damage_healed":0.0,"max_hp_gain":0.0,"max_hp_loss":0.0,"gold_gain":0.0,"event_name":"Ghosts","player_choice":"Ignored","floor":21.0,"gold_loss":0.0,"damage_taken":0.0},{"damage_healed":0.0,"max_hp_gain":0.0,"max_hp_loss":0.0,"gold_gain":0.0,"event_name":"Forgotten Altar","player_choice":"Gave Idol","floor":22.0,"relics_lost":["Golden Idol"],"gold_loss":0.0,"damage_taken":0.0,"relics_obtained":["Bloody Idol"]},{"cards_removed":["BinaryStars"],"damage_healed":0.0,"max_hp_gain":0.0,"max_hp_loss":0.0,"gold_gain":0.0,"event_name":"Back to Basics","player_choice":"Elegance","floor":25.0,"gold_loss":0.0,"damage_taken":0.0},{"cards_removed":["WitchLeyline"],"damage_healed":0.0,"max_hp_gain":0.0,"max_hp_loss":0.0,"gold_gain":0.0,"event_name":"Designer","player_choice":"Upgrade and Remove","floor":27.0,"gold_loss":90.0,"damage_taken":0.0,"cards_upgraded":["PowerUp"]},{"damage_healed":0,"gold_gain":0,"player_choice":"Ignored","damage_taken":0,"max_hp_gain":0,"max_hp_loss":0,"event_name":"OrinTheCat","floor":36,"gold_loss":0},{"damage_healed":0,"gold_gain":0,"player_choice":"Memory 3","damage_taken":10,"max_hp_gain":0,"max_hp_loss":0,"event_name":"SensoryStone","floor":38,"gold_loss":0},{"damage_healed":0,"gold_gain":0,"player_choice":"Ignored","damage_taken":0,"max_hp_gain":0,"max_hp_loss":0,"event_name":"Mysterious Sphere","floor":39,"gold_loss":0}],"is_beta":false,"boss_relics":[{"not_picked":["Snecko Eye","Busted Crown"],"picked":"Pandora\u0027s Box"},{"not_picked":["Runic Dome","RampagingMagicTools"],"picked":"Empty Cage"}],"items_purged_floors":[4,31,37],"is_endless":false,"potions_floor_spawned":[2,12,16,20,28,35,45],"ascension_level":3}}