{"host":"m6aaltr68g9tvoay","time":1607633986,"event":{"mods":["BaseMod","StSLib","Colored Map","AchievementEnabler","Minty Spire (QoL Compilation)"],"gold_per_floor":[113,113,131,131,144,144,158,173,199,199,217,45,57,76,76,151,151,162,162,181,20,20,54,54,74,74,74,84,84,96,123,123,123,123],"floor_reached":33,"playtime":1078,"items_purged":[],"score":534,"play_id":"a7ddaed9-971c-4a44-9c59-9043f155494e","local_time":"20201210125946","is_ascension_mode":true,"campfire_choices":[{"data":"Armaments","floor":6,"key":"SMITH"},{"data":"Fire Breathing","floor":10,"key":"SMITH"},{"data":"Flame Barrier","floor":15,"key":"SMITH"},{"floor":24,"key":"REST"},{"data":"Fiend Fire","floor":29,"key":"SMITH"},{"floor":32,"key":"REST"}],"circlet_count":0,"master_deck":["AscendersBane","Strike_R+1","Strike_R+1","Strike_R+1","Strike_R+1","Strike_R+1","Defend_R+1","Defend_R+1","Defend_R+1","Defend_R+1","Bash","Intimidate","Armaments+1","Uppercut","Fire Breathing+1","Flame Barrier+1","Double Tap","Wild Strike","Impervious","Fiend Fire+1","Ghostly Armor+1","Infernal Blade"],"relics":["Burning Blood","Centennial Puzzle","Smiling Mask","Chemical X","Mark of Pain","MealTicket","Bag of Preparation","Charon\u0027s Ashes","Vajra"],"acts_visited":["Exordium","TheCity"],"potions_floor_usage":[16,16,23,25,33],"damage_taken":[{"damage":12,"enemies":"Jaw Worm","floor":1,"turns":2},{"damage":4,"enemies":"Cultist","floor":3,"turns":3},{"damage":1,"enemies":"2 Louse","floor":5,"turns":3},{"damage":8,"enemies":"Looter","floor":7,"turns":4},{"damage":16,"enemies":"Gremlin Gang","floor":8,"turns":7},{"damage":7,"enemies":"2 Fungi Beasts","floor":11,"turns":4},{"damage":26,"enemies":"Large Slime","floor":13,"turns":4},{"damage":6,"enemies":"Blue Slaver","floor":14,"turns":5},{"damage":25,"enemies":"Hexaghost","floor":16,"turns":13},{"damage":2,"enemies":"3 Byrds","floor":18,"turns":4},{"damage":2,"enemies":"Chosen","floor":20,"turns":4},{"damage":29,"enemies":"Slavers","floor":23,"turns":5},{"damage":7,"enemies":"Centurion and Healer","floor":25,"turns":5},{"damage":11,"enemies":"Chosen and Byrds","floor":28,"turns":4},{"damage":0,"enemies":"Snake Plant","floor":30,"turns":1},{"damage":20,"enemies":"Book of Stabbing","floor":31,"turns":5},{"damage":80,"enemies":"Collector","floor":33,"turns":8}],"seed_played":"-1578749169049946112","potions_obtained":[{"floor":1,"key":"PowerPotion"},{"floor":3,"key":"BlessingOfTheForge"},{"floor":11,"key":"HeartOfIron"},{"floor":18,"key":"LiquidBronze"},{"floor":20,"key":"Fire Potion"},{"floor":25,"key":"Fruit Juice"}],"is_trial":false,"path_per_floor":["M","?","M","?","M","R","M","M","T","R","M","$","M","M","R","B",null,"M","?","M","$","?","E","R","M","T","?","M","R","M","E","R","B"],"character_chosen":"IRONCLAD","items_purchased":["Chemical X","MealTicket"],"campfire_rested":2,"item_purchase_floors":[12,21],"current_hp_per_floor":[62,62,64,57,62,62,60,50,50,50,49,49,29,29,29,10,59,63,63,67,67,67,44,66,70,70,80,75,75,80,66,80,0,0],"gold":123,"neow_bonus":"RANDOM_COMMON_RELIC","is_daily":false,"chose_seed":false,"campfire_upgraded":4,"win_rate":0,"timestamp":1607633986,"path_taken":["M","?","?","?","M","R","M","M","T","R","M","$","M","M","R","BOSS","M","?","M","$","?","E","R","?","T","?","M","R","M","E","R","BOSS"],"build_version":"2020-11-30","purchased_purges":0,"victory":false,"max_hp_per_floor":[75,75,75,75,75,75,75,75,75,75,75,75,75,75,75,75,75,75,75,75,75,75,75,75,80,80,80,80,80,80,80,80,80,80],"card_choices":[{"not_picked":["Clash","Battle Trance"],"picked":"Intimidate","floor":1},{"not_picked":["Evolve","Pommel Strike"],"picked":"Armaments","floor":3},{"not_picked":["Searing Blow","Sentinel"],"picked":"Uppercut","floor":5},{"not_picked":["Twin Strike","Inflame"],"picked":"Fire Breathing","floor":7},{"not_picked":["Twin Strike","Clash","Heavy Blade"],"picked":"SKIP","floor":8},{"not_picked":["Disarm","Dual Wield"],"picked":"Flame Barrier","floor":11},{"not_picked":["Berserk","Battle Trance","Iron Wave"],"picked":"SKIP","floor":13},{"not_picked":["Wild Strike","Seeing Red","Perfected Strike"],"picked":"SKIP","floor":14},{"not_picked":["Offering","Brutality"],"picked":"Double Tap","floor":16},{"not_picked":["Sword Boomerang","Havoc"],"picked":"Wild Strike","floor":18},{"not_picked":["Spot Weakness","Shrug It Off"],"picked":"Impervious","floor":20},{"not_picked":["Clothesline","Reckless Charge"],"picked":"Ghostly Armor+1","floor":23},{"not_picked":["Heavy Blade","Clothesline","Clash"],"picked":"SKIP","floor":25},{"not_picked":["Headbutt","Hemokinesis","Armaments+1"],"picked":"SKIP","floor":28},{"not_picked":["Searing Blow","Wild Strike","Flex+1"],"picked":"SKIP","floor":30},{"not_picked":["Clash","Wild Strike"],"picked":"Infernal Blade","floor":31}],"player_experience":1210718,"relics_obtained":[{"floor":9,"key":"Smiling Mask"},{"floor":23,"key":"Bag of Preparation"},{"floor":26,"key":"Charon\u0027s Ashes"},{"floor":31,"key":"Vajra"}],"event_choices":[{"damage_healed":0,"gold_gain":0,"player_choice":"Cursed","damage_taken":0,"max_hp_gain":0,"max_hp_loss":0,"event_name":"Wheel of Change","floor":2,"gold_loss":0,"cards_obtained":["Decay"]},{"cards_removed":["Decay"],"damage_healed":0,"gold_gain":0,"player_choice":"Card Removal","damage_taken":7,"max_hp_gain":0,"max_hp_loss":0,"event_name":"Golden Wing","floor":4,"gold_loss":0},{"damage_healed":0,"gold_gain":0,"player_choice":"Simplicity","damage_taken":0,"max_hp_gain":0,"max_hp_loss":0,"event_name":"Back to Basics","floor":19,"gold_loss":0,"cards_upgraded":["Strike_R","Strike_R","Strike_R","Strike_R","Strike_R","Defend_R","Defend_R","Defend_R","Defend_R"]},{"damage_healed":0,"gold_gain":0,"player_choice":"1 cards matched","damage_taken":0,"max_hp_gain":0,"max_hp_loss":0,"event_name":"Match and Keep!","floor":22,"gold_loss":0,"cards_obtained":["Fiend Fire"]},{"damage_healed":16,"gold_gain":0,"player_choice":"Heal","damage_taken":0,"max_hp_gain":0,"max_hp_loss":0,"event_name":"The Library","floor":27,"gold_loss":0}],"is_beta":false,"boss_relics":[{"not_picked":["Busted Crown","Empty Cage"],"picked":"Mark of Pain"}],"items_purged_floors":[],"is_endless":false,"potions_floor_spawned":[1,3,11,13,18,20,25],"killed_by":"Collector","ascension_level":18}}