{"host":"p084pgp93u1tv48k","time":1607640212,"event":{"mods":["BaseMod","StSLib","AchievementEnabler","Hermit","Quick Restart","Minty Spire (QoL Compilation)","A Magickal Journey","The Mystic"],"gold_per_floor":[111,111,34,34,53,83,103,103,103,120,135,135,135],"floor_reached":12,"playtime":419,"items_purged":[],"score":80,"play_id":"d967cba2-39cc-4d59-b226-d62b3ef3f4bd","local_time":"20201210181332","is_ascension_mode":false,"campfire_choices":[{"data":"hermit:Brawl","floor":8,"key":"SMITH"}],"circlet_count":0,"master_deck":["hermit:Strike_Hermit","hermit:Strike_Hermit","hermit:Strike_Hermit","hermit:Strike_Hermit","hermit:Defend_Hermit","hermit:Defend_Hermit","hermit:Defend_Hermit","hermit:Defend_Hermit","hermit:Snapshot","hermit:Covet","hermit:Snipe","hermit:Brawl+1","hermit:BigShot","hermit:Quickdraw"],"relics":["SlaversCollar","hermit:Horseshoe","hermit:CharredGlove","Bottled Lightning"],"acts_visited":["Exordium"],"potions_floor_usage":[12],"damage_taken":[{"damage":3,"enemies":"Jaw Worm","floor":1,"turns":3},{"damage":8,"enemies":"Small Slimes","floor":5,"turns":3},{"damage":17,"enemies":"3 Sentries","floor":6,"turns":6},{"damage":0,"enemies":"2 Louse","floor":7,"turns":2},{"damage":18,"enemies":"Lots of Slimes","floor":10,"turns":4},{"damage":8,"enemies":"Blue Slaver","floor":11,"turns":4},{"damage":18,"enemies":"Gremlin Nob","floor":12,"turns":3}],"seed_played":"381810723804376318","potions_obtained":[{"floor":5,"key":"LiquidBronze"},{"floor":6,"key":"LiquidMemories"},{"floor":11,"key":"BlessingOfTheForge"}],"is_trial":false,"path_per_floor":["M","?","$","?","M","E","M","R","T","M","M","E"],"character_chosen":"HERMIT","items_purchased":["hermit:Brawl"],"campfire_rested":0,"item_purchase_floors":[3],"current_hp_per_floor":[72,72,72,69,61,44,44,44,44,26,18,0,0],"gold":135,"neow_bonus":"BOSS_RELIC","is_daily":false,"chose_seed":false,"campfire_upgraded":1,"win_rate":0.0,"timestamp":1607640212,"path_taken":["M","?","$","?","M","E","M","R","T","M","M","E"],"build_version":"2020-11-30","purchased_purges":0,"victory":false,"max_hp_per_floor":[75,75,75,75,75,75,75,75,75,75,75,75,75],"card_choices":[{"not_picked":["hermit:WideOpen","hermit:Manifest"],"picked":"hermit:Snipe","floor":1},{"not_picked":["hermit:Ricochet","hermit:TrackingShot"],"picked":"hermit:BigShot","floor":5},{"not_picked":["hermit:DeadMansHand","hermit:HoleUp"],"picked":"hermit:Quickdraw","floor":6},{"not_picked":["hermit:CalledShot","hermit:Cheat","hermit:Ricochet"],"picked":"SKIP","floor":7},{"not_picked":["hermit:Desperado","hermit:Maintenance","hermit:Snipe"],"picked":"SKIP","floor":10},{"not_picked":["hermit:Manifest","hermit:ItchyTrigger","hermit:WideOpen"],"picked":"SKIP","floor":11}],"player_experience":83532,"relics_obtained":[{"floor":6,"key":"hermit:CharredGlove"},{"floor":9,"key":"Bottled Lightning"}],"event_choices":[{"damage_healed":0,"gold_gain":0,"player_choice":"Ignored","damage_taken":0,"max_hp_gain":0,"max_hp_loss":0,"event_name":"Liars Game","floor":2,"gold_loss":0},{"damage_healed":0,"gold_gain":0,"player_choice":"Success","damage_taken":3,"relics_obtained":["hermit:Horseshoe"],"max_hp_gain":0,"max_hp_loss":0,"event_name":"Scrap Ooze","floor":4,"gold_loss":0}],"is_beta":false,"boss_relics":[],"items_purged_floors":[],"is_endless":false,"potions_floor_spawned":[5,6,11],"killed_by":"Gremlin Nob","ascension_level":0}}