{"host":"g4jqqbmo30rq7cal","time":1607615650,"event":{"gold_per_floor":[110,120,120,52,68,68,86,96,96,130,130,155,183,233,233,328,328,346,346,59,59,75,110,110,126,176,187,187,187,206,206,206,206,206],"floor_reached":33,"playtime":1539,"items_purged":[],"score":302,"play_id":"f9e84fb1-dff7-4658-8547-c7ce22ecd7fc","local_time":"20201210205410","is_ascension_mode":false,"campfire_choices":[{"data":"Zap","floor":6,"key":"SMITH"},{"data":"Redo","floor":11,"key":"SMITH"},{"floor":15,"key":"REST"},{"floor":24,"key":"REST"},{"floor":29,"key":"REST"},{"floor":32,"key":"REST"}],"neow_cost":"CURSE","seed_source_timestamp":106797956621500,"circlet_count":0,"master_deck":["Strike_B","Strike_B","Strike_B","Strike_B","Defend_B","Defend_B","Defend_B","Defend_B","Zap+1","Dualcast","Injury","Ball Lightning","Sweeping Beam","Loop","Redo+1","BootSequence","Buffer","Defragment","Conserve Battery","Pulse","Amplify","CurseOfTheBell","Redo+1","Melter","Turbo","White Noise","Buffer","Stack","Leap"],"relics":["Cracked Core","HushsDoor","MoneyPower","PunchingBag","Singing Bowl","Bag of Marbles","Gremlin Horn","Toy Ornithopter","Calling Bell","Question Card","Du-Vu Doll","Happy Flower","GuppysHead","MutagenicStrength","BelialBook"],"potions_floor_usage":[10,13,14,14,28,30],"damage_taken":[{"damage":0,"enemies":"2 Louse","floor":1,"turns":2},{"damage":1,"enemies":"Small Slimes","floor":2,"turns":3},{"damage":1,"enemies":"Cultist","floor":5,"turns":3},{"damage":4,"enemies":"Large Slime","floor":7,"turns":4},{"damage":3,"enemies":"Lots of Slimes","floor":8,"turns":2},{"damage":1,"enemies":"Gremlin Nob","floor":10,"turns":4},{"damage":1,"enemies":"Looter","floor":12,"turns":3},{"damage":8,"enemies":"Lagavulin","floor":13,"turns":6},{"damage":12,"enemies":"Hiden Room Battle","floor":14,"turns":3},{"damage":4,"enemies":"Slime Boss","floor":16,"turns":9},{"damage":0,"enemies":"Chosen","floor":18,"turns":3},{"damage":10,"enemies":"2 Thieves","floor":22,"turns":3},{"damage":35,"enemies":"Gremlin Leader","floor":23,"turns":7},{"damage":35,"enemies":"Centurion and Healer","floor":25,"turns":6},{"damage":1,"enemies":"Snecko","floor":27,"turns":4},{"damage":0,"enemies":"Colosseum Slavers","floor":28,"turns":3},{"damage":12,"enemies":"Sentry and Sphere","floor":30,"turns":4},{"damage":83,"enemies":"Collector","floor":33,"turns":8}],"seed_played":"-2763538018433874344","potions_obtained":[{"floor":1,"key":"Explosive Potion"},{"floor":5,"key":"Explosive Potion"},{"floor":8,"key":"SkillPotion"},{"floor":12,"key":"SpeedPotion"},{"floor":23,"key":"SmokeBomb"},{"floor":25,"key":"DistilledChaos"},{"floor":27,"key":"Block Potion"}],"is_trial":false,"path_per_floor":["M","M","?","$","M","R","M","M","T","E","R","M","E","?","R","B",null,"M","?","$","?","M","E","R","M","T","M","?","R","M","?","R","B"],"character_chosen":"DEFECT","items_purchased":["Loop","GuppysHead","FairyPotion","Melter","Turbo","White Noise","Buffer"],"campfire_rested":4,"item_purchase_floors":[4,17,17,20,20,20,20],"current_hp_per_floor":[75,74,74,74,73,73,69,66,66,65,65,64,56,44,66,62,61,61,61,61,61,53,18,36,3,3,2,7,26,21,9,30,0,0],"gold":206,"neow_bonus":"ONE_RARE_RELIC","is_prod":false,"is_daily":false,"chose_seed":false,"campfire_upgraded":2,"win_rate":0,"timestamp":1607615650,"path_taken":["M","M","?","$","M","R","M","M","T","E","R","?","E","?","R","BOSS","M","?","$","?","M","E","R","M","T","M","?","R","?","?","R","BOSS"],"build_version":"2020-11-30","purchased_purges":0,"victory":false,"max_hp_per_floor":[75,75,75,75,75,75,75,75,75,75,75,75,75,75,75,75,61,61,61,61,61,63,63,63,65,65,65,65,65,67,72,72,72,72],"card_choices":[{"not_picked":["Coolheaded","Hologram"],"picked":"Ball Lightning","floor":1},{"not_picked":["Steam","Auto Shields"],"picked":"Sweeping Beam","floor":2},{"not_picked":["Static Discharge","Hologram"],"picked":"Redo","floor":5},{"not_picked":["Sweeping Beam","Capacitor"],"picked":"BootSequence","floor":7},{"not_picked":["Sweeping Beam","Beam Cell"],"picked":"Buffer","floor":8},{"not_picked":["Hello World","Gash"],"picked":"Defragment","floor":10},{"not_picked":["Steam","Darkness"],"picked":"Conserve Battery","floor":12},{"not_picked":["Distribution","Recycle"],"picked":"Bomb","floor":13},{"not_picked":["Hologram","Streamline"],"picked":"Pulse","floor":14},{"not_picked":["Hyperbeam","Meteor Strike"],"picked":"Amplify","floor":16},{"not_picked":["Barrage","FTL","Distribution"],"picked":"Redo+1","floor":18},{"not_picked":["Go for the Eyes+1","Compile Driver","Sweeping Beam","Reprogram+1"],"picked":"Singing Bowl","floor":22},{"not_picked":["Sweeping Beam+1","Rebound","Reboot"],"picked":"Stack","floor":23},{"not_picked":["Cancel","Rebound","Storm","Coolheaded"],"picked":"Singing Bowl","floor":25},{"not_picked":["Streamline","Stack+1","Force Field+1"],"picked":"Leap","floor":27},{"not_picked":["Turbo+1","Glacier","Steam","Auto Shields+1"],"picked":"Singing Bowl","floor":30}],"player_experience":275358,"relics_obtained":[{"floor":9,"key":"Singing Bowl"},{"floor":10,"key":"Bag of Marbles"},{"floor":14,"key":"Gremlin Horn"},{"floor":14,"key":"Toy Ornithopter"},{"floor":17,"key":"Question Card"},{"floor":17,"key":"Du-Vu Doll"},{"floor":17,"key":"Happy Flower"},{"floor":23,"key":"BelialBook"}],"event_choices":[{"damage_healed":0,"gold_gain":0,"player_choice":"Leave","damage_taken":0,"max_hp_gain":0,"max_hp_loss":0,"event_name":"conspire:Investor","floor":3,"gold_loss":0},{"damage_healed":0,"gold_gain":0,"player_choice":"Fight","damage_taken":0,"max_hp_gain":0,"max_hp_loss":0,"event_name":"HidenRoomEvent","floor":14,"gold_loss":0},{"damage_healed":0,"gold_gain":0,"player_choice":"Ignored","damage_taken":0,"max_hp_gain":0,"max_hp_loss":0,"event_name":"Ghosts","floor":19,"gold_loss":0},{"damage_healed":0,"gold_gain":0,"player_choice":"Inject Mutagens","damage_taken":0,"relics_obtained":["MutagenicStrength"],"max_hp_gain":0,"max_hp_loss":0,"event_name":"Drug Dealer","floor":21,"gold_loss":0},{"damage_healed":0,"gold_gain":0,"player_choice":"Fight","damage_taken":0,"max_hp_gain":0,"max_hp_loss":0,"event_name":"Colosseum","floor":28,"gold_loss":0},{"damage_healed":0,"gold_gain":0,"player_choice":"Fled From Nobs","damage_taken":0,"max_hp_gain":0,"max_hp_loss":0,"event_name":"Colosseum","floor":28,"gold_loss":0},{"damage_healed":0,"gold_gain":0,"player_choice":"Shed Blood","damage_taken":17,"max_hp_gain":5,"max_hp_loss":0,"event_name":"Forgotten Altar","floor":31,"gold_loss":0}],"is_beta":false,"boss_relics":[{"not_picked":["Cursed Key","SacredBark"],"picked":"Calling Bell"},{"not_picked":[]}],"items_purged_floors":[],"is_endless":false,"potions_floor_spawned":[1,5,8,12,23,25,27],"killed_by":"Collector","ascension_level":0}}