{"host":"33rkmso4kk0bs68s","time":1607596593,"event":{"gold_per_floor":[125,50,50,57,76,76,26,59,112,112,112,146,213,232,232,295,295],"floor_reached":16,"playtime":417,"items_purged":["Strike_B"],"score":125,"play_id":"e7236096-0a2a-450b-a7a2-838ee740fa8a","local_time":"20201210183633","is_ascension_mode":true,"campfire_choices":[{"data":"Zap","floor":6,"key":"SMITH"},{"data":"Dualcast","floor":10,"key":"SMITH"},{"floor":15,"key":"REST"}],"neow_cost":"NONE","seed_source_timestamp":1463107749100,"circlet_count":0,"master_deck":["Strike_B","Strike_B","Defend_B","Defend_B+1","Defend_B+1","Zap+1","Dualcast+1","Streamline","Regret","Storm","Scrape","Gash","Go for the Eyes","Beam Cell"],"relics":["Cracked Core","HushsDoor","SalivaCoin","Replay:Antivirus Software","Regal Pillow","Boot"],"potions_floor_usage":[16],"damage_taken":[{"damage":5,"enemies":"Small Slimes","floor":1,"turns":3},{"damage":0,"enemies":"2 Louse","floor":5,"turns":2},{"damage":7,"enemies":"Jaw Worm","floor":8,"turns":3},{"damage":7,"enemies":"3 Louse","floor":12,"turns":2},{"damage":32,"enemies":"3 Sentries","floor":13,"turns":5},{"damage":1,"enemies":"Looter","floor":14,"turns":2},{"damage":51,"enemies":"Fading Forest","floor":16,"turns":7}],"seed_played":"7945308496061449644","potions_obtained":[{"floor":5,"key":"FearPotion"},{"floor":13,"key":"EssenceOfDarkness"}],"is_trial":false,"path_per_floor":["M","$","?","?","M","R","?","M","T","R","?","M","E","M","R","B"],"character_chosen":"DEFECT","items_purchased":[],"campfire_rested":1,"item_purchase_floors":[],"current_hp_per_floor":[70,70,70,55,55,55,55,48,48,48,48,41,9,8,45,0,0],"gold":295,"neow_bonus":"REMOVE_CARD","is_prod":false,"is_daily":false,"chose_seed":false,"campfire_upgraded":2,"win_rate":0,"timestamp":1607596593,"path_taken":["M","$","?","?","M","R","?","M","T","R","?","?","E","M","R","BOSS"],"build_version":"2020-11-30","purchased_purges":1,"victory":false,"max_hp_per_floor":[75,75,75,75,75,75,75,75,75,75,75,75,75,75,75,75,75],"card_choices":[{"not_picked":["Cold Snap","BasicCrystalCard"],"picked":"Streamline","floor":1},{"not_picked":["FTL","Steam Power"],"picked":"Storm","floor":5},{"not_picked":["BasicCrystalCard","Hologram"],"picked":"Scrape","floor":8},{"not_picked":["ReplaySolidLightProjector","Sweeping Beam"],"picked":"Gash","floor":12},{"not_picked":["Melter","Streamline"],"picked":"Go for the Eyes","floor":13},{"not_picked":["Streamline","Redo"],"picked":"Beam Cell","floor":14}],"player_experience":92739,"relics_obtained":[{"floor":9,"key":"Regal Pillow"},{"floor":13,"key":"Boot"}],"event_choices":[{"damage_healed":0,"gold_gain":0,"player_choice":"Box","damage_taken":0,"relics_obtained":["Replay:Antivirus Software"],"max_hp_gain":0,"max_hp_loss":0,"event_name":"Big Fish","floor":3,"gold_loss":0,"cards_obtained":["Regret"]},{"damage_healed":0,"gold_gain":0,"player_choice":"Entered Light","damage_taken":15,"max_hp_gain":0,"max_hp_loss":0,"event_name":"Shining Light","floor":4,"gold_loss":0,"cards_upgraded":["Defend_B","Defend_B"]},{"cards_removed":["Defend_B"],"damage_healed":0,"gold_gain":0,"player_choice":"Card Removal","damage_taken":0,"max_hp_gain":0,"max_hp_loss":0,"event_name":"The Cleric","floor":7,"gold_loss":50}],"is_beta":false,"boss_relics":[],"items_purged_floors":[2],"is_endless":false,"potions_floor_spawned":[5,13],"killed_by":"Fading Forest","ascension_level":5}}