{"host":"plluk4al3qmxlp2w","time":1607591970,"event":{"gold_per_floor":[110,110,35,55,67,67,94,369,369,396,408,433,453,135,135,232,232,248,261,58,58,71,106,123,123,171,198,198,297,330,133,133,236,236,251,62,62,62,76,103,113,113,113,132,63,76,91,122,122,122,122,122,84,111,11,11],"floor_reached":55,"playtime":2244,"items_purged":["Injury","Regret","Defend_G"],"score":1083,"play_id":"6ddaa553-1d83-4248-b4c9-835811cd7f1d","local_time":"20201210011930","is_ascension_mode":true,"campfire_choices":[{"floor":6,"key":"RECALL"},{"floor":15,"key":"REST"},{"data":"Phantasmal Killer","floor":25,"key":"SMITH"},{"floor":28,"key":"REST"},{"data":"Blade Dance","floor":32,"key":"SMITH"},{"data":"Storm of Steel","floor":42,"key":"SMITH"},{"floor":49,"key":"REST"},{"data":"Blade Dance","floor":52,"key":"SMITH"}],"neow_cost":"CURSE","seed_source_timestamp":894575341501800,"circlet_count":0,"master_deck":["Strike_G","Strike_G","Strike_G","Strike_G","Defend_G","Defend_G","Defend_G","Survivor","Neutralize+1","Acrobatics","Blade Dance+1","Flying Knee","Backflip","Skewer","Sucker Punch","Acrobatics","Backflip","Quick Slash","Phantasmal Killer+1","Dagger Spray","Blade Dance","Storm of Steel+1","All Out Attack","Skewer+1","Dagger Spray+1","Outmaneuver+1","Pot Of Greed","Pot Of Greed","Pot Of Greed","Adrenaline","Cloak And Dagger","Choke","Hidden Blade+1","Backstab","Madness","Madness","Dagger Spray+1","Outmaneuver","Pot Of Greed","Regret","Blade Dance+1","ReplayTheSpireMod:Scrap Shanks","Blade Dance+1","ReplayTheSpireMod:IOU","Storm of Steel","ReplayTheSpireMod:IOU","Adrenaline","Adrenaline","Choke"],"relics":["Ring of the Snake","FossilizedHelix","Ninja Scroll","Shuriken","Vajra","Replay:Bottled Flurry","Medical Kit","HandDrill","Replay:Kaleidoscope","Grinning Jar","StoneCalendar","Snake Skull","Cursed Key","Orichalcum","White Beast Statue","Divine Protection","Replay:Wax Seal","Eternal Feather"],"potions_floor_usage":[5,7,10,16,19,30,44,46,50,54,54],"damage_taken":[{"damage":2,"enemies":"Jaw Worm","floor":1,"turns":4},{"damage":0,"enemies":"2 Louse","floor":4,"turns":3},{"damage":0,"enemies":"Cultist","floor":5,"turns":4},{"damage":18,"enemies":"Gremlin Nob","floor":7,"turns":4},{"damage":14,"enemies":"Lagavulin","floor":10,"turns":4},{"damage":0,"enemies":"Red Slaver","floor":11,"turns":1},{"damage":19,"enemies":"3 Sentries","floor":12,"turns":5},{"damage":0,"enemies":"Blue Slaver","floor":13,"turns":2},{"damage":6,"enemies":"Fading Forest","floor":16,"turns":11},{"damage":0,"enemies":"3 Byrds","floor":18,"turns":5},{"damage":0,"enemies":"2 Thieves","floor":19,"turns":2},{"damage":0,"enemies":"Sentry and Sphere","floor":22,"turns":2},{"damage":12,"enemies":"Gremlin Leader","floor":23,"turns":3},{"damage":10,"enemies":"Centurion and Healer","floor":24,"turns":3},{"damage":18,"enemies":"Slavers","floor":27,"turns":4},{"damage":0,"enemies":"Book of Stabbing","floor":30,"turns":2},{"damage":40,"enemies":"Pondfish","floor":33,"turns":6},{"damage":6,"enemies":"3 Shapes","floor":35,"turns":2},{"damage":0,"enemies":"3 Darklings","floor":39,"turns":2},{"damage":0,"enemies":"Giant Head","floor":40,"turns":4},{"damage":11,"enemies":"Sphere and 2 Shapes","floor":41,"turns":2},{"damage":9,"enemies":"Maw","floor":44,"turns":5},{"damage":0,"enemies":"Transient","floor":46,"turns":5},{"damage":24,"enemies":"Sphere and 2 Shapes","floor":47,"turns":2},{"damage":0,"enemies":"Nemesis","floor":48,"turns":3},{"damage":42,"enemies":"Time Eater","floor":50,"turns":6},{"damage":6,"enemies":"Shield and Spear","floor":54,"turns":3},{"damage":71,"enemies":"The Heart","floor":55,"turns":3}],"seed_played":"1472785478306243528","potions_obtained":[{"floor":1,"key":"Poison Potion"},{"floor":5,"key":"Fruit Juice"},{"floor":7,"key":"ColorlessPotion"},{"floor":16,"key":"Fire Potion"},{"floor":22,"key":"Poison Potion"},{"floor":23,"key":"Reflective Coating"},{"floor":27,"key":"SkillPotion"},{"floor":30,"key":"Elixir"},{"floor":35,"key":"Adrenaline Potion"},{"floor":41,"key":"Strength Potion"},{"floor":44,"key":"Swift Potion"},{"floor":46,"key":"Energy Potion"},{"floor":54,"key":"Dexterity Potion"}],"is_trial":false,"path_per_floor":["M","?","$","M","M","R","E","?","T","E","M","E","M","$","R","B",null,"M","M","$","?","M","E","M","R","T","E","R","?","E","$","R","B",null,"M","$","?","?","M","E","M","R","T","M","$","M","M","E","R","B",null,"R","$","E","B"],"character_chosen":"THE_SILENT","items_purchased":["Medical Kit","Adrenaline Potion","Quick Slash","Blade Dance","HandDrill","Choke","Orichalcum","Backstab","ReplayTheSpireMod:Scrap Shanks","Replay:Wax Seal","Storm of Steel","Adrenaline"],"campfire_rested":3,"item_purchase_floors":[14,14,14,20,20,31,36,36,45,53,53,53],"current_hp_per_floor":[68,68,68,68,73,73,55,55,55,41,41,22,22,22,44,46,75,75,75,75,75,75,63,53,53,53,35,57,57,57,57,57,17,75,69,69,60,75,75,75,64,64,64,55,55,55,31,31,53,11,75,75,75,69,0,0],"gold":11,"neow_bonus":"ONE_RARE_RELIC","is_prod":false,"is_daily":false,"chose_seed":false,"campfire_upgraded":4,"win_rate":0,"timestamp":1607591970,"path_taken":["M","?","$","M","M","R","E","?","T","E","M","E","?","?","R","BOSS","M","M","?","?","M","E","M","R","T","E","R","?","E","$","R","BOSS","M","$","?","?","M","E","M","R","T","?","?","?","M","E","R","BOSS","R","$","E","BOSS"],"build_version":"2020-11-30","purchased_purges":3,"victory":false,"max_hp_per_floor":[70,70,70,70,75,75,75,75,75,75,75,75,75,75,75,75,75,75,75,75,75,75,75,75,75,75,75,75,75,75,75,75,75,75,75,75,75,75,75,75,75,75,75,75,75,75,75,75,75,75,75,75,75,75,75,75],"card_choices":[{"not_picked":["Choke","PiercingWail"],"picked":"Acrobatics","floor":1},{"not_picked":["Backflip","Acrobatics"],"picked":"Blade Dance","floor":4},{"not_picked":["Tactician","Predator"],"picked":"Flying Knee","floor":5},{"not_picked":["Acrobatics","Bane"],"picked":"Backflip","floor":7},{"not_picked":["Grand Finale","Toxin Wave"],"picked":"Skewer","floor":10},{"not_picked":["Catalyst","ReplayTheSpireMod:Speed Training"],"picked":"Sucker Punch","floor":11},{"not_picked":["Bouncing Flask","Glass Knife"],"picked":"Acrobatics","floor":12},{"not_picked":["Eviscerate","Caltrops"],"picked":"Backflip","floor":13},{"not_picked":["Adrenaline","ReplayTheSpireMod:Necrosis"],"picked":"Phantasmal Killer","floor":16},{"not_picked":["Dodge and Roll","Deadly Poison"],"picked":"Dagger Spray","floor":18},{"not_picked":["ReplayTheSpireMod:The Works","Distraction","Prepared+1"],"picked":"SKIP","floor":19},{"not_picked":["Bouncing Flask","Sucker Punch"],"picked":"Skewer+1","floor":22},{"not_picked":["Flying Knee","Flechettes+1"],"picked":"Dagger Spray+1","floor":23},{"not_picked":["Deadly Poison+1","Fluid Movement"],"picked":"Outmaneuver+1","floor":24},{"not_picked":["PiercingWail","Poisoned Stab+1"],"picked":"Adrenaline","floor":27},{"not_picked":["Malaise","Sucker Punch"],"picked":"Cloak And Dagger","floor":30},{"not_picked":["Endless Agony","Toxin Wave"],"picked":"Hidden Blade+1","floor":35},{"not_picked":["Cloak And Dagger+1","Predator"],"picked":"Dagger Spray+1","floor":39},{"not_picked":["ReplayTheSpireMod:Shiv Toss","Grand Finale"],"picked":"Outmaneuver","floor":40},{"not_picked":["Draining Mist","Concentrate","Poisoned Stab+1"],"picked":"SKIP","floor":41},{"not_picked":["Prepared+1","Draining Mist+1"],"picked":"Blade Dance","floor":44},{"not_picked":["Sucker Punch+1","Flying Knee"],"picked":"Blade Dance+1","floor":46},{"not_picked":["Dodge and Roll+1","Dagger Spray+1","Slice"],"picked":"SKIP","floor":47},{"not_picked":["Dash","Slice","PiercingWail+1"],"picked":"SKIP","floor":48},{"not_picked":["ReplayTheSpireMod:Necrosis","Well Laid Plans"],"picked":"Choke","floor":54}],"player_experience":303433,"relics_obtained":[{"floor":7,"key":"Ninja Scroll"},{"floor":9,"key":"Shuriken"},{"floor":10,"key":"Vajra"},{"floor":12,"key":"Replay:Bottled Flurry"},{"floor":23,"key":"Replay:Kaleidoscope"},{"floor":26,"key":"Grinning Jar"},{"floor":27,"key":"StoneCalendar"},{"floor":30,"key":"Snake Skull"},{"floor":40,"key":"White Beast Statue"},{"floor":48,"key":"Divine Protection"},{"floor":54,"key":"Eternal Feather"}],"event_choices":[{"damage_healed":0,"gold_gain":0,"player_choice":"Grow","damage_taken":0,"max_hp_gain":0,"max_hp_loss":0,"event_name":"Living Wall","floor":2,"gold_loss":0,"cards_upgraded":["Neutralize"]},{"damage_healed":0,"gold_gain":275,"player_choice":"Desecrate","damage_taken":0,"max_hp_gain":0,"max_hp_loss":0,"event_name":"Golden Shrine","floor":8,"gold_loss":0,"cards_obtained":["Regret"]},{"damage_healed":0,"gold_gain":0,"cards_transformed":["Defend_G","Strike_G"],"player_choice":"Became Test Subject","damage_taken":0,"max_hp_gain":0,"max_hp_loss":0,"event_name":"Drug Dealer","floor":21,"gold_loss":0,"cards_obtained":["Storm of Steel","All Out Attack"]},{"damage_healed":0,"gold_gain":99,"player_choice":"Stole From Cult","damage_taken":0,"max_hp_gain":0,"max_hp_loss":0,"event_name":"Nest","floor":29,"gold_loss":0},{"damage_healed":0,"gold_gain":0,"player_choice":"Embrace Madness","damage_taken":9,"max_hp_gain":0,"max_hp_loss":0,"event_name":"Winding Halls","floor":37,"gold_loss":0,"cards_obtained":["Madness","Madness"]},{"damage_healed":15,"gold_gain":0,"player_choice":"Full Heal","damage_taken":0,"max_hp_gain":0,"max_hp_loss":0,"event_name":"Wheel of Change","floor":38,"gold_loss":0}],"is_beta":false,"boss_relics":[{"not_picked":["Pandora\u0027s Box","Kintsugi","Painkiller Herb"]},{"not_picked":["Ring of the Serpent","Empty Cage"],"picked":"Cursed Key"}],"items_purged_floors":[3,14,31],"is_endless":false,"potions_floor_spawned":[1,5,7,16,22,23,27,30,35,41,44,46,47,48,54],"killed_by":"The Heart","ascension_level":3}}