{"host":"v0kr0xkqfgnh389p","time":1607625774,"event":{"mods":["BaseMod","StSLib","2.2 Compatiblity","AchievementEnabler","BetterRewards","Colored Map","Custom Start","Highlight Path","Hubris","Infinite Spire","Minty Spire (QoL Compilation)","Quick Restart","Replay The Spire","Shop Mod"],"gold_per_floor":[114,130,140,157,170,170,26,40,92,92,125,125,425,425,425,425,425],"floor_reached":16,"playtime":455,"items_purged":[],"score":117,"play_id":"58d3f51e-32ca-4deb-b035-df76d99414e1","local_time":"20201210134254","is_ascension_mode":true,"campfire_choices":[{"floor":6,"key":"REST"},{"floor":10,"key":"REST"},{"floor":12,"key":"REST"},{"floor":15,"key":"REST"}],"circlet_count":0,"master_deck":["Strike_P","Strike_P","Strike_P","Strike_P+1","Defend_P","Defend_P","Defend_P","Defend_P","Eruption","Vigilance+1","Cloak And Dagger+1","FollowUp"],"relics":["Busted Crown","PrismaticShard","Gremlin Food","Pen Nib","Old Coin"],"acts_visited":["Exordium"],"potions_floor_usage":[11],"damage_taken":[{"damage":0,"enemies":"Small Slimes","floor":1,"turns":4},{"damage":6,"enemies":"Jaw Worm","floor":2,"turns":5},{"damage":0,"enemies":"Cultist","floor":3,"turns":3},{"damage":22,"enemies":"Exordium Thugs","floor":4,"turns":4},{"damage":18,"enemies":"2 Fungi Beasts","floor":5,"turns":3},{"damage":0,"enemies":"Large Slime","floor":8,"turns":3},{"damage":66,"enemies":"Lagavulin","floor":11,"turns":7},{"damage":47,"enemies":"The Guardian","floor":16,"turns":6}],"seed_played":"8746165580798323971","potions_obtained":[{"floor":2,"key":"Elixir"},{"floor":5,"key":"Venom Potion"},{"floor":11,"key":"Swift Potion"}],"is_trial":false,"path_per_floor":["M","M","M","M","M","R","$","M","T","R","E","R","?","?","R","B"],"character_chosen":"WATCHER","items_purchased":["PrismaticShard"],"campfire_rested":4,"item_purchase_floors":[7],"current_hp_per_floor":[72,66,66,44,26,47,47,47,47,68,2,23,23,23,44,0,0],"gold":425,"neow_bonus":"BOSS_RELIC","is_daily":false,"chose_seed":false,"campfire_upgraded":0,"win_rate":0,"timestamp":1607625774,"path_taken":["M","M","M","M","M","R","$","M","T","R","E","R","?","?","R","BOSS"],"build_version":"2020-11-30","purchased_purges":0,"victory":false,"max_hp_per_floor":[72,72,72,72,72,72,72,72,72,72,72,72,72,72,72,72,72],"card_choices":[{"not_picked":["Replay:ManipulateFuture"],"picked":"SKIP","floor":1},{"not_picked":["EmptyBody"],"picked":"SKIP","floor":2},{"not_picked":["Replay:Anticipation"],"picked":"SKIP","floor":3},{"not_picked":["Replay:AtTheReady"],"picked":"SKIP","floor":4},{"not_picked":["CarveReality"],"picked":"SKIP","floor":5},{"not_picked":["FollowUp"],"picked":"SKIP","floor":8},{"not_picked":[],"picked":"Cloak And Dagger","floor":11}],"player_experience":710127,"relics_obtained":[{"floor":9,"key":"Gremlin Food"},{"floor":11,"key":"Pen Nib"},{"floor":13,"key":"Old Coin"}],"event_choices":[],"is_beta":false,"boss_relics":[],"items_purged_floors":[],"is_endless":false,"potions_floor_spawned":[2,5,11],"killed_by":"The Guardian","ascension_level":3}}