{"host":"rmsq46plbpwfbxcc","time":1607616627,"event":{"mods":["BaseMod","Colored Map","DeckTracker","Minty Spire (QoL Compilation)","Permanent Neow","SuperFastMode","AchievementEnabler"],"gold_per_floor":[113,113,113,38,51,51,51,51,51,51,66,79,89,117,117,117,117],"floor_reached":16,"playtime":457,"items_purged":[],"score":180,"play_id":"171dae68-1d45-485f-bc9f-65c305a5970a","local_time":"20201211011027","is_ascension_mode":true,"campfire_choices":[{"data":"Neutralize","floor":6,"key":"SMITH"},{"data":"Finisher","floor":8,"key":"SMITH"},{"data":"Survivor","floor":10,"key":"SMITH"},{"data":"Adrenaline","floor":15,"key":"SMITH"}],"circlet_count":0,"master_deck":["AscendersBane","Strike_G","Strike_G","Strike_G+1","Strike_G+1","Defend_G","Defend_G","Defend_G","Defend_G","Defend_G","Survivor+1","Neutralize+1","Finisher+1","PiercingWail","Backflip","Deadly Poison","Acrobatics","Adrenaline+1"],"special_seed":0,"relics":["Ring of the Snake","Akabeko","Whetstone","Potion Belt"],"acts_visited":["Exordium"],"potions_floor_usage":[16],"damage_taken":[{"damage":1.0,"enemies":"Small Slimes","floor":1.0,"turns":4.0},{"damage":0,"enemies":"Cultist","floor":5,"turns":4},{"damage":2,"enemies":"Jaw Worm","floor":11,"turns":4},{"damage":3,"enemies":"Lots of Slimes","floor":12,"turns":6},{"damage":4,"enemies":"Exordium Wildlife","floor":13,"turns":5},{"damage":20,"enemies":"3 Sentries","floor":14,"turns":9},{"damage":51,"enemies":"Slime Boss","floor":16,"turns":16}],"seed_played":"7803095651959477525","potions_obtained":[{"floor":1.0,"key":"GhostInAJar"},{"floor":13,"key":"Ancient Potion"},{"floor":14,"key":"FairyPotion"}],"is_trial":false,"path_per_floor":["M","?","$","?","M","R","$","R","T","R","M","M","M","E","R","B"],"character_chosen":"THE_SILENT","items_purchased":[],"campfire_rested":0,"item_purchase_floors":[],"current_hp_per_floor":[58,58,58,58,58,58,58,58,58,58,56,53,49,29,29,0,0],"gold":117,"neow_bonus":"RANDOM_COMMON_RELIC","is_daily":false,"chose_seed":false,"campfire_upgraded":4,"win_rate":0,"timestamp":1607616627,"path_taken":["M","?","?","?","M","R","$","R","T","R","M","M","M","E","R","BOSS"],"build_version":"2020-11-30","purchased_purges":0,"victory":false,"max_hp_per_floor":[66,66,66,66,66,66,66,66,66,66,66,66,66,66,66,66,66],"card_choices":[{"not_picked":["Caltrops","Deflect"],"picked":"Finisher","floor":1.0},{"not_picked":["Underhanded Strike","Slice"],"picked":"PiercingWail","floor":5},{"not_picked":["Caltrops","Sucker Punch"],"picked":"Backflip","floor":11},{"not_picked":["Setup","Calculated Gamble"],"picked":"Deadly Poison","floor":12},{"not_picked":["Prepared","Endless Agony"],"picked":"Acrobatics","floor":13},{"not_picked":["Slice","Quick Slash"],"picked":"Adrenaline","floor":14}],"player_experience":1308014,"relics_obtained":[{"floor":9,"key":"Whetstone"},{"floor":14,"key":"Potion Belt"}],"event_choices":[{"damage_healed":0,"gold_gain":0,"player_choice":"Ignored","damage_taken":0,"max_hp_gain":0,"max_hp_loss":0,"event_name":"WeMeetAgain","floor":2,"gold_loss":0},{"cards_removed":["Strike_G"],"damage_healed":0,"gold_gain":0,"player_choice":"Card Removal","damage_taken":0,"max_hp_gain":0,"max_hp_loss":0,"event_name":"The Cleric","floor":4,"gold_loss":75}],"is_beta":false,"boss_relics":[],"items_purged_floors":[],"is_endless":false,"potions_floor_spawned":[1,13,14],"killed_by":"Slime Boss","ascension_level":16}}