{"host":"x1qj4d8ympd5jdqh","time":1607600188,"event":{"gold_per_floor":[114,131,143,143,157,157,187,203,281,293,293,312,312,325,325,427,427,440,450,464,480,232,232,242,242,242,257,274,274,274],"floor_reached":29,"playtime":3307,"items_purged":["Strike_MRS"],"score":299,"play_id":"c2885dfc-7196-410e-b9cc-7f3587790868","local_time":"20201210203628","is_ascension_mode":true,"campfire_choices":[{"data":"MasterSpark","floor":6.0,"key":"SMITH"},{"data":"EnergyFlow","floor":11.0,"key":"SMITH"},{"data":"AsteroidBelt","floor":15.0,"key":"SMITH"},{"data":"Acceleration","floor":23,"key":"SMITH"},{"floor":25,"key":"REST"}],"neow_cost":"NONE","seed_source_timestamp":0,"circlet_count":0,"master_deck":["Strike_MRS","Defend_MRS","Defend_MRS","Defend_MRS","Defend_MRS","MasterSpark+1","UpSweep","AsteroidBelt+1","NonDirectionalLaser","DeepEcoloBomb","Acceleration+1","EnergyFlow+1","EnergyRecoil","PowerUp","Acceleration","GalacticHalo","GalacticHalo+1"],"special_seed":0,"relics":["MiniHakkero","Anchor","Letter Opener","Molten Egg 2","Black Star","Pen Nib","Question Card"],"potions_floor_usage":[18,27,29],"damage_taken":[{"damage":0.0,"enemies":"Jaw Worm","floor":1.0,"turns":3.0},{"damage":0.0,"enemies":"Small Slimes","floor":2.0,"turns":4.0},{"damage":0.0,"enemies":"Cultist","floor":3.0,"turns":3.0},{"damage":3.0,"enemies":"Blue Slaver","floor":5.0,"turns":4.0},{"damage":4.0,"enemies":"Gremlin Nob","floor":7.0,"turns":3.0},{"damage":0.0,"enemies":"3 Louse","floor":8.0,"turns":4.0},{"damage":2.0,"enemies":"2 Fungi Beasts","floor":10.0,"turns":4.0},{"damage":11.0,"enemies":"Exordium Thugs","floor":12.0,"turns":3.0},{"damage":0.0,"enemies":"Large Slime","floor":14.0,"turns":5.0},{"damage":11.0,"enemies":"The Guardian","floor":16.0,"turns":8.0},{"damage":11,"enemies":"2 Thieves","floor":18,"turns":4},{"damage":16,"enemies":"Shell Parasite","floor":19,"turns":5},{"damage":21,"enemies":"Snecko","floor":20,"turns":5},{"damage":10,"enemies":"Centurion and Healer","floor":21,"turns":7},{"damage":29,"enemies":"Snake Plant","floor":24,"turns":5},{"damage":22,"enemies":"Sentry and Sphere","floor":27,"turns":8},{"damage":0,"enemies":"Snecko","floor":28,"turns":3},{"damage":7,"enemies":"3 Cultists","floor":29,"turns":3}],"seed_played":"-3852580359958613420","potions_obtained":[{"floor":3.0,"key":"Swift Potion"},{"floor":7.0,"key":"SteroidPotion"},{"floor":12.0,"key":"BlessingOfTheForge"},{"floor":14.0,"key":"FairyPotion"},{"floor":16.0,"key":"Block Potion"},{"floor":19,"key":"Strength Potion"},{"floor":21,"key":"Ancient Potion"},{"floor":27,"key":"Explosive Potion"}],"is_trial":false,"path_per_floor":["M","M","M","?","M","R","E","M","T","M","R","M","?","M","R","B",null,"M","M","M","M","$","R","M","R","T","M","M","M"],"character_chosen":"MARISA","items_purchased":["Pen Nib","Acceleration"],"campfire_rested":1,"item_purchase_floors":[22,22],"current_hp_per_floor":[75,75,75,68,65,65,61,61,61,59,59,48,48,48,48,37,75,64,48,27,17,17,17,14,36,36,14,14,7,7],"gold":274,"neow_bonus":"RANDOM_COMMON_RELIC","is_prod":false,"is_daily":false,"chose_seed":false,"campfire_upgraded":4,"win_rate":0,"timestamp":1607600188,"path_taken":["M","M","M","?","M","R","E","M","T","M","R","M","?","M","R","BOSS","M","M","?","M","$","R","M","R","T","M","M","M"],"build_version":"2020-11-30","purchased_purges":1,"victory":false,"max_hp_per_floor":[75,75,75,75,75,75,75,75,75,75,75,75,75,75,75,75,75,75,75,75,75,75,75,75,75,75,75,75,75,75],"card_choices":[{"not_picked":["ShootingEcho","BlazeAway"],"picked":"AsteroidBelt","floor":1.0},{"not_picked":["LuminesStrike","AsteroidBelt"],"picked":"NonDirectionalLaser","floor":2.0},{"not_picked":["DoubleSpark","AsteroidBelt"],"picked":"DeepEcoloBomb","floor":3.0},{"not_picked":["GrandCross","MachineGunSpark","6A"],"picked":"SKIP","floor":5.0},{"not_picked":["GrandCross","CasketOfStar","IllusionStar"],"picked":"SKIP","floor":7.0},{"not_picked":["Orbital","OpenUniverse"],"picked":"Acceleration","floor":8.0},{"not_picked":["DoubleSpark+1","MysteriousBeam+1"],"picked":"EnergyFlow","floor":10.0},{"not_picked":["ShootingEcho+1","WitchOfGreed"],"picked":"EnergyRecoil","floor":12.0},{"not_picked":["DarkMatter","BigCrunch"],"picked":"PowerUp","floor":14.0},{"not_picked":["Singularity","IllusionStar","DeepEcoloBomb+1"],"picked":"SKIP","floor":18},{"not_picked":["PowerUp","WitchOfGreed+1","WitchLeyline+1"],"picked":"SKIP","floor":19},{"not_picked":["MysteriousBeam+1","WitchOfGreed","SuperPerseids"],"picked":"SKIP","floor":20},{"not_picked":["6A+1","ShootTheMoon+1","StarDustReverie"],"picked":"SKIP","floor":21},{"not_picked":["PowerUp","EarthLightRay"],"picked":"GalacticHalo","floor":24},{"not_picked":["EnergyRecoil","ManaConvection","MeteoricShower+1"],"picked":"GalacticHalo+1","floor":27},{"not_picked":["WitchLeyline+1","WitchOfGreed+1","GalacticHalo","6A+1"],"picked":"SKIP","floor":28}],"player_experience":1293291,"relics_obtained":[{"floor":7.0,"key":"Letter Opener"},{"floor":9.0,"key":"Molten Egg 2"},{"floor":26,"key":"Question Card"}],"event_choices":[{"cards_removed":["Strike_MRS"],"damage_healed":0.0,"max_hp_gain":0.0,"max_hp_loss":0.0,"gold_gain":0.0,"event_name":"Golden Wing","player_choice":"Card Removal","floor":4.0,"gold_loss":0.0,"damage_taken":7.0},{"cards_removed":["Strike_MRS"],"damage_healed":0.0,"max_hp_gain":0.0,"max_hp_loss":0.0,"gold_gain":0.0,"event_name":"Wheel of Change","player_choice":"Card Removal","floor":13.0,"gold_loss":0.0,"damage_taken":0.0}],"is_beta":false,"boss_relics":[{"not_picked":["Cursed Key","Fusion Hammer"],"picked":"Black Star"}],"items_purged_floors":[22],"is_endless":false,"potions_floor_spawned":[3,7,12,14,16,19,21,27],"killed_by":"3 Cultists","ascension_level":3}}