{"host":"5mo0809oo9tcrmpl","time":1607559779,"event":{"gold_per_floor":[209,209,223,238,262,262,277,10,37,62,62,96,114,174,174,253,253,273,283,283,283,74,74,94,94,141,158,188,208,236,12,12,89,89,101,101,119,119,138,167,178,203,203,46,46,72,88,117,117,117,117],"floor_reached":50,"playtime":3014,"items_purged":["Strike_G","Strike_G"],"score":1370,"play_id":"cc21c858-a58a-402a-8e11-164740d7f262","local_time":"20201209182259","is_ascension_mode":true,"campfire_choices":[{"data":"Skewer","floor":6.0,"key":"SMITH"},{"data":"Deadly Poison","floor":11.0,"key":"SMITH"},{"floor":15.0,"key":"REST"},{"data":"Neutralize","floor":23.0,"key":"SMITH"},{"data":"Noxious Fumes","floor":25.0,"key":"SMITH"},{"data":"Ghostly","floor":32.0,"key":"SMITH"},{"floor":45.0,"key":"REST"},{"floor":49.0,"key":"RECALL"}],"neow_cost":"NONE","seed_source_timestamp":942150649766700,"circlet_count":0,"master_deck":["AscendersBane","Strike_G+1","Defend_G+1","Defend_G","Defend_G","Defend_G","Defend_G+1","Survivor","Neutralize+1","Quick Slash","Skewer+1","Noxious Fumes+1","Poisoned Stab+1","Backstab","Deadly Poison+1","Leg Sweep","Backflip","Well Laid Plans","Glass Knife","Caltrops+1","Ghostly+1","Ghostly","Ghostly","Deflect+1","PiercingWail+1","Venomology+1","Dodge and Roll+1","Concentrate+1","PiercingWail+1","Malaise+1","Malaise+1"],"special_seed":0,"relics":["Ring of the Snake","StrikeDummy","PreservedInsect","Potion Belt","MealTicket","Whetstone","Lantern","SlaversCollar","Bag of Marbles","Strawberry","Toxic Egg 2","Oddly Smooth Stone","Empty Cage","Orichalcum","War Paint","Snake Skull","Regal Pillow","Letter Opener"],"potions_floor_usage":[50],"damage_taken":[{"damage":5.0,"enemies":"Cultist","floor":1.0,"turns":5.0},{"damage":0.0,"enemies":"Jaw Worm","floor":3.0,"turns":4.0},{"damage":0.0,"enemies":"Small Slimes","floor":4.0,"turns":3.0},{"damage":9.0,"enemies":"Exordium Wildlife","floor":7.0,"turns":5.0},{"damage":1.0,"enemies":"Gremlin Nob","floor":10.0,"turns":3.0},{"damage":5.0,"enemies":"Lagavulin","floor":12.0,"turns":5.0},{"damage":0.0,"enemies":"Blue Slaver","floor":13.0,"turns":2.0},{"damage":23.0,"enemies":"Lagavulin Event","floor":14.0,"turns":4.0},{"damage":7.0,"enemies":"Slime Boss","floor":16.0,"turns":8.0},{"damage":19.0,"enemies":"Spheric Guardian","floor":18.0,"turns":5.0},{"damage":16.0,"enemies":"3 Byrds","floor":19.0,"turns":6.0},{"damage":0.0,"enemies":"Snake Plant","floor":24.0,"turns":4.0},{"damage":14.0,"enemies":"3 Cultists","floor":27.0,"turns":5.0},{"damage":0.0,"enemies":"Slavers","floor":28.0,"turns":4.0},{"damage":4.0,"enemies":"Centurion and Healer","floor":29.0,"turns":10.0},{"damage":1.0,"enemies":"Gremlin Leader","floor":30.0,"turns":5.0},{"damage":77.0,"enemies":"Champ","floor":33.0,"turns":15.0},{"damage":0.0,"enemies":"3 Shapes","floor":35.0,"turns":5.0},{"damage":3.0,"enemies":"3 Darklings","floor":37.0,"turns":7.0},{"damage":0.0,"enemies":"Sphere and 2 Shapes","floor":39.0,"turns":7.0},{"damage":20.0,"enemies":"Nemesis","floor":40.0,"turns":7.0},{"damage":8.0,"enemies":"Jaw Worm Horde","floor":41.0,"turns":7.0},{"damage":0.0,"enemies":"Reptomancer","floor":42.0,"turns":5.0},{"damage":13.0,"enemies":"Giant Head","floor":46.0,"turns":10.0},{"damage":9.0,"enemies":"Transient","floor":47.0,"turns":6.0},{"damage":0.0,"enemies":"Nemesis","floor":48.0,"turns":7.0},{"damage":12,"enemies":"Donu and Deca","floor":50,"turns":7}],"seed_played":"5229206394177463184","potions_obtained":[{"floor":1.0,"key":"DuplicationPotion"},{"floor":3.0,"key":"Fire Potion"},{"floor":13.0,"key":"EssenceOfSteel"},{"floor":16.0,"key":"Dexterity Potion"},{"floor":27.0,"key":"DistilledChaos"},{"floor":28.0,"key":"FearPotion"},{"floor":29.0,"key":"FairyPotion"},{"floor":33.0,"key":"EssenceOfSteel"},{"floor":37.0,"key":"SkillPotion"},{"floor":39.0,"key":"DistilledChaos"},{"floor":41.0,"key":"Fire Potion"},{"floor":42.0,"key":"SpeedPotion"},{"floor":48.0,"key":"Weak Potion"}],"is_trial":false,"path_per_floor":["M","?","M","M","T","R","M","$","T","E","R","E","M","?","R","B",null,"M","M","?","?","$","R","M","R","T","M","E","M","E","$","R","B",null,"M","?","M","?","M","E","M","E","T","$","R","E","M","E","R","B"],"character_chosen":"THE_SILENT","items_purchased":["Backstab","Deadly Poison","BlessingOfTheForge","Fruit Juice","Oddly Smooth Stone","Block Potion","Snake Skull"],"campfire_rested":2,"item_purchase_floors":[8,8,8,22,31,31,44],"current_hp_per_floor":[54,43,43,43,43,43,34,34,34,33,33,28,28,5,24,17,54,35,19,19,19,38,38,38,38,38,24,31,27,26,41,41,13,37,37,37,34,34,34,14,6,6,6,21,33,20,11,11,11,0,0],"gold":117,"neow_bonus":"HUNDRED_GOLD","is_prod":false,"is_daily":false,"chose_seed":false,"campfire_upgraded":5,"win_rate":0,"timestamp":1607559779,"path_taken":["M","?","M","M","?","R","M","$","T","E","R","E","M","?","R","BOSS","M","M","?","?","?","R","M","R","T","M","E","M","E","$","R","BOSS","M","?","?","?","M","E","M","E","T","$","R","E","M","E","R","BOSS"],"build_version":"2020-11-30","purchased_purges":2,"victory":false,"max_hp_per_floor":[66,66,66,66,66,66,66,66,66,66,66,66,66,66,66,66,66,66,66,33,33,38,38,38,38,38,38,45,45,45,45,45,45,45,45,45,45,43,43,43,43,43,43,43,43,43,43,43,43,43,43],"relic_stats":{"Regal Pillow":0,"counters":[27,161],"MealTicket":44,"PreservedInsect":473,"Snake Skull":[38],"Whetstone":["Strike_G","Poisoned Stab"],"Letter Opener":[12],"Orichalcum":[66],"War Paint":["Defend_G","Defend_G"],"obtain_stats":[{"Potion Belt":9,"Lantern":14,"Regal Pillow":46,"Oddly Smooth Stone":31,"PreservedInsect":5,"Snake Skull":44,"Whetstone":12,"Letter Opener":48,"Orichalcum":40,"War Paint":42,"Empty Cage":34,"SlaversCollar":17,"Strawberry":28,"MealTicket":10,"Bag of Marbles":26,"Toxic Egg 2":30,"StrikeDummy":2,"Ring of the Snake":0},{"Potion Belt":4,"Lantern":8,"Regal Pillow":24,"Oddly Smooth Stone":16,"PreservedInsect":3,"Snake Skull":23,"Whetstone":6,"Letter Opener":26,"Orichalcum":21,"War Paint":23,"Empty Cage":17,"SlaversCollar":9,"Strawberry":14,"MealTicket":5,"Bag of Marbles":12,"Toxic Egg 2":16,"StrikeDummy":1,"Ring of the Snake":0},{"Potion Belt":17,"Lantern":31,"Regal Pillow":141,"Oddly Smooth Stone":78,"PreservedInsect":12,"Snake Skull":131,"Whetstone":25,"Letter Opener":154,"Orichalcum":119,"War Paint":131,"Empty Cage":93,"SlaversCollar":39,"Strawberry":63,"MealTicket":20,"Bag of Marbles":54,"Toxic Egg 2":78,"StrikeDummy":5,"Ring of the Snake":0}],"Ring of the Snake":[54]},"card_choices":[{"not_picked":["Flechettes","Deflect"],"picked":"Quick Slash","floor":1.0},{"not_picked":["Infinite Blades","Dash"],"picked":"Skewer","floor":3.0},{"not_picked":["Blade Dance","Bane"],"picked":"Noxious Fumes","floor":4.0},{"not_picked":["Skewer","Dodge and Roll"],"picked":"Poisoned Stab","floor":7.0},{"not_picked":["Flying Knee","Accuracy","Blade Dance"],"picked":"SKIP","floor":10.0},{"not_picked":["Blur","After Image"],"picked":"Leg Sweep","floor":12.0},{"not_picked":["Underhanded Strike","Prepared"],"picked":"Backflip","floor":13.0},{"not_picked":["Reflex","Blade Dance"],"picked":"Well Laid Plans","floor":14.0},{"not_picked":["A Thousand Cuts","Venomology"],"picked":"Glass Knife","floor":16.0},{"not_picked":["Poisoned Stab","Eviscerate","Cloak And Dagger"],"picked":"SKIP","floor":18.0},{"not_picked":["Prepared","Underhanded Strike"],"picked":"Caltrops+1","floor":19.0},{"not_picked":["Finisher","Cloak And Dagger","Poisoned Stab"],"picked":"SKIP","floor":24.0},{"not_picked":["Bane","Setup"],"picked":"Deflect+1","floor":27.0},{"not_picked":["Glass Knife","Bane","Underhanded Strike"],"picked":"SKIP","floor":28.0},{"not_picked":["Skewer","Sucker Punch","Flying Knee+1"],"picked":"SKIP","floor":29.0},{"not_picked":["Blade Dance+1","Bane"],"picked":"PiercingWail+1","floor":30.0},{"not_picked":["Tools of the Trade","A Thousand Cuts"],"picked":"Venomology+1","floor":33.0},{"not_picked":["Flying Knee","Skewer"],"picked":"Dodge and Roll+1","floor":35.0},{"not_picked":["Skewer","Quick Slash","Deadly Poison+1"],"picked":"SKIP","floor":37.0},{"not_picked":["Acrobatics+1","Underhanded Strike"],"picked":"Concentrate+1","floor":39.0},{"not_picked":["Distraction+1","Quick Slash","Reflex+1"],"picked":"SKIP","floor":40.0},{"not_picked":["Glass Knife","Underhanded Strike","Concentrate+1"],"picked":"SKIP","floor":41.0},{"not_picked":["Blade Dance+1","Poisoned Stab","Sucker Punch"],"picked":"SKIP","floor":42.0},{"not_picked":["Distraction+1","Slice"],"picked":"PiercingWail+1","floor":46.0},{"not_picked":["Backflip+1","Deadly Poison+1"],"picked":"Malaise+1","floor":47.0},{"not_picked":["Calculated Gamble+1","After Image"],"picked":"Malaise+1","floor":48.0}],"player_experience":1236167,"relics_obtained":[{"floor":5.0,"key":"PreservedInsect"},{"floor":9.0,"key":"Potion Belt"},{"floor":10.0,"key":"MealTicket"},{"floor":12.0,"key":"Whetstone"},{"floor":14.0,"key":"Lantern"},{"floor":26.0,"key":"Bag of Marbles"},{"floor":28.0,"key":"Strawberry"},{"floor":30.0,"key":"Toxic Egg 2"},{"floor":40.0,"key":"Orichalcum"},{"floor":42.0,"key":"War Paint"},{"floor":46.0,"key":"Regal Pillow"},{"floor":48.0,"key":"Letter Opener"}],"event_choices":[{"damage_healed":0.0,"max_hp_gain":0.0,"max_hp_loss":0.0,"gold_gain":0.0,"event_name":"Scrap Ooze","player_choice":"Success","floor":2.0,"gold_loss":0.0,"damage_taken":11.0,"relics_obtained":["StrikeDummy"]},{"damage_healed":0.0,"max_hp_gain":0.0,"max_hp_loss":0.0,"gold_gain":0.0,"event_name":"Dead Adventurer","player_choice":"Searched \u00271\u0027 times","floor":14.0,"gold_loss":0.0,"damage_taken":0.0},{"damage_healed":0.0,"max_hp_gain":0.0,"max_hp_loss":33.0,"gold_gain":0.0,"event_name":"Ghosts","player_choice":"Became a Ghost","floor":20.0,"gold_loss":0.0,"damage_taken":0.0,"cards_obtained":["Ghostly","Ghostly","Ghostly"]},{"damage_healed":0.0,"max_hp_gain":0.0,"max_hp_loss":0.0,"gold_gain":0.0,"event_name":"Forgotten Altar","player_choice":"Smashed Altar","floor":21.0,"gold_loss":0.0,"damage_taken":0.0,"cards_obtained":["Decay"]},{"cards_removed":["Decay"],"damage_healed":0.0,"max_hp_gain":0.0,"max_hp_loss":0.0,"gold_gain":0.0,"event_name":"Purifier","player_choice":"Purged","floor":36.0,"gold_loss":0.0,"damage_taken":0.0},{"damage_healed":0.0,"max_hp_gain":0.0,"max_hp_loss":2.0,"gold_gain":0.0,"event_name":"Winding Halls","player_choice":"Max HP","floor":38.0,"gold_loss":0.0,"damage_taken":0.0}],"is_beta":false,"boss_relics":[{"not_picked":["HoveringKite","Philosopher\u0027s Stone"],"picked":"SlaversCollar"},{"not_picked":["WristBlade","Black Star"],"picked":"Empty Cage"}],"items_purged_floors":[8,22],"is_endless":false,"potions_floor_spawned":[1,3,13,16,27,28,29,33,37,39,41,42,48],"killed_by":"Donu and Deca","ascension_level":20}}