{"host":"iuz15hczu39z2x63","time":1607614402,"event":{"mods":["BaseMod","Act Like it!","StSLib","Gensokyo","Minty Spire (QoL Compilation)","Remilia£®¿Ÿ√◊¿Ú—«£©"],"gold_per_floor":[112,112,130,144,244,244,279,303,330,330,374,374,374,374,374,481,481,910,929,809,827,53,53,53,62,115,137,164,181,181,181,181,285,285,297,297,197,215,228,264,264,295,295,321,365,380,407,422,422,422,422,422,31,61,61],"floor_reached":56,"playtime":3046,"items_purged":["Strike_RM","Defend_RM","Gensokyo:CrescentMoonSlash+1"],"score":1975,"play_id":"cdc03831-e98a-47d8-9faf-ede022ef81a9","local_time":"20201210233322","is_ascension_mode":true,"campfire_choices":[{"data":"Gensokyo:CrescentMoonSlash","floor":6.0,"key":"SMITH"},{"data":"NightDance","floor":10.0,"key":"SMITH"},{"data":"RedMoon","floor":13,"key":"SMITH"},{"data":"RedMagic","floor":15,"key":"SMITH"},{"data":"NightDance","floor":23,"key":"SMITH"},{"data":"VampireKiss","floor":32,"key":"SMITH"},{"floor":41,"key":"RECALL"},{"data":"ReincarnationDial","floor":49,"key":"SMITH"},{"data":"ScarletShoot","floor":52,"key":"SMITH"}],"circlet_count":0,"master_deck":["Strike_RM","Strike_RM","Defend_RM","Defend_RM","RedMoon+1","ScarletShoot+1","RedMagic+1","VampireClaw","NightDance+1","NightDance+1","ForecastOfChange","BloodyHallows","VampireKiss+1","BloodySeventeenLaser+1","BloodyMagicSquare+1","BloodyMagicSquare+1","ReincarnationDial+1","CeilingFear"],"special_seed":0,"relics":["ScarletHat","CeramicFish","Centennial Puzzle","Gensokyo:OccultBall","Runic Dome","Gensokyo:SpiderMask","RedBat","Lee\u0027s Waffle","Mango","Gensokyo:MosesMiracle","Lantern","Gensokyo:SongOfSouls","APieceOfRedMist","Letter Opener","Frozen Egg 2","Mercury Hourglass","Torii","Pear","Happy Flower","Orichalcum"],"acts_visited":["Gensokyo:Gensokyo","Gensokyo:Gensokyoer","TheBeyond","TheEnding"],"potions_floor_usage":[21,21,21,27,29,55],"damage_taken":[{"damage":0.0,"enemies":"Gensokyo:2_Kodama","floor":1.0,"turns":3.0},{"damage":0.0,"enemies":"Gensokyo:3_Fairies","floor":3.0,"turns":3.0},{"damage":1.0,"enemies":"Gensokyo:Gryphon","floor":4.0,"turns":5.0},{"damage":4.0,"enemies":"Gensokyo:Mamizou","floor":7.0,"turns":26.0},{"damage":11.0,"enemies":"Gensokyo:LivingMonolith","floor":8.0,"turns":5.0},{"damage":14,"enemies":"Gensokyo:Aya","floor":11,"turns":9},{"damage":36,"enemies":"Gensokyo:Reimu","floor":16,"turns":9},{"damage":53,"enemies":"Gensokyo:3_Dogs","floor":18,"turns":3},{"damage":0,"enemies":"Gensokyo:AngelMirror","floor":19,"turns":1},{"damage":12,"enemies":"Gensokyo:Slime_Group","floor":21,"turns":4},{"damage":8,"enemies":"Gensokyo:Chomper_and_Gloop","floor":27,"turns":3},{"damage":8,"enemies":"Gensokyo:Wraith","floor":28,"turns":4},{"damage":67,"enemies":"Gensokyo:Monolith_and_Dog","floor":29,"turns":7},{"damage":47,"enemies":"Gensokyo:Kaguya","floor":33,"turns":9},{"damage":7,"enemies":"3 Darklings","floor":35,"turns":2},{"damage":42,"enemies":"Orb Walker","floor":38,"turns":6},{"damage":39,"enemies":"Sphere and 2 Shapes","floor":39,"turns":4},{"damage":43,"enemies":"Reptomancer","floor":40,"turns":5},{"damage":27,"enemies":"Giant Head","floor":42,"turns":3},{"damage":78,"enemies":"4 Shapes","floor":44,"turns":2},{"damage":32,"enemies":"Reptomancer","floor":45,"turns":1},{"damage":32,"enemies":"3 Darklings","floor":46,"turns":1},{"damage":8,"enemies":"Nemesis","floor":47,"turns":1},{"damage":28,"enemies":"Jaw Worm Horde","floor":48,"turns":4},{"damage":16,"enemies":"Awakened One","floor":50,"turns":3},{"damage":99,"enemies":"Shield and Spear","floor":54,"turns":1},{"damage":136,"enemies":"The Heart","floor":55,"turns":5}],"seed_played":"-1873853730425292660","potions_obtained":[{"floor":4.0,"key":"SpeedPotion"},{"floor":7.0,"key":"Block Potion"},{"floor":16,"key":"Fire Potion"},{"floor":19,"key":"FearPotion"},{"floor":21,"key":"AttackPotion"},{"floor":28,"key":"Dexterity Potion"},{"floor":35,"key":"FairyPotion"},{"floor":39,"key":"Strength Potion"},{"floor":40,"key":"LiquidMemories"}],"is_trial":false,"path_per_floor":["M","?","M","M","?","R","E","M","T","R","E","?","R","?","R","B",null,"M","M","?","M","$","R","?","?","T","M","M","M","?","?","R","B",null,"M","?","$","M","M","E","R","E","T","M","E","M","E","M","R","B",null,"R","$","E","B",null],"character_chosen":"REMILIA","items_purchased":["RedBat","Lee\u0027s Waffle","Mango","CeilingFear","Happy Flower","PowerPotion"],"campfire_rested":0,"item_purchase_floors":[22,22,22,53,53,53],"current_hp_per_floor":[75,67,67,66,66,66,70,60,60,60,51,59,59,59,59,39,82,37,37,37,28,120,120,120,120,120,123,123,60,60,60,60,65,109,117,117,117,79,55,54,54,107,107,42,42,10,37,21,21,75,131,131,131,32,37],"gold":61,"neow_bonus":"TEN_PERCENT_HP_BONUS","is_daily":false,"chose_seed":false,"campfire_upgraded":8,"win_rate":0,"timestamp":1607614402,"path_taken":["M","?","M","?","?","R","E","M","T","R","E","?","R","?","R","BOSS","M","M","?","M","$","R","?","?","T","M","M","M","?","?","R","BOSS","M","?","$","M","M","E","R","E","T","M","E","M","E","M","R","BOSS","R","$","E","BOSS"],"build_version":"2020-11-30","purchased_purges":3,"victory":true,"max_hp_per_floor":[82,82,82,82,82,82,85,85,85,85,85,93,93,93,93,96,96,99,99,99,99,120,120,120,120,120,123,123,123,123,123,123,123,123,123,123,123,123,127,130,130,130,130,133,136,136,146,146,146,149,149,149,149,149,149],"card_choices":[{"not_picked":["BloodHunter","VampirishNight"],"picked":"RedMagic","floor":1.0},{"not_picked":["BombardNight","EndlessAdversity"],"picked":"VampireClaw","floor":3.0},{"not_picked":["BloodHunter","ScarletSymphony","NightLord"],"picked":"SKIP","floor":4.0},{"not_picked":["ScarletImprint","RedMagic"],"picked":"NightDance","floor":7.0},{"not_picked":["ScarletImprint","ScarletDevilSign"],"picked":"NightDance","floor":8.0},{"not_picked":["BloodAndWine","UnderTheZenith"],"picked":"ForecastOfChange","floor":11},{"not_picked":["CurseOfVladTepes","HeartBreak"],"picked":"ForecastOfChange","floor":16},{"not_picked":["EndlessAdversity","VampirishNight","MastersStateliness"],"picked":"SKIP","floor":18},{"not_picked":["FavorOfDestiny","BombardNight","Stigmanizer"],"picked":"SKIP","floor":19},{"not_picked":["BloodyTrap","Septette","BlasphemousPunishment"],"picked":"SKIP","floor":21},{"not_picked":["StarOfDavid","ScarletImprint+1"],"picked":"BloodyHallows","floor":27},{"not_picked":["Maim+1","BloodyTrap"],"picked":"VampireKiss","floor":28},{"not_picked":["EndlessAdversity","Maim","ScarletImprint"],"picked":"SKIP","floor":29},{"not_picked":["BloodyHallows","TransientEternity"],"picked":"BloodySeventeenLaser","floor":33},{"not_picked":["ScarletNetherworld+1","ScarletGensokyo+1","UnderTheZenith+1"],"picked":"SKIP","floor":35},{"not_picked":["UnstableMagic","BlasphemousPunishment+1","FavorOfDestiny+1"],"picked":"SKIP","floor":38},{"not_picked":["UnstableMagic","StarOfDavid+1","Stigmanizer+1"],"picked":"SKIP","floor":39},{"not_picked":["BlasphemousPunishment","GlobalNightmare"],"picked":"BloodyMagicSquare+1","floor":40},{"not_picked":["CharismaGuard+1","BlasphemousPunishment","RedRainbow+1"],"picked":"SKIP","floor":42},{"not_picked":["EndlessAdversity","RedRainbow"],"picked":"BloodyMagicSquare+1","floor":44},{"not_picked":["UnstableMagic","StarOfDavid+1"],"picked":"ReincarnationDial","floor":45},{"not_picked":["RedRainbow+1","UnderTheZenith","FavorOfDestiny"],"picked":"SKIP","floor":46},{"not_picked":["BloodyHallows","SuperhumanBloodyKnife","Septette+1"],"picked":"SKIP","floor":47},{"not_picked":["BloodyTrap","UnderTheZenith","BlasphemousPunishment"],"picked":"SKIP","floor":48},{"not_picked":["SuperhumanBloodyKnife","ScarletDevil","UnderTheZenith"],"picked":"SKIP","floor":54}],"player_experience":683651,"relics_obtained":[{"floor":7.0,"key":"CeramicFish"},{"floor":11,"key":"Centennial Puzzle"},{"floor":16,"key":"Gensokyo:OccultBall"},{"floor":26,"key":"Lantern"},{"floor":29,"key":"Gensokyo:MosesMiracle"},{"floor":33,"key":"Gensokyo:OccultBall"},{"floor":40,"key":"Gensokyo:OccultBall"},{"floor":40,"key":"Letter Opener"},{"floor":42,"key":"Frozen Egg 2"},{"floor":43,"key":"Mercury Hourglass"},{"floor":45,"key":"Torii"},{"floor":47,"key":"Pear"},{"floor":54,"key":"Orichalcum"}],"event_choices":[{"damage_healed":0,"gold_gain":0,"player_choice":"Upgraded","damage_taken":0,"max_hp_gain":0,"max_hp_loss":0,"event_name":"Upgrade Shrine","floor":36,"gold_loss":0,"cards_upgraded":["BloodySeventeenLaser"]}],"is_beta":false,"boss_relics":[{"not_picked":["Velvet Choker","Sozu"],"picked":"Runic Dome"},{"not_picked":["Calling Bell","Fusion Hammer"],"picked":"APieceOfRedMist"}],"items_purged_floors":[22,37,53],"is_endless":false,"potions_floor_spawned":[4,7,16,19,21,28,35,39,40,45,48],"ascension_level":9}}