{"host":"ygefd14btj4nx1b7","time":1607575862,"event":{"gold_per_floor":[212,223,242,202,215,242,258,258,307,12,25,25,35,50,50,155,155,175,175,175,186,206,206,206,206,206,206,3,16,16,16],"floor_reached":30,"playtime":1176,"items_purged":["Pain"],"score":281,"play_id":"0df8bea6-0228-4312-813c-9df05e817563","local_time":"20201209225102","is_ascension_mode":true,"campfire_choices":[{"data":"ReplayTheSpireMod:LeadingStrike","floor":12,"key":"SMITH"},{"data":"Brutality","floor":15,"key":"SMITH"},{"data":"Offering","floor":23,"key":"SMITH"},{"data":"Armaments","floor":25,"key":"SMITH"},{"data":"Perfected Strike","floor":27,"key":"SMITH"}],"neow_cost":"NONE","seed_source_timestamp":34429683190800,"circlet_count":0,"master_deck":["Strike_R+1","Strike_R+1","Strike_R+1","Strike_R+1","Strike_R+1","Defend_R+1","Defend_R+1","Defend_R+1","Defend_R+1","Bash","Replay:Undeath\u0027s Touch","Run Through","ReplayTheSpireMod:LeadingStrike+1","Perfected Strike","Ghostly Armor","Perfected Strike+1","Run Through","Heavy Blade","Brutality+1","Offering+1","Rage","Armaments+1","Havoc+1","Shrug It Off+1","Disarm"],"relics":["Burning Blood","Centennial Puzzle","WarpedTongs","Omamori","Red Skull","Boot","Ring of Chaos","ReplayTheSpireMod:Ninjato","BargainBundle"],"potions_floor_usage":[6,16,16,16,30,30],"damage_taken":[{"damage":1,"enemies":"Cultist","floor":1,"turns":3},{"damage":7,"enemies":"Jaw Worm","floor":2,"turns":3},{"damage":0,"enemies":"Small Slimes","floor":3,"turns":2},{"damage":8,"enemies":"3 Louse","floor":5,"turns":4},{"damage":20,"enemies":"Lagavulin","floor":6,"turns":5},{"damage":3,"enemies":"Blue Slaver","floor":7,"turns":2},{"damage":5,"enemies":"2 Fungi Beasts","floor":11,"turns":3},{"damage":17,"enemies":"Exordium Thugs","floor":13,"turns":3},{"damage":14,"enemies":"Red Slaver","floor":14,"turns":2},{"damage":61,"enemies":"The Guardian","floor":16,"turns":10},{"damage":19,"enemies":"Spheric Guardian","floor":18,"turns":3},{"damage":2,"enemies":"Shell Parasite","floor":21,"turns":3},{"damage":6,"enemies":"Chosen and Byrds","floor":22,"turns":4},{"damage":8,"enemies":"Cultist and Chosen","floor":29,"turns":3},{"damage":21,"enemies":"Slavers","floor":30,"turns":1}],"seed_played":"-9216432446257810160","potions_obtained":[{"floor":4,"key":"CultistPotion"},{"floor":4,"key":"PowerPotion"},{"floor":4,"key":"EntropicBrew"},{"floor":6,"key":"BloodPotion"}],"is_trial":false,"path_per_floor":["M","M","M","?","M","E","M","?","T","$","M","R","M","M","R","B",null,"M","?","?","M","M","R","?","R","T","R","$","M","E"],"character_chosen":"IRONCLAD","items_purchased":["Red Skull","Boot","BargainBundle","Shrug It Off+1"],"campfire_rested":0,"item_purchase_floors":[10,10,28,28],"current_hp_per_floor":[80,79,80,80,78,64,67,67,67,67,68,68,57,49,49,10,80,67,52,13,17,17,17,17,17,17,17,17,15,0,0],"gold":16,"neow_bonus":"HUNDRED_GOLD","is_prod":false,"is_daily":false,"chose_seed":false,"campfire_upgraded":5,"win_rate":0,"timestamp":1607575862,"path_taken":["M","M","?","?","?","E","M","?","T","$","M","R","M","?","R","BOSS","M","?","?","M","M","R","?","R","T","R","?","?","E"],"build_version":"2020-11-30","purchased_purges":1,"victory":false,"max_hp_per_floor":[80,80,80,80,80,80,80,80,80,80,80,80,80,80,80,80,80,80,85,85,85,85,85,85,85,85,85,85,85,85,85],"card_choices":[{"not_picked":["True Grit","Sentinel"],"picked":"Replay:Undeath\u0027s Touch","floor":1},{"not_picked":["Bloodletting","Combust"],"picked":"Run Through","floor":2},{"not_picked":["ReplayTheSpireMod:Corrosion Curse","Iron Wave"],"picked":"ReplayTheSpireMod:LeadingStrike","floor":3},{"not_picked":["Warcry","ReplayTheSpireMod:Strike From Hell"],"picked":"Perfected Strike","floor":5},{"not_picked":["Armaments","Sentinel"],"picked":"Ghostly Armor","floor":6},{"not_picked":["Double Tap","Cleave"],"picked":"Perfected Strike","floor":7},{"not_picked":["Havoc","Feel No Pain"],"picked":"Run Through","floor":11},{"not_picked":["Rage","Sword Boomerang"],"picked":"Heavy Blade","floor":13},{"not_picked":["Combust","Disarm"],"picked":"Brutality","floor":14},{"not_picked":["Limit Break","Barricade"],"picked":"Offering","floor":16},{"not_picked":["Feel No Pain","Cleave"],"picked":"Rage","floor":18},{"not_picked":["Thunderclap","hubris:ReadiedAction"],"picked":"Armaments","floor":21},{"not_picked":["Abandon+1","Searing Blow"],"picked":"Havoc+1","floor":22},{"not_picked":["Thunderclap","Havoc"],"picked":"Disarm","floor":29}],"player_experience":413535,"relics_obtained":[{"floor":6,"key":"Centennial Puzzle"},{"floor":9,"key":"Omamori"},{"floor":26,"key":"ReplayTheSpireMod:Ninjato"}],"event_choices":[{"damage_healed":0,"gold_gain":0,"player_choice":"Bought 3 Potions","damage_taken":0,"max_hp_gain":0,"max_hp_loss":0,"event_name":"The Woman in Blue","floor":4,"gold_loss":0},{"damage_healed":0,"gold_gain":0,"player_choice":"Rummage","damage_taken":0,"relics_obtained":["WarpedTongs"],"max_hp_gain":0,"max_hp_loss":0,"event_name":"Accursed Blacksmith","floor":8,"gold_loss":0,"cards_obtained":["Pain"]},{"damage_healed":0,"gold_gain":0,"player_choice":"Shed Blood","damage_taken":20,"max_hp_gain":5,"max_hp_loss":0,"event_name":"Forgotten Altar","floor":19,"gold_loss":0},{"damage_healed":0,"gold_gain":0,"player_choice":"Simplicity","damage_taken":0,"max_hp_gain":0,"max_hp_loss":0,"event_name":"Back to Basics","floor":24,"gold_loss":0,"cards_upgraded":["Strike_R","Strike_R","Strike_R","Strike_R","Strike_R","Defend_R","Defend_R","Defend_R","Defend_R"]}],"is_beta":false,"boss_relics":[{"not_picked":["hubris:HollowSoul","Runic Dome"],"picked":"Ring of Chaos"}],"items_purged_floors":[10],"is_endless":false,"potions_floor_spawned":[6,7,11,14],"killed_by":"Slavers","ascension_level":4}}