{"host":"s3g5dmvfnpdztvul","time":1607641123,"event":{"mods":["AchievementEnabler","AlwaysNeverKeys","Aspiration","BaseMod","Better Altar","Better Match","Better Note","Better Sensory Stone","Better Vampires","BetterRewards","CatGirl Mod","Challenge The Spire","Colored Map","Colored Powertips","Colorless Booster Pack","Conspire","Curses Come First","DeckTracker","Displayed Cursed Tome","Downfall","Energized Spire","Fiend Mod","Friendly Minions","GifTheSpireLib","Hubris","Hyrulean Relics","Infinite Spire","Ironclad Rager","Jedi Mod","Marisa????????","Marked Mod","Mimic Mod","Minty Spire (QoL Compilation)","Permanent Neow","Quick Restart","Railgun Mod","Random Character Button","Rare Cards Sparkle","Replay The Spire","SCP261 Mod","Shade Mod","Small Relic Pack","Spicy Shops","Spikes Relics","StSLib","Stuff the Spire","The Alterego","The Blue Laboratory","The Clintock","The Cursed","The Factory","The Jungle","The Necromancer","TheSwordswoman","Trackpad","Unceasing Turn Reminder","Virulent Crown","Waifu the Spire","Wandering Minibosses","vexMod"],"gold_per_floor":[113,113,129,148,148,148,73,101,101,120,120,147,36,61,61,166,166,186,186,186,206,217,252,252,28,54,54,65,92,2,20,20,124,124,144,51,51,68,79,100,100,129,153,182,162,174,174,17,17,12,12,12,12,34,34],"floor_reached":56,"playtime":5379,"items_purged":[],"score":1470,"play_id":"5804d010-dc92-4e73-b2ed-7a9da634ada9","local_time":"20201210175843","is_ascension_mode":true,"campfire_choices":[{"floor":6.0,"key":"REST"},{"floor":11.0,"key":"REST"},{"floor":15.0,"key":"REST"},{"floor":24.0,"key":"REST"},{"floor":41.0,"key":"REST"},{"floor":49.0,"key":"REST"},{"data":"alterego_mod:Palingenesis","floor":52.0,"key":"SMITH"}],"circlet_count":0,"master_deck":["alterego_mod:Strike","alterego_mod:Strike","alterego_mod:Strike","alterego_mod:Strike","alterego_mod:Defend","alterego_mod:Defend","alterego_mod:Defend","alterego_mod:Defend+1","alterego_mod:Impale","alterego_mod:BigMeatyClaws","alterego_mod:BrynhildrsRune","alterego_mod:GachaTicket","Voices","alterego_mod:GoddessCore","alterego_mod:BiFurious","alterego_mod:GoddessCore","alterego_mod:Cycle","alterego_mod:Collar","alterego_mod:GoddessCore","Parasite","alterego_mod:Palingenesis+1","alterego_mod:BiFurious","alterego_mod:Complex+1","alterego_mod:Jiggle","alterego_mod:Maid","alterego_mod:TrashNCrash","alterego_mod:1TonWallop+1","alterego_mod:1TonWallop","alterego_mod:BrynhildrRomantia","alterego_mod:Punishment+1","hubris:Fate+1","infinitespire:SevenWalls","infinitespire:Execution","alterego_mod:Cooking","alterego_mod:1TonWallop+1","alterego_mod:VirginLaserPalladion","alterego_mod:Bloomers","alterego_mod:Collar+1","alterego_mod:BiFurious","alterego_mod:Alter","alterego_mod:Mirror+1","alterego_mod:GoddessCore+1","alterego_mod:Pet","alterego_mod:BiFurious+1","alterego_mod:BiFurious+1","alterego_mod:SakuraLabyrinth","alterego_mod:ClassAdvantage","alterego_mod:BiFurious","alterego_mod:Nekomimi","alterego_mod:Birthday+1"],"relics":["alterego_mod:MasochisticConstitution","aspiration:DSix","Ring of Searing","Ring of Fury","ReplayTheSpireMod:CursedCoin","aspiration:ChemicalBlood","Ancient Tea Set","trackpad:PocketGalaxy","Regal Pillow","conspire:SpecialSausage","hubris:HollowSoul","Replay:WaspNest","Lantern","ReplayFunnel","trackpad:WritersBlock","trackpad:AdjectivePendant","jedi:shrinkray","vexMod:TanglingVine","Replay:Baseball","trackpad:ZombieHeart","Vajra","CrustySpines","StuffTheSpire:GreaterSneckoEye","Gremlin Food","BlackRope"],"acts_visited":[],"potions_floor_usage":[55,55,55,55],"damage_taken":[{"damage":12.0,"enemies":"Cultist","floor":1.0,"turns":5.0},{"damage":24.0,"enemies":"Small Slimes","floor":3.0,"turns":4.0},{"damage":7.0,"enemies":"Jaw Worm","floor":4.0,"turns":3.0},{"damage":38.0,"enemies":"3 Sentries","floor":8.0,"turns":7.0},{"damage":7.0,"enemies":"2 Fungi Beasts","floor":10.0,"turns":4.0},{"damage":39.0,"enemies":"Lagavulin","floor":12.0,"turns":5.0},{"damage":10.0,"enemies":"3 Sentries","floor":14.0,"turns":4.0},{"damage":36.0,"enemies":"The Guardian","floor":16.0,"turns":4.0},{"damage":24.0,"enemies":"3 Byrds","floor":18.0,"turns":4.0},{"damage":25.0,"enemies":"Shell Parasite","floor":21.0,"turns":4.0},{"damage":15.0,"enemies":"Sentry and Sphere","floor":22.0,"turns":4.0},{"damage":20.0,"enemies":"Book of Stabbing","floor":23.0,"turns":2.0},{"damage":10.0,"enemies":"Chosen and Byrds","floor":28.0,"turns":3.0},{"damage":19.0,"enemies":"3 Cultists","floor":31.0,"turns":6.0},{"damage":48.0,"enemies":"Automaton","floor":33.0,"turns":5.0},{"damage":8.0,"enemies":"3 Darklings","floor":35.0,"turns":1.0},{"damage":19.0,"enemies":"3 Shapes","floor":38.0,"turns":2.0},{"damage":31.0,"enemies":"3 Darklings","floor":39.0,"turns":3.0},{"damage":24.0,"enemies":"Reptomancer","floor":40.0,"turns":2.0},{"damage":32.0,"enemies":"Giant Head","floor":42.0,"turns":5.0},{"damage":17.0,"enemies":"Nemesis","floor":44.0,"turns":3.0},{"damage":6.0,"enemies":"Transient","floor":46.0,"turns":5.0},{"damage":111.0,"enemies":"Awakened One","floor":50.0,"turns":7.0},{"damage":33.0,"enemies":"Shield and Spear","floor":54.0,"turns":3.0},{"damage":136,"enemies":"The Heart","floor":55,"turns":5}],"seed_played":"-2107751481719544637","potions_obtained":[{"floor":4.0,"key":"FearPotion"},{"floor":12.0,"key":"Languid Potion"},{"floor":14.0,"key":"Toxic Potion"},{"floor":19.0,"key":"SCP261:AppleJuicePotion"},{"floor":19.0,"key":"SkillPotion"},{"floor":21.0,"key":"SCP261:GirlTearsPotion"},{"floor":22.0,"key":"Adrenaline Potion"},{"floor":31.0,"key":"Elixir"},{"floor":33.0,"key":"PowerPotion"},{"floor":40.0,"key":"SteroidPotion"},{"floor":44.0,"key":"hexamod:EctoCoolerPotion"},{"floor":45.0,"key":"Toxic Potion"},{"floor":46.0,"key":"LiquidMemories"},{"floor":54,"key":"Dexterity Potion"}],"is_trial":false,"path_per_floor":["M","?","M","M","?","R","$","E","T","M","R","E","$","E","R","B",null,"M","?","AVR","M","M","E","R","$","T","?","M","T","$","M","R_BF","B",null,"M","$","?","M","M","E","R","E","T","E","?","M","?","$","R","B",null,"R","$","E","B",null],"character_chosen":"The_Alterego","items_purchased":["ReplayTheSpireMod:CursedCoin","alterego_mod:Palingenesis","alterego_mod:BiFurious","alterego_mod:Complex","alterego_mod:1TonWallop+1","trackpad:PocketGalaxy","ReplayFunnel","trackpad:WritersBlock","alterego_mod:Collar+1","alterego_mod:GoddessCore+1","alterego_mod:Pet","Gremlin Food"],"campfire_rested":6,"item_purchase_floors":[7,7,7,7,13,13,25,25,30,36,36,48],"current_hp_per_floor":[66,66,50,44,44,65,65,49,49,57,75,44,44,35,73,38,78,55,55,55,54,40,24,66,66,66,66,71,71,71,77,91,51,92,85,85,93,75,69,49,92,83,83,72,72,71,51,51,97,32,110,110,110,103,36],"gold":34,"neow_bonus":"DSIX","is_daily":false,"chose_seed":false,"campfire_upgraded":1,"win_rate":0.0,"timestamp":1607641123,"path_taken":["M","?","M","M","?","R","$","E","T","M","R","E","?","E","R","BOSS","M","?","AVR","M","?","E","R","$","T","?","?","?","?","M","R_BF","BOSS","M","$","?","?","M","E","R","E","T","E","?","?","?","$","R","BOSS","R","$","E","BOSS"],"items_purchased_type":["Relic","Card","Card","Card","Undefined","Relic","Relic","Relic","Undefined","Undefined","Card","Relic"],"build_version":"2020-11-30","purchased_purges":0,"victory":true,"max_hp_per_floor":[71,71,72,73,73,73,73,74,74,75,75,76,76,77,77,78,78,79,79,79,88,89,90,90,90,90,90,91,91,91,91,91,92,92,93,93,93,94,95,96,96,100,100,102,102,104,104,104,104,110,110,110,110,119,121],"card_choices":[{"not_picked":["alterego_mod:TrashNCrash","alterego_mod:Bounce"],"picked":"alterego_mod:GachaTicket","floor":1.0},{"not_picked":["alterego_mod:PerceptionDisorder","alterego_mod:BustOut"],"picked":"alterego_mod:GoddessCore","floor":3.0},{"not_picked":["alterego_mod:Undulate","alterego_mod:Pet"],"picked":"alterego_mod:BiFurious","floor":4.0},{"not_picked":["alterego_mod:DestructionOfProperty","alterego_mod:STier"],"picked":"alterego_mod:Jiggle","floor":8.0},{"not_picked":["alterego_mod:DeftHands","alterego_mod:RidiculouslyBig"],"picked":"alterego_mod:Maid","floor":10.0},{"not_picked":["alterego_mod:BreastValley","alterego_mod:Undulate"],"picked":"alterego_mod:TrashNCrash","floor":12.0},{"not_picked":["alterego_mod:Stockings","alterego_mod:Maid"],"picked":"alterego_mod:1TonWallop","floor":14.0},{"not_picked":["alterego_mod:Lift","alterego_mod:RingBreak"],"picked":"alterego_mod:BrynhildrRomantia","floor":16.0},{"not_picked":["alterego_mod:Cycle","alterego_mod:HighServant"],"picked":"alterego_mod:Punishment+1","floor":18.0},{"not_picked":["alterego_mod:Skirt","alterego_mod:Crossover"],"picked":"alterego_mod:Cooking","floor":21.0},{"not_picked":["alterego_mod:Rip+1","alterego_mod:GoddessCore"],"picked":"alterego_mod:1TonWallop+1","floor":22.0},{"not_picked":["alterego_mod:GoddessCore","alterego_mod:Cooking"],"picked":"alterego_mod:VirginLaserPalladion","floor":23.0},{"not_picked":["alterego_mod:HighServant","alterego_mod:DiscoLights"],"picked":"alterego_mod:Bloomers","floor":28.0},{"not_picked":["alterego_mod:DiscoLights","alterego_mod:Jiggle"],"picked":"alterego_mod:BiFurious","floor":31.0},{"not_picked":["alterego_mod:STier","alterego_mod:IdEs"],"picked":"alterego_mod:Alter","floor":33.0},{"not_picked":["alterego_mod:DiscoLights","alterego_mod:HighServant"],"picked":"alterego_mod:Mirror+1","floor":35.0},{"not_picked":["alterego_mod:Bounce","alterego_mod:Bloomers"],"picked":"alterego_mod:BiFurious+1","floor":38.0},{"not_picked":["alterego_mod:Cooking","alterego_mod:Jiggle"],"picked":"alterego_mod:BiFurious+1","floor":39.0},{"not_picked":["alterego_mod:Table","alterego_mod:Santa+1"],"picked":"alterego_mod:SakuraLabyrinth","floor":40.0},{"not_picked":["alterego_mod:Cushion","alterego_mod:AlterEgo"],"picked":"alterego_mod:ClassAdvantage","floor":42.0},{"not_picked":["alterego_mod:GoddessCore+1","alterego_mod:Rip"],"picked":"alterego_mod:BiFurious","floor":44.0},{"not_picked":["alterego_mod:Cushion+1","alterego_mod:SakuraLabyrinth+1"],"picked":"alterego_mod:Nekomimi","floor":46.0},{"not_picked":["alterego_mod:Skirt+1","alterego_mod:Collar"],"picked":"alterego_mod:Birthday+1","floor":54}],"player_experience":485767,"relics_obtained":[{"floor":2.0,"key":"Ring of Searing"},{"floor":2.0,"key":"Ring of Fury"},{"floor":8.0,"key":"aspiration:ChemicalBlood"},{"floor":12.0,"key":"Ancient Tea Set"},{"floor":14.0,"key":"Regal Pillow"},{"floor":23.0,"key":"Lantern"},{"floor":26.0,"key":"trackpad:AdjectivePendant"},{"floor":29.0,"key":"jedi:shrinkray"},{"floor":40.0,"key":"Replay:Baseball"},{"floor":42.0,"key":"trackpad:ZombieHeart"},{"floor":43.0,"key":"Vajra"},{"floor":44.0,"key":"CrustySpines"},{"floor":47.0,"key":"StuffTheSpire:GreaterSneckoEye"},{"floor":54,"key":"BlackRope"}],"event_choices":[{"damage_healed":0.0,"max_hp_gain":0.0,"max_hp_loss":0.0,"gold_gain":0.0,"event_name":"Lab","player_choice":"Got Potions","floor":19.0,"gold_loss":0.0,"damage_taken":0.0},{"damage_healed":0.0,"max_hp_gain":0.0,"max_hp_loss":0.0,"gold_gain":0.0,"event_name":"Upgrade Shrine","player_choice":"Upgraded","floor":27.0,"gold_loss":0.0,"damage_taken":0.0,"cards_upgraded":["hubris:Fate"]},{"cards_removed":["alterego_mod:PresenceConcealment"],"damage_healed":8.0,"max_hp_gain":0.0,"max_hp_loss":0.0,"gold_gain":0.0,"event_name":"Bonfire Elementals","player_choice":"Offered Uncommon","floor":37.0,"gold_loss":0.0,"damage_taken":0.0},{"damage_healed":0.0,"max_hp_gain":0.0,"max_hp_loss":0.0,"gold_gain":0.0,"event_name":"The Woman in Blue","player_choice":"Bought 1 Potion","floor":45.0,"gold_loss":0.0,"damage_taken":0.0}],"is_beta":false,"boss_relics":[{"not_picked":["Empty Cage","aspiration:PoetsPen_weak"],"picked":"conspire:SpecialSausage"},{"not_picked":["Fusion Hammer","hubris:VirtuousBlindfold"],"picked":"vexMod:TanglingVine"}],"items_purged_floors":[],"is_endless":false,"potions_floor_spawned":[4,12,14,21,22,31,33,35,40,44,46,54],"ascension_level":1}}