{"host":"lyzyr6cv4ove76ms","time":1607563257,"event":{"gold_per_floor":[114,134,134,153,163,163,198,198,198,198,198,225,0,26,26,127,127,127,127],"floor_reached":18,"playtime":1117,"items_purged":[],"score":187,"play_id":"f2ac261f-e4cf-4393-a99d-89263d38779c","local_time":"20201210022057","is_ascension_mode":true,"campfire_choices":[{"data":"Armaments","floor":6,"key":"SMITH"},{"data":"Bash","floor":8,"key":"SMITH"},{"floor":11,"key":"REST"},{"floor":15,"key":"REST"}],"neow_cost":"PERCENT_DAMAGE","seed_source_timestamp":1591078127332700,"circlet_count":0,"master_deck":["Strike_R","Strike_R","Strike_R","Strike_R","Strike_R","Defend_R","Defend_R","Defend_R","Defend_R","Bash+1","Armaments+1","Demon Form"],"relics":["Burning Blood","TungstenRod","Letter Opener","Du-Vu Doll","Pocketwatch","Blue Candle","Membership Card","Blood Vial","Tiny Chest","SlaversCollar"],"potions_floor_usage":[16],"damage_taken":[{"damage":8,"enemies":"Small Slimes","floor":1,"turns":4},{"damage":6,"enemies":"Cultist","floor":2,"turns":5},{"damage":1,"enemies":"2 Louse","floor":4,"turns":3},{"damage":21,"enemies":"Exordium Wildlife","floor":5,"turns":8},{"damage":26,"enemies":"Gremlin Nob","floor":7,"turns":5},{"damage":4,"enemies":"3 Sentries","floor":12,"turns":11},{"damage":30,"enemies":"Gremlin Nob","floor":14,"turns":4},{"damage":43,"enemies":"Slime Boss","floor":16,"turns":10},{"damage":9,"enemies":"Spheric Guardian","floor":18,"turns":5}],"seed_played":"-437563874744364948","potions_obtained":[{"floor":4,"key":"Fire Potion"},{"floor":12,"key":"Explosive Potion"},{"floor":14,"key":"ColorlessPotion"},{"floor":16,"key":"HeartOfIron"}],"is_trial":false,"path_per_floor":["M","M","?","M","M","R","E","R","T","?","R","E","$","E","R","B",null,"M"],"character_chosen":"IRONCLAD","items_purchased":["Membership Card","Blood Vial"],"campfire_rested":2,"item_purchase_floors":[13,13],"current_hp_per_floor":[54,54,54,59,44,44,24,24,24,24,48,50,50,28,52,17,80,71,71],"gold":127,"neow_bonus":"ONE_RARE_RELIC","is_prod":false,"is_daily":false,"chose_seed":false,"campfire_upgraded":2,"win_rate":0,"timestamp":1607563257,"path_taken":["M","M","?","M","?","R","E","R","T","?","R","E","$","E","R","BOSS","M"],"build_version":"2020-11-30","purchased_purges":0,"victory":false,"max_hp_per_floor":[80,80,80,80,80,80,80,80,80,80,80,80,80,80,80,80,80,80,80],"card_choices":[{"not_picked":["Heavy Blade","Sentinel","Pommel Strike"],"picked":"SKIP","floor":1},{"not_picked":["Flex","Carnage","Whirlwind"],"picked":"SKIP","floor":2},{"not_picked":["Shrug It Off","Power Through","Dark Embrace"],"picked":"SKIP","floor":4},{"not_picked":["Twin Strike","Warcry"],"picked":"Armaments","floor":5},{"not_picked":["Perfected Strike","Armaments","Limit Break"],"picked":"SKIP","floor":7},{"not_picked":["Pummel","Havoc","Bloodletting"],"picked":"SKIP","floor":12},{"not_picked":["Body Slam","Sword Boomerang","Burning Pact"],"picked":"SKIP","floor":14},{"not_picked":["Impervious","Offering"],"picked":"Demon Form","floor":16}],"player_experience":564798,"relics_obtained":[{"floor":7,"key":"Letter Opener"},{"floor":9,"key":"Du-Vu Doll"},{"floor":12,"key":"Blue Candle"},{"floor":14,"key":"Tiny Chest"}],"event_choices":[{"damage_healed":0,"gold_gain":0,"player_choice":"Bought 0 Potions","damage_taken":0,"max_hp_gain":0,"max_hp_loss":0,"event_name":"The Woman in Blue","floor":3,"gold_loss":0},{"damage_healed":0,"gold_gain":0,"player_choice":"Gave Potion","damage_taken":0,"relics_obtained":["Pocketwatch"],"max_hp_gain":0,"max_hp_loss":0,"event_name":"WeMeetAgain","floor":10,"gold_loss":0}],"is_beta":false,"boss_relics":[{"not_picked":["Pandora\u0027s Box","Ectoplasm"],"picked":"SlaversCollar"}],"items_purged_floors":[],"is_endless":false,"potions_floor_spawned":[4,12,14,16],"killed_by":"Spheric Guardian","ascension_level":1}}