{"host":"x1qj4d8ympd5jdqh","time":1607605582,"event":{"gold_per_floor":[111,160,34,47,58,58,89,89,89,89,124,49,49,49,49,144,144,163,163,180,180,180,180,191,217,217,237,253,253,53,68,68,144,144,157,57,76,76,95,95,111,111,111],"floor_reached":42,"playtime":1278,"items_purged":["Strike_P","Defend_P+1"],"score":952,"play_id":"4565a97a-2fa7-49b9-9fb5-51bd97652e07","local_time":"20201210220622","is_ascension_mode":true,"campfire_choices":[{"data":"Eruption","floor":6.0,"key":"SMITH"},{"data":"CrushJoints","floor":8.0,"key":"SMITH"},{"data":"SandsOfTime","floor":10.0,"key":"SMITH"},{"data":"Vengeance","floor":15.0,"key":"SMITH"},{"data":"Worship","floor":23.0,"key":"SMITH"},{"floor":29.0,"key":"REST"},{"data":"Meditate","floor":32.0,"key":"SMITH"},{"floor":40.0,"key":"REST"}],"neow_cost":"TEN_PERCENT_HP_LOSS","seed_source_timestamp":8413916239000,"circlet_count":0,"master_deck":["AscendersBane","Eruption+1","Vigilance","FollowUp+1","CrushJoints+1","SandsOfTime+1","Brilliance","Vengeance+1","Worship+1","Establishment","SashWhip+1","Protect+1","Evaluate+1","EmptyFist+1","MentalFortress","InnerPeace+1","Meditate+1","DeceiveReality","Protect+1","Devotion","CurseOfTheBell"],"special_seed":0,"relics":["PureWater","Whetstone","Vajra","Letter Opener","Strawberry","Bloody Idol","Mercury Hourglass","Astrolabe","InkBottle","Damaru","Lantern","Calling Bell","Eternal Feather","Gambling Chip","War Paint"],"potions_floor_usage":[42],"damage_taken":[{"damage":25.0,"enemies":"Cultist","floor":1.0,"turns":5.0},{"damage":0.0,"enemies":"2 Louse","floor":4.0,"turns":3.0},{"damage":4.0,"enemies":"Jaw Worm","floor":5.0,"turns":2.0},{"damage":0.0,"enemies":"Gremlin Nob","floor":7.0,"turns":2.0},{"damage":10.0,"enemies":"Lagavulin","floor":11.0,"turns":5.0},{"damage":13.0,"enemies":"Hexaghost","floor":16.0,"turns":3.0},{"damage":0.0,"enemies":"3 Byrds","floor":18.0,"turns":2.0},{"damage":18.0,"enemies":"Shell Parasite","floor":20.0,"turns":4.0},{"damage":4.0,"enemies":"Centurion and Healer","floor":24.0,"turns":4.0},{"damage":17.0,"enemies":"Book of Stabbing","floor":25.0,"turns":3.0},{"damage":18.0,"enemies":"Snake Plant","floor":27.0,"turns":4.0},{"damage":10.0,"enemies":"Shelled Parasite and Fungi","floor":28.0,"turns":3.0},{"damage":4.0,"enemies":"Sentry and Sphere","floor":31.0,"turns":4.0},{"damage":15.0,"enemies":"Champ","floor":33.0,"turns":4.0},{"damage":14.0,"enemies":"3 Darklings","floor":35.0,"turns":3.0},{"damage":19.0,"enemies":"3 Shapes","floor":37.0,"turns":4.0},{"damage":6.0,"enemies":"Maw","floor":39.0,"turns":6.0},{"damage":32.0,"enemies":"Sphere and 2 Shapes","floor":41.0,"turns":5.0},{"damage":8,"enemies":"Writhing Mass","floor":42,"turns":2}],"seed_played":"-2657730142813711687","potions_obtained":[{"floor":4.0,"key":"AttackPotion"},{"floor":7.0,"key":"Explosive Potion"},{"floor":11.0,"key":"Explosive Potion"},{"floor":18.0,"key":"BottledMiracle"},{"floor":20.0,"key":"EssenceOfSteel"},{"floor":22.0,"key":"DuplicationPotion"},{"floor":28.0,"key":"GamblersBrew"},{"floor":31.0,"key":"SteroidPotion"}],"is_trial":false,"path_per_floor":["M","T","$","M","M","R","E","R","T","R","E","$","?","T","R","B",null,"M","?","M","?","?","R","M","E","T","M","M","R","$","M","R","B",null,"M","$","M","?","M","R","M","M"],"character_chosen":"WATCHER","items_purchased":["CrushJoints","Worship","Lantern","DeceiveReality"],"campfire_rested":2,"item_purchase_floors":[3,12,30,30],"current_hp_per_floor":[36,36,36,36,32,32,32,32,32,32,29,29,29,29,29,16,51,51,51,38,38,38,38,39,27,27,14,9,27,27,28,28,18,52,43,43,29,29,28,58,31,23,23],"gold":111,"neow_bonus":"REMOVE_TWO","is_prod":false,"is_daily":false,"chose_seed":false,"campfire_upgraded":6,"win_rate":0,"timestamp":1607605582,"path_taken":["M","?","$","M","?","R","E","R","T","R","E","$","?","?","R","BOSS","M","?","M","?","?","R","M","E","T","M","M","R","$","?","R","BOSS","M","$","M","?","M","R","M","M"],"build_version":"2020-11-30","purchased_purges":2,"victory":false,"max_hp_per_floor":[62,62,62,62,62,62,62,62,62,62,69,69,63,63,63,63,63,63,63,63,63,63,63,63,63,63,63,63,63,63,63,63,63,63,63,63,63,60,60,60,60,60,60],"card_choices":[{"not_picked":["Pray","Crescendo"],"picked":"FollowUp","floor":1.0},{"not_picked":["BattleHymn","FollowUp","Halt"],"picked":"SKIP","floor":4.0},{"not_picked":["PathToVictory","Consecrate"],"picked":"SandsOfTime","floor":5.0},{"not_picked":["Wallop","FlurryOfBlows"],"picked":"Brilliance","floor":7.0},{"not_picked":["Protect","BowlingBash"],"picked":"Vengeance","floor":11.0},{"not_picked":["DevaForm","Judgement"],"picked":"Establishment","floor":16.0},{"not_picked":["TalkToTheHand","JustLucky"],"picked":"EmptyFist+1","floor":18.0},{"not_picked":["Protect","WaveOfTheHand"],"picked":"MentalFortress","floor":20.0},{"not_picked":["ClearTheMind","FlurryOfBlows+1"],"picked":"InnerPeace","floor":24.0},{"not_picked":["Protect","PathToVictory","Crescendo"],"picked":"SKIP","floor":25.0},{"not_picked":["Consecrate+1","FlyingSleeves"],"picked":"Meditate","floor":27.0},{"not_picked":["FlyingSleeves","Evaluate","Collect"],"picked":"SKIP","floor":28.0},{"not_picked":["FollowUp","SpiritShield"],"picked":"Protect+1","floor":31.0},{"not_picked":["ConjureBlade","Establishment"],"picked":"Devotion","floor":33.0},{"not_picked":["JustLucky","EmptyBody+1","Protect"],"picked":"SKIP","floor":35.0},{"not_picked":["Halt","CutThroughFate","BattleHymn"],"picked":"SKIP","floor":37.0},{"not_picked":["CarveReality","CrushJoints+1","Alpha"],"picked":"SKIP","floor":39.0},{"not_picked":["Tantrum","Perseverance","PathToVictory"],"picked":"SKIP","floor":41.0}],"player_experience":1300189,"relics_obtained":[{"floor":2.0,"key":"Whetstone"},{"floor":7.0,"key":"Vajra"},{"floor":9.0,"key":"Letter Opener"},{"floor":11.0,"key":"Strawberry"},{"floor":14.0,"key":"Mercury Hourglass"},{"floor":25.0,"key":"InkBottle"},{"floor":26.0,"key":"Damaru"},{"floor":34.0,"key":"Eternal Feather"},{"floor":34.0,"key":"Gambling Chip"},{"floor":34.0,"key":"War Paint"}],"event_choices":[{"damage_healed":0.0,"max_hp_gain":0.0,"max_hp_loss":6.0,"gold_gain":0.0,"event_name":"Golden Idol","player_choice":"Lose Max HP","floor":13.0,"gold_loss":0.0,"damage_taken":0.0,"relics_obtained":["Golden Idol"]},{"damage_healed":0.0,"max_hp_gain":0.0,"max_hp_loss":0.0,"gold_gain":0.0,"event_name":"Forgotten Altar","player_choice":"Gave Idol","floor":19.0,"relics_lost":["Golden Idol"],"gold_loss":0.0,"damage_taken":0.0,"relics_obtained":["Bloody Idol"]},{"cards_removed":["Defend_P"],"damage_healed":0.0,"max_hp_gain":0.0,"max_hp_loss":0.0,"gold_gain":0.0,"event_name":"Back to Basics","player_choice":"Elegance","floor":21.0,"gold_loss":0.0,"damage_taken":0.0},{"damage_healed":0.0,"max_hp_gain":0.0,"max_hp_loss":0.0,"gold_gain":0.0,"event_name":"Lab","player_choice":"Got Potions","floor":22.0,"gold_loss":0.0,"damage_taken":0.0},{"damage_healed":0.0,"max_hp_gain":0.0,"max_hp_loss":3.0,"gold_gain":0.0,"event_name":"Winding Halls","player_choice":"Max HP","floor":38.0,"gold_loss":0.0,"damage_taken":0.0}],"is_beta":false,"boss_relics":[{"not_picked":["Sozu","Empty Cage"],"picked":"Astrolabe"},{"not_picked":["Cursed Key","Runic Dome"],"picked":"Calling Bell"}],"items_purged_floors":[3,36],"is_endless":false,"potions_floor_spawned":[4,7,11,18,20,28,31,35,37,39],"killed_by":"Writhing Mass","ascension_level":20}}