{"host":"3y2rtlgteqp2nuo3","time":1607598456,"event":{"gold_per_floor":[118,130,55,55,55,55,65,65,65,26,26,39,39,49,49,49,49],"floor_reached":16,"playtime":288,"items_purged":["Strike_B"],"score":144,"play_id":"36134b74-964c-4cb4-a1d8-ea0acb83912f","local_time":"20201210200736","is_ascension_mode":true,"campfire_choices":[{"data":"Zap","floor":6,"key":"SMITH"},{"data":"Dualcast","floor":8,"key":"SMITH"},{"data":"Sunder","floor":11,"key":"SMITH"},{"floor":15,"key":"DIG"}],"neow_cost":"TEN_PERCENT_HP_LOSS","seed_source_timestamp":1422371450194300,"circlet_count":0,"master_deck":["AscendersBane","Strike_B","Strike_B","Defend_B","Defend_B","Defend_B","Defend_B","Zap+1","Dualcast+1","Tempest","Skim","Reinforced Body","Sunder+1","Melter"],"special_seed":0,"relics":["Cracked Core","Shovel","StrikeDummy","InkBottle","Pen Nib"],"potions_floor_usage":[16],"damage_taken":[{"damage":7.0,"enemies":"Jaw Worm","floor":1.0,"turns":3.0},{"damage":1,"enemies":"2 Louse","floor":2,"turns":3},{"damage":0,"enemies":"Cultist","floor":7,"turns":2},{"damage":3,"enemies":"Exordium Thugs","floor":12,"turns":3},{"damage":20,"enemies":"Gremlin Gang","floor":14,"turns":3},{"damage":27,"enemies":"The Guardian","floor":16,"turns":9}],"seed_played":"5927262877641072504","potions_obtained":[{"floor":1.0,"key":"FocusPotion"},{"floor":7,"key":"Strength Potion"}],"is_trial":false,"path_per_floor":["M","M","$","?","?","R","M","R","T","$","R","M","$","M","R","B"],"character_chosen":"DEFECT","items_purchased":["Sunder"],"campfire_rested":0,"item_purchase_floors":[10],"current_hp_per_floor":[61,60,60,53,50,50,50,50,50,50,50,47,47,27,27,0,0],"gold":49,"neow_bonus":"ONE_RARE_RELIC","is_prod":false,"is_daily":false,"chose_seed":false,"campfire_upgraded":3,"win_rate":0,"timestamp":1607598456,"path_taken":["M","M","$","?","?","R","M","R","T","$","R","M","?","M","R","BOSS"],"build_version":"2020-11-30","purchased_purges":1,"victory":false,"max_hp_per_floor":[68,68,68,68,68,68,68,68,68,68,68,68,68,68,68,68,68],"card_choices":[{"not_picked":["Streamline","Beam Cell"],"picked":"Tempest","floor":1.0},{"not_picked":["Redo","Turbo"],"picked":"Skim","floor":2},{"not_picked":["Beam Cell","Gash"],"picked":"Reinforced Body","floor":7},{"not_picked":["Steam","Conserve Battery","Gash"],"picked":"SKIP","floor":12},{"not_picked":["Double Energy","Gash"],"picked":"Melter","floor":14}],"player_experience":853284,"relics_obtained":[{"floor":9,"key":"InkBottle"},{"floor":15,"key":"Pen Nib"}],"event_choices":[{"cards_removed":["Strike_B"],"damage_healed":0,"gold_gain":0,"player_choice":"Card Removal","damage_taken":7,"max_hp_gain":0,"max_hp_loss":0,"event_name":"Golden Wing","floor":4,"gold_loss":0},{"damage_healed":0,"gold_gain":0,"player_choice":"Success","damage_taken":3,"relics_obtained":["StrikeDummy"],"max_hp_gain":0,"max_hp_loss":0,"event_name":"Scrap Ooze","floor":5,"gold_loss":0}],"is_beta":false,"boss_relics":[],"items_purged_floors":[3],"is_endless":false,"potions_floor_spawned":[1,7,14],"killed_by":"The Guardian","ascension_level":12}}