{"host":"zkqorkqsr6o67e8b","time":1607589813,"event":{"gold_per_floor":[113,113,128,31,47,47,47,47],"floor_reached":7,"playtime":180,"items_purged":[],"score":82,"play_id":"1ad4101b-0602-4223-b70f-dea9bc8b8569","local_time":"20201210164333","is_ascension_mode":true,"campfire_choices":[{"data":"alterego_mod:ChallengeComplete","floor":6,"key":"SMITH"}],"neow_cost":"NONE","seed_source_timestamp":29407536010200,"circlet_count":0,"master_deck":["AscendersBane","alterego_mod:Strike","alterego_mod:Strike","alterego_mod:Strike","alterego_mod:Strike","alterego_mod:Defend","alterego_mod:Defend","alterego_mod:Defend","alterego_mod:Defend","alterego_mod:BigMeatyClaws","alterego_mod:BrynhildrsRune","REME_ProfessionalPlagiarism","alterego_mod:Birthday","alterego_mod:Complex","alterego_mod:ChallengeComplete+1","REME_MagicPocketWatch","alterego_mod:ChallengeComplete"],"special_seed":0,"relics":["alterego_mod:MasochisticConstitution","REME_ComplimentaryCards","NeowsBlessing"],"potions_floor_usage":[],"damage_taken":[{"damage":5.0,"enemies":"Jaw Worm","floor":1.0,"turns":4.0},{"damage":0,"enemies":"Cultist","floor":3,"turns":1},{"damage":0,"enemies":"2 Louse","floor":5,"turns":1},{"damage":1,"enemies":"Gremlin Nob","floor":7,"turns":3}],"seed_played":"8966139647491390554","potions_obtained":[],"is_trial":false,"path_per_floor":["M","?","M","$","M","R","E"],"character_chosen":"The_Alterego","items_purchased":["REME_MagicPocketWatch"],"campfire_rested":0,"item_purchase_floors":[4],"current_hp_per_floor":[62,62,64,64,64,64,65,65],"gold":47,"neow_bonus":"THREE_ENEMY_KILL","is_prod":false,"is_daily":false,"chose_seed":false,"campfire_upgraded":1,"win_rate":0,"timestamp":1607589813,"path_taken":["M","?","?","$","M","R","E"],"build_version":"2020-11-30","purchased_purges":0,"victory":false,"max_hp_per_floor":[66,66,66,66,66,66,66,66],"card_choices":[{"not_picked":["alterego_mod:Jiggle","alterego_mod:Bounce"],"picked":"alterego_mod:Birthday","floor":1.0},{"not_picked":["alterego_mod:SakuraPetals","alterego_mod:HighServant"],"picked":"alterego_mod:ChallengeComplete","floor":3},{"not_picked":["alterego_mod:Jiggle","alterego_mod:Skirt"],"picked":"alterego_mod:ChallengeComplete","floor":5}],"player_experience":662978,"relics_obtained":[],"event_choices":[{"damage_healed":0.0,"max_hp_gain":0.0,"max_hp_loss":0.0,"gold_gain":0.0,"cards_transformed":["alterego_mod:Impale"],"event_name":"Transmorgrifier","player_choice":"Transformed","floor":2.0,"gold_loss":0.0,"damage_taken":0.0,"cards_obtained":["alterego_mod:Complex"]}],"is_beta":false,"boss_relics":[],"items_purged_floors":[],"is_endless":false,"potions_floor_spawned":[],"killed_by":"Gremlin Nob","ascension_level":20}}