{"host":"2lo6hma6kymb0g9i","time":1607584893,"event":{"gold_per_floor":[115,125,125,139,152,178,197,226,251,251,276,291,311,322,322,422,422,434,453,453,469,480,510,522,547,547,547,472,485,485,496,496,592,592,605,269,315,50,64,64,64,64,143,193,208,208,220,235,235,235,235,235,91,126,126,126],"floor_reached":55,"playtime":6594,"items_purged":["Strike_G"],"score":779,"play_id":"600d62b2-261c-4f74-94cc-7344e0032b4b","local_time":"20201210162133","is_ascension_mode":true,"campfire_choices":[{"data":"Backstab","floor":10,"key":"SMITH"},{"data":"Poisoned Stab","floor":15,"key":"SMITH"},{"floor":30,"key":"REST"},{"data":"Riddle With Holes","floor":32,"key":"SMITH"},{"data":"Apotheosis","floor":40,"key":"SMITH"},{"floor":46,"key":"RECALL"},{"floor":49,"key":"REST"},{"data":"Neutralize","floor":52,"key":"SMITH"}],"neow_cost":"NONE","seed_source_timestamp":4855315472000,"circlet_count":0,"master_deck":["Strike_G","Strike_G","Defend_G","Defend_G","Defend_G","Defend_G","Defend_G","Survivor","Neutralize+1","Trip","Slice","Backstab+1","Riddle With Holes+1","Poisoned Stab","Venomology","Poisoned Stab+1","Underhanded Strike","Dagger Throw","Wraith Form v2","Outmaneuver","Skewer","Doppelganger","Heel Hook+1","PiercingWail","Expertise+1","Crippling Poison+1","PiercingWail+1","Night Terror","Apotheosis+1","Noxious Fumes","Distraction","Madness","Madness","Calculated Gamble+1","Prepared","Bane+1"],"relics":["Ring of the Snake","Potion Belt","Strawberry","Blood Vial","Centennial Puzzle","Busted Crown","Juzu Bracelet","Orichalcum","Shuriken","Runic Pyramid","Ninja Scroll","Ginger","Turnip","Happy Flower","Ornamental Fan"],"potions_floor_usage":[6,14,16,16,18,18,21,22,23,23,25,25,31,33,33,33,33,33,37,44,45,45,48,50,50,50,55],"damage_taken":[{"damage":2,"enemies":"Small Slimes","floor":1,"turns":3},{"damage":6,"enemies":"Cultist","floor":2,"turns":4},{"damage":0,"enemies":"2 Louse","floor":4,"turns":1},{"damage":0,"enemies":"Red Slaver","floor":5,"turns":2},{"damage":10,"enemies":"3 Sentries","floor":6,"turns":8},{"damage":0,"enemies":"Large Slime","floor":7,"turns":2},{"damage":21,"enemies":"Gremlin Nob","floor":8,"turns":4},{"damage":22,"enemies":"3 Sentries","floor":11,"turns":8},{"damage":0,"enemies":"Exordium Wildlife","floor":12,"turns":3},{"damage":0,"enemies":"2 Fungi Beasts","floor":13,"turns":2},{"damage":1,"enemies":"Red Slaver","floor":14,"turns":2},{"damage":5,"enemies":"Hexaghost","floor":16,"turns":6},{"damage":0,"enemies":"3 Byrds","floor":18,"turns":3},{"damage":1,"enemies":"Spheric Guardian","floor":19,"turns":3},{"damage":7,"enemies":"Centurion and Healer","floor":21,"turns":4},{"damage":1,"enemies":"Snake Plant","floor":22,"turns":2},{"damage":27,"enemies":"Book of Stabbing","floor":23,"turns":5},{"damage":1,"enemies":"Snecko","floor":24,"turns":3},{"damage":12,"enemies":"Slavers","floor":25,"turns":6},{"damage":15,"enemies":"Sentry and Sphere","floor":29,"turns":4},{"damage":5,"enemies":"Shelled Parasite and Fungi","floor":31,"turns":3},{"damage":29,"enemies":"Automaton","floor":33,"turns":6},{"damage":5,"enemies":"3 Darklings","floor":35,"turns":4},{"damage":10,"enemies":"2 Orb Walkers","floor":37,"turns":4},{"damage":3,"enemies":"3 Shapes","floor":39,"turns":4},{"damage":0,"enemies":"Mind Bloom Boss Battle","floor":44,"turns":4},{"damage":3,"enemies":"Transient","floor":45,"turns":5},{"damage":0,"enemies":"Jaw Worm Horde","floor":47,"turns":4},{"damage":4,"enemies":"3 Darklings","floor":48,"turns":6},{"damage":64,"enemies":"Awakened One","floor":50,"turns":13},{"damage":51,"enemies":"Shield and Spear","floor":54,"turns":6},{"damage":28,"enemies":"The Heart","floor":55,"turns":2}],"seed_played":"2759180850269863356","potions_obtained":[{"floor":1,"key":"ColorlessPotion"},{"floor":5,"key":"Explosive Potion"},{"floor":6,"key":"EssenceOfSteel"},{"floor":13,"key":"PowerPotion"},{"floor":16,"key":"DuplicationPotion"},{"floor":21,"key":"SkillPotion"},{"floor":23,"key":"FearPotion"},{"floor":25,"key":"PowerPotion"},{"floor":29,"key":"LiquidBronze"},{"floor":33,"key":"SpeedPotion"},{"floor":44,"key":"Dexterity Potion"},{"floor":47,"key":"SpeedPotion"},{"floor":48,"key":"Fire Potion"}],"is_trial":false,"path_per_floor":["M","M","?","M","M","E","M","E","T","R","E","M","M","M","R","B",null,"M","M","?","M","M","E","M","E","T","?","?","M","R","M","R","B",null,"M","$","?","$","M","R","?","?","T","?","M","R","M","M","R","B",null,"R","$","E","B"],"character_chosen":"THE_SILENT","items_purchased":["Ninja Scroll","Apotheosis","Noxious Fumes","Happy Flower"],"campfire_rested":2,"item_purchase_floors":[36,38,38,53],"current_hp_per_floor":[68,62,62,62,62,52,52,38,38,38,18,20,22,23,23,20,77,77,76,76,70,71,46,47,37,37,37,37,24,47,44,44,17,77,72,72,64,64,63,63,63,53,53,55,54,54,56,54,77,13,77,77,77,26,0,0],"gold":126,"neow_bonus":"RANDOM_COLORLESS","is_prod":false,"is_daily":false,"chose_seed":false,"campfire_upgraded":5,"win_rate":0,"timestamp":1607584893,"path_taken":["M","M","?","M","M","E","M","E","T","R","E","?","M","M","R","BOSS","M","M","?","M","M","E","M","E","T","?","?","M","R","M","R","BOSS","M","$","?","$","M","R","?","?","T","?","M","R","M","M","R","BOSS","R","$","E","BOSS"],"build_version":"2020-11-30","purchased_purges":1,"victory":false,"max_hp_per_floor":[70,70,70,70,70,70,70,77,77,77,77,77,77,77,77,77,77,77,77,77,77,77,77,77,77,77,77,77,77,77,77,77,77,77,77,77,77,77,77,77,77,77,77,77,77,77,77,77,77,77,77,77,77,77,77,77],"card_choices":[{"not_picked":["Purity","Deep Breath"],"picked":"Trip","floor":0},{"not_picked":["Flechettes","Caltrops"],"picked":"Slice","floor":1},{"not_picked":["Acrobatics","Terror"],"picked":"Backstab","floor":2},{"not_picked":["Dagger Throw","Acrobatics"],"picked":"Riddle With Holes","floor":4},{"not_picked":["Dagger Spray","Outmaneuver"],"picked":"Poisoned Stab","floor":5},{"not_picked":["PiercingWail","Flechettes"],"picked":"Venomology","floor":6},{"not_picked":["Flechettes","Slice"],"picked":"Poisoned Stab","floor":7},{"not_picked":["Tactician","Dodge and Roll"],"picked":"Underhanded Strike","floor":8},{"not_picked":["Acrobatics","Sucker Punch"],"picked":"Dagger Throw","floor":11},{"not_picked":["Backflip","Acrobatics"],"picked":"Wraith Form v2","floor":12},{"not_picked":["Sucker Punch","Eviscerate"],"picked":"Outmaneuver","floor":13},{"not_picked":["Eviscerate","Blade Dance"],"picked":"Skewer","floor":14},{"not_picked":["After Image","Adrenaline"],"picked":"Doppelganger","floor":16},{"not_picked":[],"picked":"Heel Hook+1","floor":18},{"not_picked":["Choke"],"picked":"SKIP","floor":19},{"not_picked":[],"picked":"PiercingWail","floor":21},{"not_picked":["Eviscerate"],"picked":"SKIP","floor":22},{"not_picked":[],"picked":"Expertise+1","floor":23},{"not_picked":[],"picked":"Crippling Poison+1","floor":24},{"not_picked":["Flying Knee"],"picked":"SKIP","floor":25},{"not_picked":[],"picked":"PiercingWail+1","floor":29},{"not_picked":["Endless Agony"],"picked":"SKIP","floor":31},{"not_picked":[],"picked":"Night Terror","floor":33},{"not_picked":["Quick Slash"],"picked":"SKIP","floor":35},{"not_picked":["Quick Slash"],"picked":"SKIP","floor":35},{"not_picked":["Quick Slash+1"],"picked":"SKIP","floor":39},{"not_picked":[],"picked":"Calculated Gamble+1","floor":44},{"not_picked":["Backflip"],"picked":"SKIP","floor":45},{"not_picked":["Deflect"],"picked":"SKIP","floor":47},{"not_picked":[],"picked":"Prepared","floor":48},{"not_picked":[],"picked":"Bane+1","floor":54}],"player_experience":722378,"relics_obtained":[{"floor":6,"key":"Potion Belt"},{"floor":8,"key":"Strawberry"},{"floor":9,"key":"Blood Vial"},{"floor":11,"key":"Centennial Puzzle"},{"floor":23,"key":"Juzu Bracelet"},{"floor":25,"key":"Orichalcum"},{"floor":26,"key":"Shuriken"},{"floor":37,"key":"Ginger"},{"floor":44,"key":"Turnip"},{"floor":54,"key":"Ornamental Fan"}],"event_choices":[{"cards_removed":["Strike_G"],"damage_healed":0,"gold_gain":0,"player_choice":"Purged","damage_taken":0,"max_hp_gain":0,"max_hp_loss":0,"event_name":"Purifier","floor":3,"gold_loss":0},{"damage_healed":0,"gold_gain":0,"player_choice":"Bought 0 Potions","damage_taken":0,"max_hp_gain":0,"max_hp_loss":0,"event_name":"The Woman in Blue","floor":20,"gold_loss":0},{"damage_healed":0,"gold_gain":0,"player_choice":"Ignored","damage_taken":0,"max_hp_gain":0,"max_hp_loss":0,"event_name":"The Mausoleum","floor":27,"gold_loss":0},{"cards_removed":["Strike_G"],"damage_healed":0,"gold_gain":0,"player_choice":"Gave Gold","damage_taken":0,"max_hp_gain":0,"max_hp_loss":0,"event_name":"Beggar","floor":28,"gold_loss":75},{"damage_healed":0,"gold_gain":0,"player_choice":"Fight","damage_taken":0,"max_hp_gain":0,"max_hp_loss":0,"event_name":"Mysterious Sphere","floor":37,"gold_loss":0},{"damage_healed":0,"gold_gain":0,"player_choice":"1 cards matched","damage_taken":0,"max_hp_gain":0,"max_hp_loss":0,"event_name":"Match and Keep!","floor":41,"gold_loss":0,"cards_obtained":["Distraction"]},{"damage_healed":0,"gold_gain":0,"player_choice":"Embrace Madness","damage_taken":10,"max_hp_gain":0,"max_hp_loss":0,"event_name":"Winding Halls","floor":42,"gold_loss":0,"cards_obtained":["Madness","Madness"]},{"damage_healed":0,"gold_gain":0,"player_choice":"Fight","damage_taken":0,"max_hp_gain":0,"max_hp_loss":0,"event_name":"MindBloom","floor":44,"gold_loss":0}],"is_beta":false,"boss_relics":[{"not_picked":["Sozu","Astrolabe"],"picked":"Busted Crown"},{"not_picked":["Black Star","Runic Dome"],"picked":"Runic Pyramid"}],"items_purged_floors":[36],"is_endless":false,"potions_floor_spawned":[1,5,6,13,16,21,23,25,29,33,39,44,47,48],"killed_by":"The Heart","ascension_level":2}}