{"host":"y087t2reloz9bi43","time":1607614985,"event":{"mods":["BaseMod","AchievementEnabler","Colored Powertips","StSLib","2.2 Compatiblity","Better Vampires","BetterRewards","Conspire","Friendly Minions","GifTheSpireLib","Halation","Hubris","Mimic Mod","Permanent Neow","Rare Cards Sparkle","everything is the same but u backflip on backflip","Shop Mod","Downfall","Fireblade Mod","Jedi Mod","Robot Space Explorer","The Bug Knight","The Construct","TheHero","Beaked The Cultist","The Jungle","The Runesmith","Marisa????????","Hermit","Ekko","Uncapped","The Cursed","The Servant 0.9.4","Mad Scientist","The Hierophant","The Blackbeard","Shade Mod","The Necromancer","Infinite Spire","Minty Spire (QoL Compilation)","Colored Map","vexMod","Replay The Spire","Aspiration","TheVacant"],"gold_per_floor":[110,130,140,170,2,2,15,15,15,26,71,114,144,191,203,316,994,1019,1031,1013,1037,782,782],"floor_reached":22,"playtime":2270,"items_purged":["ekkoTheBoyWhoShatteredTime:Strike"],"score":271,"play_id":"ee5e54b2-688f-4964-a173-d46cd8a01f2d","local_time":"20201210154305","is_ascension_mode":false,"campfire_choices":[{"data":"ekkoTheBoyWhoShatteredTime:NeedlesslyLargeRod","floor":6.0,"key":"SMITH"},{"data":"ekkoTheBoyWhoShatteredTime:Unleashed","floor":8.0,"key":"SMITH"},{"data":"ekkoTheBoyWhoShatteredTime:CommittedStrike","floor":15.0,"key":"SMITH"}],"circlet_count":0,"master_deck":["ekkoTheBoyWhoShatteredTime:Strike","ekkoTheBoyWhoShatteredTime:Strike","ekkoTheBoyWhoShatteredTime:Strike","ekkoTheBoyWhoShatteredTime:Strike","ekkoTheBoyWhoShatteredTime:Defend","ekkoTheBoyWhoShatteredTime:Defend","ekkoTheBoyWhoShatteredTime:Defend","ekkoTheBoyWhoShatteredTime:Defend","ekkoTheBoyWhoShatteredTime:TimeMaster","ekkoTheBoyWhoShatteredTime:Unleashed+1","ekkoTheBoyWhoShatteredTime:SpHit","ekkoTheBoyWhoShatteredTime:WideSlice","ekkoTheBoyWhoShatteredTime:AfterimageHit","ekkoTheBoyWhoShatteredTime:NaggingBlow","ekkoTheBoyWhoShatteredTime:NeedlesslyLargeRod+1","ekkoTheBoyWhoShatteredTime:Resocharge","ekkoTheBoyWhoShatteredTime:NaggingBlow","ekkoTheBoyWhoShatteredTime:QuickBreak+1","ekkoTheBoyWhoShatteredTime:TrickOrTreatTrend+1","ekkoTheBoyWhoShatteredTime:CommittedStrike+1","ekkoTheBoyWhoShatteredTime:Chronobreak","ekkoTheBoyWhoShatteredTime:HauntingGuise+1","ekkoTheBoyWhoShatteredTime:HauntingGuise+1","ekkoTheBoyWhoShatteredTime:DefensiveStance+1","ekkoTheBoyWhoShatteredTime:HauntingGuise+1","ekkoTheBoyWhoShatteredTime:NeedlesslyLargeRod","ekkoTheBoyWhoShatteredTime:Discharge"],"special_seed":0,"relics":["ekkoTheBoyWhoShatteredTime:zDriveResonance","Replay:Mystery Machine","Toxic Egg 2","MawBank","jedi:crownofsimplicity","Prayer Wheel","vexMod:RockOfEvil","PreservedInsect"],"acts_visited":["Exordium","TheCity"],"potions_floor_usage":[22],"damage_taken":[{"damage":7.0,"enemies":"Cultist","floor":1.0,"turns":5.0},{"damage":2.0,"enemies":"Small Slimes","floor":2.0,"turns":3.0},{"damage":9.0,"enemies":"Jaw Worm","floor":3.0,"turns":3.0},{"damage":0.0,"enemies":"Red Slaver","floor":4.0,"turns":7.0},{"damage":5.0,"enemies":"Red Slaver","floor":7.0,"turns":3.0},{"damage":3.0,"enemies":"Blue Slaver","floor":10.0,"turns":3.0},{"damage":0.0,"enemies":"Gremlin Nob","floor":12.0,"turns":3.0},{"damage":0.0,"enemies":"Looter","floor":13.0,"turns":2.0},{"damage":0.0,"enemies":"HollowMod:MossKnight","floor":14.0,"turns":2.0},{"damage":30.0,"enemies":"The Guardian","floor":16.0,"turns":6.0},{"damage":0.0,"enemies":"3 Byrds","floor":18.0,"turns":3.0},{"damage":0.0,"enemies":"conspire:FuzzyDice","floor":21.0,"turns":4.0},{"damage":46,"enemies":"hubris:Merchant","floor":22,"turns":5}],"seed_played":"-8018063792500031466","potions_obtained":[{"floor":1.0,"key":"Adrenaline Potion"},{"floor":2.0,"key":"FearPotion"},{"floor":3.0,"key":"GamblersBrew"},{"floor":16.0,"key":"Fruit Juice"},{"floor":20.0,"key":"BlessingOfTheForge"},{"floor":20.0,"key":"jedi:mysterypotion"}],"is_trial":false,"path_per_floor":["M","M","M","MIM","$","R","M","R","T","M","T","E","M","E","R","B",null,"M","?","?","M","$"],"character_chosen":"EKKO_THE_BOY_WHO_SHATTERED_TIME","items_purchased":["ekkoTheBoyWhoShatteredTime:NeedlesslyLargeRod","ekkoTheBoyWhoShatteredTime:Resocharge","ekkoTheBoyWhoShatteredTime:NeedlesslyLargeRod","ekkoTheBoyWhoShatteredTime:Discharge","PreservedInsect"],"campfire_rested":0,"item_purchase_floors":[5,5,22,22,22],"current_hp_per_floor":[71,69,60,60,60,60,55,55,55,52,52,52,52,52,52,22,39,44,44,44,44,0,0],"gold":782,"neow_bonus":"ONE_RANDOM_RARE_CARD","is_daily":false,"chose_seed":false,"campfire_upgraded":3,"win_rate":0.0,"timestamp":1607614985,"path_taken":["M","M","?","?","$","R","?","R","T","?","?","E","?","E","R","BOSS","M","?","?","M","$"],"build_version":"2020-11-30","purchased_purges":1,"victory":false,"max_hp_per_floor":[78,78,78,78,78,78,78,78,78,78,78,78,78,78,78,78,39,44,44,44,44,44,44],"card_choices":[{"not_picked":["ekkoTheBoyWhoShatteredTime:CalmingWaves","ekkoTheBoyWhoShatteredTime:Resocharge"],"picked":"ekkoTheBoyWhoShatteredTime:SpHit","floor":1.0},{"not_picked":["ekkoTheBoyWhoShatteredTime:Disturblast","ekkoTheBoyWhoShatteredTime:HauntingGuise"],"picked":"ekkoTheBoyWhoShatteredTime:WideSlice","floor":2.0},{"not_picked":["ekkoTheBoyWhoShatteredTime:FeelIt","ekkoTheBoyWhoShatteredTime:WideSlice"],"picked":"ekkoTheBoyWhoShatteredTime:AfterimageHit","floor":3.0},{"not_picked":["ekkoTheBoyWhoShatteredTime:AfterimageTimeWrap","ekkoTheBoyWhoShatteredTime:Leap"],"picked":"ekkoTheBoyWhoShatteredTime:NaggingBlow","floor":4.0},{"not_picked":["ekkoTheBoyWhoShatteredTime:SneakHit","ekkoTheBoyWhoShatteredTime:TimeIndustry"],"picked":"ekkoTheBoyWhoShatteredTime:NaggingBlow","floor":7.0},{"not_picked":["ekkoTheBoyWhoShatteredTime:TimeRecall+1","ekkoTheBoyWhoShatteredTime:CommittedStrike"],"picked":"ekkoTheBoyWhoShatteredTime:QuickBreak+1","floor":10.0},{"not_picked":["ekkoTheBoyWhoShatteredTime:AfterimageHit","ekkoTheBoyWhoShatteredTime:HauntedAfterimage"],"picked":"ekkoTheBoyWhoShatteredTime:TrickOrTreatTrend+1","floor":12.0},{"not_picked":["ekkoTheBoyWhoShatteredTime:DodgeTraining+1","ekkoTheBoyWhoShatteredTime:HextechProtobelt"],"picked":"ekkoTheBoyWhoShatteredTime:CommittedStrike","floor":13.0},{"not_picked":["ekkoTheBoyWhoShatteredTime:AfterimageBait+1","ekkoTheBoyWhoShatteredTime:FluidEnergy","ekkoTheBoyWhoShatteredTime:AfterimageTease"],"picked":"SKIP","floor":14.0},{"not_picked":["ekkoTheBoyWhoShatteredTime:AcademyAttraction","ekkoTheBoyWhoShatteredTime:ZhonyasHourglass+1"],"picked":"ekkoTheBoyWhoShatteredTime:Chronobreak","floor":16.0},{"not_picked":["ekkoTheBoyWhoShatteredTime:AfterimageHit","ekkoTheBoyWhoShatteredTime:AfterimageTimeWrap+1"],"picked":"ekkoTheBoyWhoShatteredTime:HauntingGuise+1","floor":18.0},{"not_picked":["ekkoTheBoyWhoShatteredTime:NaggingBlow+1","ekkoTheBoyWhoShatteredTime:SpHit"],"picked":"ekkoTheBoyWhoShatteredTime:HauntingGuise+1","floor":18.0},{"not_picked":["ekkoTheBoyWhoShatteredTime:VelocityConsuming+1","ekkoTheBoyWhoShatteredTime:Timewinder+1"],"picked":"ekkoTheBoyWhoShatteredTime:DefensiveStance+1","floor":21.0},{"not_picked":["ekkoTheBoyWhoShatteredTime:DodgeTraining+1","ekkoTheBoyWhoShatteredTime:HauntedAfterimage"],"picked":"ekkoTheBoyWhoShatteredTime:HauntingGuise+1","floor":21.0}],"player_experience":315480,"relics_obtained":[{"floor":4.0,"key":"Replay:Mystery Machine"},{"floor":9.0,"key":"Toxic Egg 2"},{"floor":11.0,"key":"MawBank"},{"floor":12.0,"key":"jedi:crownofsimplicity"},{"floor":14.0,"key":"Prayer Wheel"}],"event_choices":[{"damage_healed":0.0,"max_hp_gain":0.0,"max_hp_loss":0.0,"gold_gain":0.0,"event_name":"The Woman in Blue","player_choice":"Bought 2 Potions","floor":20.0,"gold_loss":0.0,"damage_taken":0.0}],"is_beta":false,"boss_relics":[{"not_picked":["halation:LoveArrow","hubris:ScarierMask"],"picked":"vexMod:RockOfEvil"}],"items_purged_floors":[5],"is_endless":false,"potions_floor_spawned":[1,2,3,16],"killed_by":"hubris:Merchant","ascension_level":0}}