{"host":"hfxp6ue4pvwo3fit","time":1607558892,"event":{"gold_per_floor":[111,111,123,136,154,154,154,154,230,230,27,57,83,95,95,193,193,210,210,222,222,222],"floor_reached":21,"playtime":650,"items_purged":[],"score":286,"play_id":"4ab4bf02-4194-482e-8bc6-15ab3206e140","local_time":"20201209180812","is_ascension_mode":true,"campfire_choices":[{"data":"Hyperbeam","floor":6,"key":"SMITH"},{"data":"Ball Lightning","floor":8,"key":"SMITH"},{"data":"Conserve Battery","floor":10,"key":"SMITH"},{"floor":15,"key":"REST"}],"neow_cost":"NONE","seed_source_timestamp":1627858641382244,"circlet_count":0,"master_deck":["AscendersBane","Strike_B","Strike_B","Strike_B","Defend_B","Defend_B","Defend_B","Defend_B","Zap+1","Dualcast","Hyperbeam+1","Cold Snap","Ball Lightning+1","White Noise","Conserve Battery+1","Echo Form","FTL","White Noise","Barrage","Creative AI","Ball Lightning"],"relics":["Cracked Core","Hammer of Thor","Seething Fire","Anvil of the Gods","StrikeDummy","Centennial Puzzle","Ancient Tea Set","Inserter"],"potions_floor_usage":[16,20],"damage_taken":[{"damage":8,"enemies":"Small Slimes","floor":1,"turns":2},{"damage":0,"enemies":"Cultist","floor":3,"turns":3},{"damage":0,"enemies":"2 Louse","floor":4,"turns":1},{"damage":16,"enemies":"Exordium Wildlife","floor":5,"turns":3},{"damage":34,"enemies":"Gremlin Nob","floor":12,"turns":4},{"damage":3,"enemies":"2 Fungi Beasts","floor":14,"turns":3},{"damage":18,"enemies":"Hexaghost","floor":16,"turns":5},{"damage":10,"enemies":"Spheric Guardian","floor":18,"turns":7},{"damage":17,"enemies":"3 Byrds","floor":20,"turns":3},{"damage":38,"enemies":"Cultist and Chosen","floor":21,"turns":5}],"seed_played":"-2119746319876040991","potions_obtained":[{"floor":3,"key":"BlessingOfTheForge"},{"floor":4,"key":"Energy Potion"},{"floor":14,"key":"Strength Potion"},{"floor":18,"key":"DuplicationPotion"},{"floor":20,"key":"LiquidBronze"}],"is_trial":false,"path_per_floor":["M","?","M","M","M","R","?","R","T","R","$","E","T","M","R","B",null,"M","?","M","M"],"character_chosen":"DEFECT","items_purchased":["Echo Form","FTL"],"campfire_rested":1,"item_purchase_floors":[11,11],"current_hp_per_floor":[60,60,60,60,44,44,44,44,44,44,44,10,10,7,29,11,59,49,49,32,0,0],"gold":222,"neow_bonus":"ONE_RANDOM_RARE_CARD","is_prod":false,"is_daily":false,"chose_seed":false,"campfire_upgraded":3,"win_rate":0,"timestamp":1607558892,"path_taken":["M","?","M","M","?","R","?","R","T","R","$","E","?","M","R","BOSS","M","?","M","M"],"build_version":"2020-11-30","purchased_purges":0,"victory":false,"max_hp_per_floor":[75,75,75,75,75,75,75,75,75,75,75,75,75,75,75,75,75,75,75,75,75,75],"card_choices":[{"not_picked":["Steam","Beam Cell"],"picked":"Cold Snap","floor":1},{"not_picked":["Lockon","Rebound"],"picked":"Ball Lightning","floor":3},{"not_picked":["Static Discharge","Reprogram"],"picked":"White Noise","floor":4},{"not_picked":["Leap","Compile Driver"],"picked":"Conserve Battery","floor":5},{"not_picked":["Steam","Thunder Strike"],"picked":"White Noise","floor":12},{"not_picked":["Gash","Compile Driver"],"picked":"Barrage","floor":14},{"not_picked":["Core Surge","Multi-Cast"],"picked":"Creative AI","floor":16},{"not_picked":["Stack","Conserve Battery+1","Sweeping Beam+1"],"picked":"SKIP","floor":18},{"not_picked":["Redo","Conserve Battery"],"picked":"Ball Lightning","floor":20}],"player_experience":347839,"relics_obtained":[{"floor":9,"key":"StrikeDummy"},{"floor":12,"key":"Centennial Puzzle"},{"floor":13,"key":"Ancient Tea Set"}],"event_choices":[{"cards_removed":["Strike_B"],"damage_healed":0,"gold_gain":0,"player_choice":"Purged","damage_taken":0,"max_hp_gain":0,"max_hp_loss":0,"event_name":"Purifier","floor":2,"gold_loss":0},{"damage_healed":0,"gold_gain":0,"player_choice":"Grow","damage_taken":0,"max_hp_gain":0,"max_hp_loss":0,"event_name":"Living Wall","floor":7,"gold_loss":0,"cards_upgraded":["Zap"]},{"damage_healed":0,"gold_gain":0,"player_choice":"Ignored","damage_taken":0,"max_hp_gain":0,"max_hp_loss":0,"event_name":"Vampires","floor":19,"gold_loss":0}],"is_beta":false,"boss_relics":[{"not_picked":["Black Star","FrozenCore"],"picked":"Inserter"}],"items_purged_floors":[],"is_endless":false,"potions_floor_spawned":[3,4,12,14,18,20],"killed_by":"Cultist and Chosen","ascension_level":12}}