{"host":"mvlqq966zh3ccmv5","time":1607601641,"event":{"gold_per_floor":[110,110,128,53,67,67,77,91,142,159,176,186,186,198,198,297,297,307,332,332,348,359,359,359],"floor_reached":23,"playtime":445,"items_purged":["Defend_P"],"score":189,"play_id":"06a5f1e8-cd44-42aa-afdb-fdd5b54b4c5c","local_time":"20201210210041","is_ascension_mode":false,"campfire_choices":[{"data":"Eruption","floor":6,"key":"SMITH"},{"data":"Judgement","floor":15,"key":"SMITH"}],"neow_cost":"NONE","seed_source_timestamp":24111254369100,"circlet_count":0,"master_deck":["Strike_P","Strike_P","Defend_P","Defend_P","Eruption+1","Vigilance","Judgement+1","CrushJoints","MentalFortress","FlyingSleeves","EmptyFist","Wish","Halt"],"relics":["Busted Crown"],"potions_floor_usage":[18,21,22],"damage_taken":[{"damage":0,"enemies":"Jaw Worm","floor":1,"turns":3},{"damage":0,"enemies":"Cultist","floor":3,"turns":2},{"damage":2,"enemies":"Small Slimes","floor":5,"turns":2},{"damage":0,"enemies":"3 Louse","floor":7,"turns":3},{"damage":2,"enemies":"Blue Slaver","floor":8,"turns":3},{"damage":0,"enemies":"Large Slime","floor":10,"turns":3},{"damage":0,"enemies":"Looter","floor":11,"turns":3},{"damage":1,"enemies":"2 Fungi Beasts","floor":12,"turns":3},{"damage":6,"enemies":"Large Slime","floor":14,"turns":2},{"damage":51,"enemies":"Slime Boss","floor":16,"turns":13},{"damage":5,"enemies":"2 Thieves","floor":18,"turns":3},{"damage":21,"enemies":"Masked Bandits","floor":19,"turns":4},{"damage":0,"enemies":"3 Byrds","floor":21,"turns":3},{"damage":13,"enemies":"Shelled Parasite and Fungi","floor":22,"turns":4},{"damage":16,"enemies":"Book of Stabbing","floor":23,"turns":3}],"seed_played":"-2481662770811228217","potions_obtained":[{"floor":3,"key":"ColorlessPotion"},{"floor":8,"key":"PowerPotion"},{"floor":11,"key":"ColorlessPotion"},{"floor":18,"key":"SneckoOil"},{"floor":22,"key":"Weak Potion"}],"is_trial":false,"path_per_floor":["M","?","M","$","M","R","M","M","T","M","M","M","?","M","R","B",null,"M","?","?","M","M","E"],"character_chosen":"WATCHER","items_purchased":[],"campfire_rested":0,"item_purchase_floors":[],"current_hp_per_floor":[72,72,72,72,70,70,70,68,68,68,68,67,60,54,54,3,72,67,46,46,46,33,17,17],"gold":359,"neow_bonus":"BOSS_RELIC","is_prod":false,"is_daily":false,"chose_seed":false,"campfire_upgraded":2,"win_rate":0,"timestamp":1607601641,"path_taken":["M","?","M","$","M","R","M","M","T","?","M","M","?","M","R","BOSS","M","?","?","M","M","E"],"build_version":"2020-11-30","purchased_purges":1,"victory":false,"max_hp_per_floor":[72,72,72,72,72,72,72,72,72,72,72,72,72,72,72,72,72,72,72,72,72,72,72,72],"card_choices":[{"not_picked":["JustLucky"],"picked":"SKIP","floor":1},{"not_picked":[],"picked":"CrushJoints","floor":3},{"not_picked":[],"picked":"MentalFortress","floor":5},{"not_picked":["Crescendo"],"picked":"SKIP","floor":7},{"not_picked":[],"picked":"FlyingSleeves","floor":8},{"not_picked":["Crescendo"],"picked":"SKIP","floor":10},{"not_picked":["Crescendo"],"picked":"SKIP","floor":11},{"not_picked":[],"picked":"EmptyFist","floor":12},{"not_picked":["Protect"],"picked":"SKIP","floor":14},{"not_picked":[],"picked":"Wish","floor":16},{"not_picked":["JustLucky"],"picked":"SKIP","floor":18},{"not_picked":[],"picked":"Halt","floor":21},{"not_picked":["BattleHymn"],"picked":"SKIP","floor":22}],"player_experience":189256,"relics_obtained":[],"event_choices":[{"damage_healed":0,"gold_gain":0,"cards_transformed":["Strike_P"],"player_choice":"Transformed","damage_taken":0,"max_hp_gain":0,"max_hp_loss":0,"event_name":"Transmorgrifier","floor":2,"gold_loss":0,"cards_obtained":["Judgement"]},{"cards_removed":["Strike_P"],"damage_healed":0,"gold_gain":0,"player_choice":"Card Removal","damage_taken":7,"max_hp_gain":0,"max_hp_loss":0,"event_name":"Golden Wing","floor":13,"gold_loss":0},{"damage_healed":0,"gold_gain":0,"player_choice":"Fought Bandits","damage_taken":0,"max_hp_gain":0,"max_hp_loss":0,"event_name":"Masked Bandits","floor":19,"gold_loss":0},{"cards_removed":["Defend_P"],"damage_healed":0,"gold_gain":0,"player_choice":"Elegance","damage_taken":0,"max_hp_gain":0,"max_hp_loss":0,"event_name":"Back to Basics","floor":20,"gold_loss":0}],"is_beta":false,"boss_relics":[{"not_picked":["Empty Cage","Pandora\u0027s Box","Tiny House"]}],"items_purged_floors":[4],"is_endless":false,"potions_floor_spawned":[3,8,11,18,22],"killed_by":"Book of Stabbing","ascension_level":0}}