{"host":"tq11g1xvjhf4r9h6","time":1607564739,"event":{"gold_per_floor":[112,53,53,128,139,172,172,183,183,183,222,241,166,210,210,300,300,319,319,343,343,362,396,396,429,479,479,514,532,532,543,543,620,620,631,631,643,691,691,707,740,757,780,815,834,834,834,866,866,866,866,866,866,48,76,76,76],"floor_reached":56,"playtime":2382,"items_purged":["Strike_G","Defend_G"],"score":2122,"play_id":"42135818-2662-4afa-ad5c-9583084f9e6c","local_time":"20201210104539","is_ascension_mode":true,"campfire_choices":[{"data":"Cloak And Dagger","floor":7.0,"key":"SMITH"},{"data":"Cloak And Dagger","floor":15.0,"key":"SMITH"},{"floor":24.0,"key":"REST"},{"floor":27.0,"key":"REST"},{"data":"Footwork","floor":30.0,"key":"SMITH"},{"data":"Leg Sweep","floor":32.0,"key":"SMITH"},{"data":"Accuracy","floor":46.0,"key":"SMITH"},{"floor":49.0,"key":"RECALL"},{"data":"Neutralize","floor":53.0,"key":"SMITH"}],"neow_cost":"NONE","seed_source_timestamp":25286853981800,"circlet_count":0,"master_deck":["AscendersBane","Defend_G+1","Defend_G+1","Defend_G","Defend_G","Survivor","Neutralize+1","Glass Knife+1","A Thousand Cuts+1","After Image+1","Leg Sweep+1","Cloak And Dagger+1","Cloak And Dagger+1","Venomology+1","Blur+1","Calculated Gamble+1","Corpse Explosion+1","PiercingWail+1","Footwork+1","Blur+1","Venomology+1","Blade Dance+1","Blade Dance+1","Heel Hook+1","Accuracy+1","Night Terror+1"],"special_seed":0,"relics":["Astrolabe","Toxic Egg 2","Mercury Hourglass","Bloody Idol","Pear","Art of War","Black Star","War Paint","Pen Nib","PreservedInsect","Vajra","Ancient Tea Set","Bag of Marbles","Bag of Preparation","Lantern","SacredBark","Gambling Chip","Ice Cream","Nunchaku","Blue Candle","Strawberry","Torii","Toy Ornithopter","Bottled Tornado","Oddly Smooth Stone","Frozen Eye","Eternal Feather","Whetstone"],"potions_floor_usage":[56,56,56],"damage_taken":[{"damage":7.0,"enemies":"2 Louse","floor":1.0,"turns":2.0},{"damage":0.0,"enemies":"Small Slimes","floor":5.0,"turns":4.0},{"damage":8.0,"enemies":"Lagavulin","floor":6.0,"turns":9.0},{"damage":0.0,"enemies":"Jaw Worm","floor":8.0,"turns":2.0},{"damage":17.0,"enemies":"Gremlin Nob","floor":11.0,"turns":4.0},{"damage":4.0,"enemies":"Exordium Thugs","floor":12.0,"turns":4.0},{"damage":2.0,"enemies":"Lagavulin","floor":14.0,"turns":5.0},{"damage":9.0,"enemies":"Slime Boss","floor":16.0,"turns":11.0},{"damage":0.0,"enemies":"3 Byrds","floor":18.0,"turns":3.0},{"damage":13.0,"enemies":"Chosen","floor":22.0,"turns":5.0},{"damage":29.0,"enemies":"Gremlin Leader","floor":23.0,"turns":6.0},{"damage":30.0,"enemies":"Slavers","floor":25.0,"turns":3.0},{"damage":12.0,"enemies":"Book of Stabbing","floor":28.0,"turns":4.0},{"damage":15.0,"enemies":"Shelled Parasite and Fungi","floor":29.0,"turns":3.0},{"damage":0.0,"enemies":"Chosen and Byrds","floor":31.0,"turns":5.0},{"damage":17.0,"enemies":"Automaton","floor":33.0,"turns":12.0},{"damage":3.0,"enemies":"3 Shapes","floor":35.0,"turns":4.0},{"damage":0.0,"enemies":"Orb Walker","floor":37.0,"turns":2.0},{"damage":4.0,"enemies":"2 Orb Walkers","floor":38.0,"turns":3.0},{"damage":20.0,"enemies":"3 Darklings","floor":40.0,"turns":3.0},{"damage":1.0,"enemies":"Reptomancer","floor":41.0,"turns":3.0},{"damage":12.0,"enemies":"Spire Growth","floor":42.0,"turns":3.0},{"damage":2.0,"enemies":"Nemesis","floor":44.0,"turns":7.0},{"damage":1.0,"enemies":"Transient","floor":45.0,"turns":6.0},{"damage":8.0,"enemies":"Reptomancer","floor":48.0,"turns":3.0},{"damage":71.0,"enemies":"Time Eater","floor":50.0,"turns":14.0},{"damage":43.0,"enemies":"Donu and Deca","floor":51.0,"turns":7.0},{"damage":0.0,"enemies":"Shield and Spear","floor":55.0,"turns":5.0},{"damage":133,"enemies":"The Heart","floor":56,"turns":8}],"seed_played":"5227143949294860866","potions_obtained":[{"floor":1.0,"key":"SpeedPotion"},{"floor":6.0,"key":"Weak Potion"},{"floor":12.0,"key":"SteroidPotion"},{"floor":14.0,"key":"Poison Potion"},{"floor":23.0,"key":"LiquidMemories"},{"floor":29.0,"key":"GhostInAJar"},{"floor":40.0,"key":"Regen Potion"},{"floor":41.0,"key":"Explosive Potion"},{"floor":42.0,"key":"DuplicationPotion"},{"floor":44.0,"key":"AttackPotion"}],"is_trial":false,"path_per_floor":["M","$","?","?","M","E","R","M","T","?","E","M","$","E","R","B",null,"M","?","T","?","M","E","R","E","T","R","E","M","R","M","R","B",null,"M","?","M","?","?","M","E","M","T","E","M","R","?","E","R","B","B",null,"R","$","E","B"],"character_chosen":"THE_SILENT","items_purchased":["Cloak And Dagger","Bottled Tornado","Oddly Smooth Stone","Frozen Eye","SteroidPotion","PowerPotion"],"campfire_rested":2,"item_purchase_floors":[2,54,54,54,54,54],"current_hp_per_floor":[52,52,66,55,55,47,47,47,47,47,40,36,36,34,34,40,63,63,63,68,68,60,36,57,32,37,58,60,50,50,55,55,43,63,65,65,70,70,70,55,69,62,67,77,77,77,73,70,70,2,28,62,62,62,73,0,0],"gold":76,"neow_bonus":"BOSS_RELIC","is_prod":false,"is_daily":false,"chose_seed":false,"campfire_upgraded":6,"win_rate":0,"timestamp":1607564739,"path_taken":["M","$","?","?","M","E","R","M","T","?","E","M","$","E","R","BOSS","M","?","?","?","?","E","R","E","T","R","E","M","R","M","R","BOSS","M","?","M","?","?","?","E","M","T","E","M","R","?","E","R","BOSS","BOSS","R","$","E","BOSS"],"build_version":"2020-11-30","purchased_purges":2,"victory":false,"max_hp_per_floor":[66,66,66,66,66,66,66,66,66,60,70,70,70,70,70,70,70,70,70,70,70,70,70,70,70,70,70,70,70,70,70,70,70,70,70,70,70,70,70,70,70,70,70,77,77,77,73,73,73,73,73,73,73,73,73,73,73],"relic_stats":{"Torii":22,"counters":[29,150],"Astrolabe":["Glass Knife","A Thousand Cuts","After Image"],"Blue Candle":[1],"Eternal Feather":0,"Pen Nib":[24],"PreservedInsect":333,"Bag of Preparation":[32],"Whetstone":["Heel Hook"],"War Paint":["Defend_G","Defend_G"],"Mercury Hourglass":[514],"Nunchaku":[15],"Bloody Idol":90,"Gambling Chip":[45],"Art of War":[27],"Black Star":7,"obtain_stats":[{"Ice Cream":41,"Lantern":28,"Torii":48,"SacredBark":34,"Vajra":25,"Bag of Preparation":28,"Whetstone":55,"Bottled Tornado":54,"Ancient Tea Set":25,"Frozen Eye":54,"Nunchaku":41,"Gambling Chip":38,"Strawberry":44,"Toxic Egg 2":6,"Ring of the Snake":0,"Pear":11,"Golden Idol":10,"Astrolabe":0,"Blue Candle":44,"Oddly Smooth Stone":54,"Eternal Feather":55,"Pen Nib":23,"PreservedInsect":23,"War Paint":20,"Mercury Hourglass":9,"Bloody Idol":19,"Art of War":14,"Black Star":17,"Bag of Marbles":26,"Toy Ornithopter":48},{"Ice Cream":21,"Lantern":13,"Torii":25,"SacredBark":16,"Vajra":12,"Bag of Preparation":13,"Whetstone":28,"Bottled Tornado":27,"Ancient Tea Set":12,"Frozen Eye":27,"Nunchaku":21,"Gambling Chip":19,"Strawberry":23,"Toxic Egg 2":3,"Ring of the Snake":0,"Pear":5,"Golden Idol":4,"Astrolabe":0,"Blue Candle":23,"Oddly Smooth Stone":27,"Eternal Feather":28,"Pen Nib":11,"PreservedInsect":11,"War Paint":9,"Mercury Hourglass":4,"Bloody Idol":9,"Art of War":7,"Black Star":8,"Bag of Marbles":12,"Toy Ornithopter":25},{"Ice Cream":97,"Lantern":62,"Torii":116,"SacredBark":82,"Vajra":58,"Bag of Preparation":62,"Whetstone":142,"Bottled Tornado":137,"Ancient Tea Set":58,"Frozen Eye":137,"Nunchaku":97,"Gambling Chip":91,"Strawberry":107,"Toxic Egg 2":15,"Ring of the Snake":0,"Pear":21,"Golden Idol":17,"Astrolabe":0,"Blue Candle":107,"Oddly Smooth Stone":137,"Eternal Feather":142,"Pen Nib":55,"PreservedInsect":55,"War Paint":44,"Mercury Hourglass":17,"Bloody Idol":44,"Art of War":30,"Black Star":41,"Bag of Marbles":58,"Toy Ornithopter":116}],"Toy Ornithopter":44},"card_choices":[{"not_picked":["Footwork","Dagger Spray"],"picked":"Leg Sweep","floor":1.0},{"not_picked":["Bouncing Flask","Deflect"],"picked":"Cloak And Dagger","floor":5.0},{"not_picked":["Footwork","Well Laid Plans"],"picked":"Venomology+1","floor":6.0},{"not_picked":["Poisoned Stab","Terror+1"],"picked":"Blur+1","floor":8.0},{"not_picked":["Finisher","Dagger Spray"],"picked":"Calculated Gamble+1","floor":11.0},{"not_picked":["Infinite Blades","Quick Slash","Underhanded Strike"],"picked":"SKIP","floor":12.0},{"not_picked":["Finisher","Infinite Blades","Envenom"],"picked":"SKIP","floor":14.0},{"not_picked":["Glass Knife","Tools of the Trade"],"picked":"Corpse Explosion+1","floor":16.0},{"not_picked":["Outmaneuver+1","Dagger Spray","Expertise+1"],"picked":"SKIP","floor":18.0},{"not_picked":["Backflip+1","Underhanded Strike","Quick Slash"],"picked":"SKIP","floor":22.0},{"not_picked":["Concentrate+1","Quick Slash"],"picked":"PiercingWail+1","floor":23.0},{"not_picked":["Dodge and Roll+1","Expertise+1","PiercingWail+1"],"picked":"SKIP","floor":25.0},{"not_picked":["Dodge and Roll+1","Deflect+1","Slice+1"],"picked":"SKIP","floor":28.0},{"not_picked":["Dash","A Thousand Cuts"],"picked":"Footwork","floor":29.0},{"not_picked":["Setup+1","Dash"],"picked":"Blur+1","floor":31.0},{"not_picked":["Unload","Burst+1"],"picked":"Venomology+1","floor":33.0},{"not_picked":["Poisoned Stab","Distraction+1"],"picked":"Blade Dance+1","floor":35.0},{"not_picked":["Dagger Throw","Tactician+1"],"picked":"Blade Dance+1","floor":37.0},{"not_picked":["Quick Slash","Bouncing Flask+1"],"picked":"Accuracy","floor":40.0},{"not_picked":["All Out Attack","Blade Dance+1","PiercingWail+1"],"picked":"SKIP","floor":41.0},{"not_picked":["Malaise+1","PiercingWail+1","Slice+1"],"picked":"SKIP","floor":42.0},{"not_picked":["Reflex+1","Skewer","Deflect+1"],"picked":"SKIP","floor":44.0},{"not_picked":["Prepared+1","Backflip+1","Caltrops"],"picked":"SKIP","floor":45.0},{"not_picked":["Masterful Stab","PiercingWail+1","Dagger Spray+1"],"picked":"SKIP","floor":48.0},{"not_picked":["Slice","Dodge and Roll+1"],"picked":"Night Terror+1","floor":55.0}],"player_experience":346264,"relics_obtained":[{"floor":6.0,"key":"Toxic Egg 2"},{"floor":9.0,"key":"Mercury Hourglass"},{"floor":11.0,"key":"Pear"},{"floor":14.0,"key":"Art of War"},{"floor":20.0,"key":"War Paint"},{"floor":23.0,"key":"Pen Nib"},{"floor":23.0,"key":"PreservedInsect"},{"floor":25.0,"key":"Vajra"},{"floor":25.0,"key":"Ancient Tea Set"},{"floor":26.0,"key":"Bag of Marbles"},{"floor":28.0,"key":"Bag of Preparation"},{"floor":28.0,"key":"Lantern"},{"floor":38.0,"key":"Gambling Chip"},{"floor":41.0,"key":"Ice Cream"},{"floor":41.0,"key":"Nunchaku"},{"floor":44.0,"key":"Blue Candle"},{"floor":44.0,"key":"Strawberry"},{"floor":48.0,"key":"Torii"},{"floor":48.0,"key":"Toy Ornithopter"},{"floor":55.0,"key":"Eternal Feather"},{"floor":55.0,"key":"Whetstone"}],"event_choices":[{"damage_healed":22.0,"max_hp_gain":0.0,"max_hp_loss":0.0,"gold_gain":0.0,"event_name":"Big Fish","player_choice":"Banana","floor":3.0,"gold_loss":0.0,"damage_taken":0.0},{"damage_healed":0.0,"max_hp_gain":0.0,"max_hp_loss":0.0,"gold_gain":75.0,"event_name":"World of Goop","player_choice":"Gather Gold","floor":4.0,"gold_loss":0.0,"damage_taken":11.0},{"damage_healed":0.0,"max_hp_gain":0.0,"max_hp_loss":6.0,"gold_gain":0.0,"event_name":"Golden Idol","player_choice":"Lose Max HP","floor":10.0,"gold_loss":0.0,"damage_taken":0.0,"relics_obtained":["Golden Idol"]},{"damage_healed":0.0,"max_hp_gain":0.0,"max_hp_loss":0.0,"gold_gain":0.0,"event_name":"Forgotten Altar","player_choice":"Gave Idol","floor":19.0,"relics_lost":["Golden Idol"],"gold_loss":0.0,"damage_taken":0.0,"relics_obtained":["Bloody Idol"]},{"damage_healed":0.0,"max_hp_gain":0.0,"max_hp_loss":0.0,"gold_gain":0.0,"event_name":"Ghosts","player_choice":"Ignored","floor":21.0,"gold_loss":0.0,"damage_taken":0.0},{"damage_healed":0.0,"max_hp_gain":0.0,"max_hp_loss":0.0,"gold_gain":0.0,"event_name":"SensoryStone","player_choice":"Memory 1","floor":36.0,"gold_loss":0.0,"damage_taken":0.0},{"damage_healed":0.0,"max_hp_gain":0.0,"max_hp_loss":0.0,"gold_gain":0.0,"event_name":"Mysterious Sphere","player_choice":"Fight","floor":38.0,"gold_loss":0.0,"damage_taken":0.0},{"damage_healed":0.0,"max_hp_gain":0.0,"max_hp_loss":0.0,"gold_gain":0.0,"cards_transformed":["Strike_G"],"event_name":"Transmorgrifier","player_choice":"Transformed","floor":39.0,"gold_loss":0.0,"damage_taken":0.0,"cards_obtained":["Heel Hook"]},{"damage_healed":0.0,"max_hp_gain":0.0,"max_hp_loss":4.0,"gold_gain":0.0,"event_name":"Winding Halls","player_choice":"Max HP","floor":47.0,"gold_loss":0.0,"damage_taken":0.0}],"is_beta":false,"boss_relics":[{"not_picked":["Busted Crown","Sozu"],"picked":"Black Star"},{"not_picked":["Snecko Eye","HoveringKite"],"picked":"SacredBark"}],"items_purged_floors":[13,54],"is_endless":false,"potions_floor_spawned":[1,6,12,14,23,25,29,35,40,41,42,44],"killed_by":"The Heart","ascension_level":20}}