{"host":"046f94hp0svsg0ce","time":1607618785,"event":{"mods":["BaseMod","StSLib","Quick Restart","Act Like it!","Minty Spire (QoL Compilation)","Colored Map","Colored Powertips","Highlight Path","Rare Cards Sparkle","The Forsaken","Astrologer","Beaked The Cultist","The Necromancer","The Servant 0.9.4","GungeonMod","Halation","Mad Scientist","The Construct","The Runesmith"],"gold_per_floor":[115,115,115,125,11,11,46,121,148,181,181,196,228,238,238,336,336,351,370,386,386,3,31,31,64,89,89,109,139,139,157,157,255,255,265,13,33,33,33,33,53,53,107,118,118,137,172,223,223,223],"floor_reached":51,"playtime":3362,"items_purged":["Strike_B"],"score":868,"play_id":"d14fba68-878b-42fb-b60a-7444eaddcb0f","local_time":"20201210174625","is_ascension_mode":true,"campfire_choices":[{"data":"Storm","floor":6.0,"key":"SMITH"},{"floor":11,"key":"REST"},{"data":"Echo Form","floor":15,"key":"SMITH"},{"floor":24,"key":"REST"},{"floor":27,"key":"REST"},{"data":"Storm","floor":30,"key":"SMITH"},{"floor":32,"key":"REST"},{"floor":42,"key":"REST"},{"data":"Static Discharge","floor":49,"key":"SMITH"}],"circlet_count":0,"master_deck":["Strike_B","Strike_B","Strike_B","Defend_B","Defend_B","Defend_B","Defend_B","Zap","Dualcast","Rip and Tear+1","Static Discharge+1","Storm+1","Tempest","BootSequence","Echo Form+1","Tempest","Sweeping Beam","Electrodynamics","Storm+1","Leap+1","Auto Shields","Self Repair","Ball Lightning","Echo Form","Barrage+1","Buffer","Hologram+1","Self Repair","Rebound","Buffer","Gash+1","Genetic Algorithm","Double Energy","Rip and Tear+1"],"special_seed":0,"relics":["FrozenCore","NeowsBlessing","Bag of Marbles","DemoMod:LamentConfigurum","halation:AfternoonTea","Ancient Tea Set","DemoMod:OrangeGuonStone","halation:PrussianBluePaint","Lantern","Centennial Puzzle","MealTicket","Cursed Key","halation:Jellyphish","halation:PinkSoulGem","construct:WeddingRing","Boot","Meat on the Bone","construct:RocketBooster"],"acts_visited":["Exordium","TheCity","TheBeyond"],"potions_floor_usage":[10,13,16,18,20,23,25,28,29,44,46],"damage_taken":[{"damage":0.0,"enemies":"Jaw Worm","floor":1.0,"turns":1.0},{"damage":0.0,"enemies":"Cultist","floor":4.0,"turns":1.0},{"damage":0.0,"enemies":"Gremlin Nob","floor":7.0,"turns":1.0},{"damage":36,"enemies":"3 Sentries","floor":10,"turns":7},{"damage":0,"enemies":"Small Slimes","floor":12,"turns":3},{"damage":2,"enemies":"Lagavulin","floor":13,"turns":5},{"damage":5,"enemies":"Exordium Wildlife","floor":14,"turns":3},{"damage":0,"enemies":"Slime Boss","floor":16,"turns":5},{"damage":11,"enemies":"Shell Parasite","floor":18,"turns":5},{"damage":0,"enemies":"Chosen","floor":19,"turns":4},{"damage":9,"enemies":"Snecko","floor":20,"turns":4},{"damage":43,"enemies":"Gremlin Leader","floor":23,"turns":4},{"damage":41,"enemies":"Book of Stabbing","floor":25,"turns":5},{"damage":0,"enemies":"Cultist and Chosen","floor":28,"turns":4},{"damage":35,"enemies":"Gremlin Leader","floor":29,"turns":6},{"damage":16,"enemies":"Centurion and Healer","floor":31,"turns":4},{"damage":54,"enemies":"Automaton","floor":33,"turns":9},{"damage":7,"enemies":"3 Darklings","floor":35,"turns":2},{"damage":0,"enemies":"Orb Walker","floor":37,"turns":3},{"damage":20,"enemies":"Jaw Worm Horde","floor":41,"turns":2},{"damage":23,"enemies":"Maw","floor":44,"turns":5},{"damage":0,"enemies":"3 Darklings","floor":46,"turns":2},{"damage":75,"enemies":"Reptomancer","floor":47,"turns":4},{"damage":8,"enemies":"2 Orb Walkers","floor":48,"turns":2},{"damage":16,"enemies":"Donu and Deca","floor":50,"turns":4}],"seed_played":"-6946869953355550919","potions_obtained":[{"floor":7.0,"key":"LiquidMemories"},{"floor":12,"key":"SteroidPotion"},{"floor":13,"key":"PowerPotion"},{"floor":16,"key":"Swift Potion"},{"floor":19,"key":"Weak Potion"},{"floor":20,"key":"FocusPotion"},{"floor":21,"key":"FairyPotion"},{"floor":21,"key":"FearPotion"},{"floor":23,"key":"Explosive Potion"},{"floor":28,"key":"AttackPotion"},{"floor":35,"key":"Regen Potion"},{"floor":41,"key":"DistilledChaos"}],"is_trial":false,"path_per_floor":["M","?","?","M","$","R","E","?","T","E","R","M","E","M","R","B",null,"M","M","M","?","$","E","R","E","T","R","M","E","R","M","R","B",null,"M","$","M","?","$","E","M","R","T","M","?","M","E","?","R","B",null],"character_chosen":"DEFECT","items_purchased":["Storm","DemoMod:OrangeGuonStone","Self Repair","Ball Lightning","halation:Jellyphish","Self Repair","Rebound"],"campfire_rested":5,"item_purchase_floors":[5,22,22,22,36,36,36],"current_hp_per_floor":[75,75,75,75,75,75,75,64,64,28,50,59,57,52,52,52,75,64,64,55,55,55,26,48,28,28,50,62,41,41,32,54,22,75,75,75,75,75,75,75,62,75,75,75,75,75,29,21,21,17],"gold":223,"neow_bonus":"THREE_ENEMY_KILL","is_daily":false,"chose_seed":false,"campfire_upgraded":4,"win_rate":0,"timestamp":1607618785,"path_taken":["M","?","?","?","?","R","E","?","T","E","R","M","E","M","R","BOSS","M","M","M","?","$","E","R","E","T","R","?","E","R","M","R","BOSS","M","$","M","?","$","E","M","R","T","M","?","?","E","?","R","BOSS"],"build_version":"2020-11-30","purchased_purges":1,"victory":true,"max_hp_per_floor":[75,75,75,75,75,75,75,75,75,75,75,75,75,75,75,75,75,75,75,75,75,75,75,75,75,75,75,75,75,75,75,75,75,75,75,75,75,75,75,75,75,75,75,75,75,75,75,40,40,40],"card_choices":[{"not_picked":["Turbo","Beam Cell"],"picked":"Rip and Tear","floor":1.0},{"not_picked":["Gash","Leap"],"picked":"Static Discharge","floor":4.0},{"not_picked":["Darkness","Glacier"],"picked":"Tempest","floor":7.0},{"not_picked":["Compile Driver","Sweeping Beam"],"picked":"BootSequence","floor":10},{"not_picked":["Gash","Conserve Battery"],"picked":"Echo Form","floor":12},{"not_picked":["All For One","Steam Power"],"picked":"Tempest","floor":13},{"not_picked":["Cold Snap","Go for the Eyes"],"picked":"Sweeping Beam","floor":14},{"not_picked":["Amplify","Buffer"],"picked":"Electrodynamics","floor":16},{"not_picked":["Hologram","Doom and Gloom"],"picked":"Storm","floor":18},{"not_picked":["Hologram","Aggregate"],"picked":"Leap+1","floor":19},{"not_picked":["Storm","Compile Driver"],"picked":"Auto Shields","floor":20},{"not_picked":["Rebound","Double Energy"],"picked":"Echo Form","floor":23},{"not_picked":["Melter","Leap"],"picked":"Barrage+1","floor":25},{"not_picked":["Turbo","Hello World","Redo"],"picked":"SKIP","floor":28},{"not_picked":["Tempest","Hologram","Steam"],"picked":"SKIP","floor":29},{"not_picked":["Hologram+1","Echo Form","Go for the Eyes"],"picked":"SKIP","floor":31},{"not_picked":["Multi-Cast","Creative AI"],"picked":"Buffer","floor":33},{"not_picked":["Conserve Battery","Coolheaded"],"picked":"Hologram+1","floor":35},{"not_picked":["Streamline+1","Conserve Battery+1"],"picked":"Buffer","floor":37},{"not_picked":["Leap","FTL+1"],"picked":"Gash+1","floor":41},{"not_picked":["Force Field","Skim"],"picked":"Genetic Algorithm","floor":44},{"not_picked":["Undo+1","Beam Cell"],"picked":"Double Energy","floor":46},{"not_picked":["Meteor Strike","Blizzard"],"picked":"Rip and Tear+1","floor":47}],"player_experience":1505987,"relics_obtained":[{"floor":7.0,"key":"Bag of Marbles"},{"floor":9.0,"key":"DemoMod:LamentConfigurum"},{"floor":10,"key":"halation:AfternoonTea"},{"floor":13,"key":"Ancient Tea Set"},{"floor":23,"key":"halation:PrussianBluePaint"},{"floor":25,"key":"Lantern"},{"floor":26,"key":"Centennial Puzzle"},{"floor":29,"key":"MealTicket"},{"floor":43,"key":"Boot"},{"floor":47,"key":"Meat on the Bone"},{"floor":48,"key":"construct:RocketBooster"}],"event_choices":[{"damage_healed":0.0,"max_hp_gain":0.0,"max_hp_loss":0.0,"gold_gain":0.0,"event_name":"Liars Game","player_choice":"Ignored","floor":2.0,"gold_loss":0.0,"damage_taken":0.0},{"damage_healed":0.0,"max_hp_gain":0.0,"max_hp_loss":0.0,"gold_gain":0.0,"event_name":"Accursed Blacksmith","player_choice":"Forge","floor":3.0,"gold_loss":0.0,"damage_taken":0.0,"cards_upgraded":["Rip and Tear"]},{"damage_healed":0.0,"max_hp_gain":0.0,"max_hp_loss":0.0,"gold_gain":75.0,"event_name":"World of Goop","player_choice":"Gather Gold","floor":8.0,"gold_loss":0.0,"damage_taken":11.0},{"damage_healed":0,"gold_gain":0,"player_choice":"Got Potions","damage_taken":0,"max_hp_gain":0,"max_hp_loss":0,"event_name":"Lab","floor":21,"gold_loss":0},{"cards_removed":["theForsaken:PlagueCurse"],"damage_healed":0,"gold_gain":0,"player_choice":"Removed Curses","damage_taken":0,"max_hp_gain":0,"max_hp_loss":0,"event_name":"Fountain of Cleansing","floor":45,"gold_loss":0},{"damage_healed":0,"gold_gain":0,"player_choice":"Fight","damage_taken":0,"max_hp_gain":0,"max_hp_loss":0,"event_name":"Mysterious Sphere","floor":48,"gold_loss":0}],"is_beta":false,"boss_relics":[{"not_picked":["theForsaken:PaleLantern","Empty Cage"],"picked":"FrozenCore"},{"not_picked":["Busted Crown","halation:PlatinumPhoenix"],"picked":"Cursed Key"}],"items_purged_floors":[5],"is_endless":false,"potions_floor_spawned":[7,12,13,16,19,20,23,28,35,41],"ascension_level":1}}