{"host":"wbdly04l9mkn9nrc","time":1607604995,"event":{"gold_per_floor":[111,128,128,128,128,156,156,188,188,188,200,200,200,216,216,315,315,315,315,615,615,635,635,642,642,642,642,642,656,656,656,656,759,759,759,759,759,759,759,759,759,784,784,784,784,784,784,784,784,784,784,784,784,784,784],"floor_reached":56,"playtime":1852,"items_purged":["Defend_G","Defend_G","Defend_G","Defend_G","Strike_G","Strike_G","Strike_G","Strike_G+1","Defend_G+1","Strike_G+1","Neutralize","ChaosCard","Survivor"],"score":1878,"play_id":"a3196d49-833f-443e-962f-5d15ea4f936d","local_time":"20201210205635","is_ascension_mode":true,"campfire_choices":[{"data":"1","floor":7,"key":"LIFT"},{"data":"Writhe","floor":10,"key":"PURGE"},{"floor":15,"key":"RECALL"},{"data":"2","floor":23,"key":"LIFT"},{"data":"3","floor":30,"key":"LIFT"},{"data":"Accuracy","floor":32,"key":"SMITH"},{"floor":40,"key":"REST"},{"floor":45,"key":"REST"},{"floor":49,"key":"REST"},{"floor":52,"key":"REST"}],"neow_cost":"","seed_source_timestamp":281445224265100,"circlet_count":2,"master_deck":["Terror+1","Acrobatics+1","Backflip+1","Accuracy+1","Deadly Poison+1","Catalyst+1","Adrenaline+1","Acrobatics+1","Outmaneuver+1","Deadly Poison+1","Heel Hook+1","Die Die Die+1","Predator+1","Burst+1","Die Die Die+1","Flechettes+1","Cloak And Dagger+1","Blade Dance+1","Dagger Throw+1","Unload+1","Blur+1","Deadly Poison+1","Acrobatics+1","Flying Knee+1","Crippling Poison+1","BettingIsNotGood+1","Glass Knife+1","Outmaneuver+1","Flying Knee+1","Deadly Poison+1","Heel Hook+1","Catalyst+1","Dagger Throw+1","Flying Knee+1","Cloak And Dagger+1","Bouncing Flask+1","Catalyst+1","All Out Attack+1","Infinite Blades+1","Cloak And Dagger+1","Dodge and Roll+1","Calculated Gamble+1","Poisoned Stab+1","Night Terror+1","Distraction+1","Glass Knife+1","Mind Blast+1","Poisoned Stab+1","Blade Dance+1","Backflip+1","Backflip+1","Infinite Blades+1","Poisoned Stab+1","Deadly Poison+1","Flechettes+1","Masterful Stab+1","Deadly Poison+1","Acrobatics+1","Dagger Throw+1","Deflect+1","All Out Attack+1","Dash+1","Bane+1","Accuracy+1","Cloak And Dagger+1","Calculated Gamble+1","Calculated Gamble+1","HandOfGreed+1","Blade Dance+1","Flex+1","Heavy Blade+1","Neutralize+1"],"relics":["Ring of the Snake","HushsDoor","PunchingBag","SteamSale","Membership Card","HornCleat","Thread and Needle","BookOfRevelations","NineVolt","Nunchaku","Bag of Marbles","Blood Vial","Potion Belt","Eternal Feather","TheBattery","Ninja Scroll","TwistedFunnel","Toxic Egg 2","Whetstone","Frozen Eye","Anchor","TheBean","Molten Egg 2","HandDrill","BookofShadows","Matryoshka","Orrery","Vajra","Girya","Habit","Ornamental Fan","OrangePellets","Tough Bandages","Lee\u0027s Waffle","War Paint","FossilizedHelix","Paper Crane","Medical Kit","TungstenRod","TheAbacus","Bottled Flame","Pear","DeathBook","ClockworkSouvenir","Strawberry","Gremlin Horn","Strange Spoon","Regal Pillow","White Beast Statue","Cauldron","Ancient Tea Set","Sling","GuppysPaw","SalivaCoin","DeadEye","BFFS","Pantograph","Lantern","BelialBook","PrismaticShard","Question Card","GuppysTail","Bottled Tornado","Incense Burner","Mummified Hand","Centennial Puzzle","EdensBlessing","Mercury Hourglass","Chemical X","Pen Nib","Snake Skull","SatanicBible","Frozen Egg 2","Bronze Scales","Chaos","Prayer Wheel","Toy Ornithopter","Ring of the Serpent","Calipers","Paper Frog","Sundial","Tingsha","The Specimen","Dead Branch","Diplopia","MealTicket","Red Skull","Succubus","Cursed Key","Leech","BlankCard","Orichalcum","JudasShadow","CaptainsWheel","HoveringKite","Magic Flower","YumHeart","MegaBlast","SacredBark","MoneyPower","MomsKnife","Meat on the Bone","Darkstone Periapt","Black Star","DoctorsRemote","Champion Belt","TheBible","Bird Faced Urn","Toolbox","GnawedLeaf","Shuriken","WingedGreaves","SlaversCollar","Peace Pipe","Torii","Ginger","Mark of Pain","Lizard Tail","D6","MagicMushroom","Gambling Chip","RottenBaby","Du-Vu Doll","WristBlade","Happy Flower","Sozu","Unceasing Top","Tiny House","Bag of Preparation","Circlet"],"potions_floor_usage":[],"damage_taken":[{"damage":0,"enemies":"Cultist","floor":1,"turns":1},{"damage":0,"enemies":"Jaw Worm","floor":2,"turns":1},{"damage":0,"enemies":"Lagavulin","floor":6,"turns":1},{"damage":0,"enemies":"Gremlin Nob","floor":8,"turns":1},{"damage":0,"enemies":"Small Slimes","floor":11,"turns":1},{"damage":0,"enemies":"Looter","floor":12,"turns":1},{"damage":0,"enemies":"Lots of Slimes","floor":13,"turns":1},{"damage":0,"enemies":"Large Slime","floor":14,"turns":1},{"damage":0,"enemies":"Slime Boss","floor":16,"turns":1},{"damage":0,"enemies":"3 Byrds","floor":18,"turns":1},{"damage":0,"enemies":"Chosen","floor":22,"turns":1},{"damage":0,"enemies":"Slavers","floor":25,"turns":1},{"damage":0,"enemies":"Centurion and Healer","floor":28,"turns":1},{"damage":0,"enemies":"Snake Plant","floor":29,"turns":1},{"damage":0,"enemies":"Cultist and Chosen","floor":31,"turns":1},{"damage":0,"enemies":"Automaton","floor":33,"turns":1},{"damage":0,"enemies":"3 Shapes","floor":35,"turns":1},{"damage":0,"enemies":"Orb Walker","floor":36,"turns":1},{"damage":0,"enemies":"Mind Bloom Boss Battle","floor":41,"turns":1},{"damage":0,"enemies":"Sphere and 2 Shapes","floor":42,"turns":2},{"damage":0,"enemies":"Giant Head","floor":47,"turns":1},{"damage":0,"enemies":"Writhing Mass","floor":48,"turns":1},{"damage":0,"enemies":"Awakened One","floor":50,"turns":2},{"damage":0,"enemies":"Shield and Spear","floor":54,"turns":1},{"damage":0,"enemies":"The Heart","floor":55,"turns":3}],"seed_played":"-3807003023789863608","potions_obtained":[{"floor":0,"key":"BlessingOfTheForge"},{"floor":0,"key":"SmokeBomb"},{"floor":0,"key":"Energy Potion"},{"floor":0,"key":"CultistPotion"},{"floor":0,"key":"Explosive Potion"}],"is_trial":false,"path_per_floor":["M","M","$","?","$","E","R","E","T","R","M","M","M","M","R","B",null,"M","$","?","$","M","R","?","E","T","?","M","M","R","M","R","B",null,"M","M","$","?","$","R","?","M","T","?","R","$","E","M","R","B",null,"R","$","E","B",null],"character_chosen":"THE_SILENT","items_purchased":["SteamSale","Membership Card","HornCleat","Thread and Needle","BookOfRevelations","NineVolt","Nunchaku","Terror","Bag of Marbles","Blood Vial","Potion Belt","Eternal Feather","TheBattery","Ninja Scroll","TwistedFunnel","Toxic Egg 2","Acrobatics+1","Whetstone","Frozen Eye","Anchor","Backflip+1","Accuracy","TheBean","Molten Egg 2","Deadly Poison+1","HandDrill","BookofShadows","Matryoshka","Catalyst+1","Adrenaline+1","Orrery","Predator+1","Vajra","Girya","Habit","Burst+1","Die Die Die+1","Flechettes+1","Ornamental Fan","OrangePellets","Tough Bandages","Cloak And Dagger+1","Blade Dance+1","Lee\u0027s Waffle","War Paint","FossilizedHelix","Dagger Throw+1","Paper Crane","Medical Kit","Unload+1","Blur+1","TungstenRod","TheAbacus","Bottled Flame","Pear","DeathBook","ClockworkSouvenir","Deadly Poison+1","Acrobatics+1","Flying Knee+1","Strawberry","Gremlin Horn","Strange Spoon","Crippling Poison+1","BettingIsNotGood+1","Regal Pillow","White Beast Statue","Cauldron","Glass Knife+1","Outmaneuver+1","Dagger Throw+1","Flying Knee+1","Ancient Tea Set","Sling","GuppysPaw","SalivaCoin","DeadEye","BFFS","Cloak And Dagger+1","Pantograph","Bouncing Flask+1","Catalyst+1","All Out Attack+1","Lantern","BelialBook","Infinite Blades","PrismaticShard","Question Card","Cloak And Dagger+1","Dodge and Roll+1","Calculated Gamble+1","GuppysTail","Poisoned Stab+1","Night Terror+1","Bottled Tornado","Incense Burner","Distraction+1","Glass Knife+1","Mind Blast+1","Mummified Hand","Centennial Puzzle","Poisoned Stab+1","EdensBlessing","Mercury Hourglass","Chemical X","Blade Dance+1","Pen Nib","Backflip+1","Snake Skull","SatanicBible","Frozen Egg 2","Bronze Scales","Backflip+1","Infinite Blades+1","Chaos","Prayer Wheel","Toy Ornithopter","Ring of the Serpent","Calipers","Paper Frog","Poisoned Stab+1","Deadly Poison+1","Flechettes+1","Sundial","Tingsha","Masterful Stab+1","The Specimen","Dead Branch","Deadly Poison+1","Acrobatics+1","Diplopia","MealTicket","Red Skull","Dagger Throw+1","Succubus","Cursed Key","Leech","Deflect+1","BlankCard","Orichalcum","All Out Attack+1","JudasShadow","CaptainsWheel","Dash+1","HoveringKite","Magic Flower","YumHeart","MegaBlast","SacredBark","MoneyPower","MomsKnife","Meat on the Bone","Darkstone Periapt","Bane+1","Accuracy+1","Black Star","DoctorsRemote","Champion Belt","Cloak And Dagger+1","Calculated Gamble+1","TheBible","Calculated Gamble+1","Bird Faced Urn","Toolbox","HandOfGreed+1","GnawedLeaf","Shuriken","WingedGreaves","Blade Dance+1","SlaversCollar","Peace Pipe","Torii","Ginger","Mark of Pain","Lizard Tail","D6","MagicMushroom","Sozu"],"campfire_rested":4,"item_purchase_floors":[0,0,0,0,0,0,0,0,0,0,0,0,0,0,0,0,0,0,0,0,0,0,0,0,0,0,0,0,0,0,0,0,0,0,0,0,0,0,0,0,0,0,0,0,0,0,0,0,0,0,0,0,0,0,0,0,0,0,0,0,0,0,0,0,0,0,0,0,0,0,0,0,0,0,0,0,0,0,0,0,0,0,0,0,0,0,0,0,0,0,0,0,0,0,0,0,0,0,0,0,0,0,0,0,0,0,0,0,0,0,0,0,0,0,0,0,0,0,0,0,0,0,0,0,0,0,0,0,0,0,0,0,0,0,0,0,0,0,0,0,0,0,0,0,0,0,0,0,0,0,0,0,0,0,0,0,0,0,0,0,0,0,0,0,0,0,0,0,0,0,0,0,0,0,0,0,0,19],"current_hp_per_floor":[101,101,101,101,101,101,101,101,107,107,107,107,107,107,107,107,107,107,107,107,107,107,107,105,112,112,112,112,112,112,112,112,112,112,112,112,112,112,112,112,117,117,117,117,117,117,117,117,117,117,117,117,117,119,119],"gold":784,"neow_bonus":"","is_prod":false,"is_daily":false,"chose_seed":false,"campfire_upgraded":1,"win_rate":0,"timestamp":1607604995,"path_taken":["M","M","?","?","$","E","R","E","T","R","M","M","M","M","R","BOSS","M","$","?","$","M","R","?","E","T","?","M","M","R","M","R","BOSS","M","M","$","?","?","R","?","M","T","?","R","?","E","?","R","BOSS","R","$","E","BOSS"],"build_version":"2020-11-30","purchased_purges":13,"victory":true,"max_hp_per_floor":[101,101,101,101,101,101,101,101,107,107,107,107,107,107,107,107,107,107,107,107,107,107,107,107,112,112,112,112,112,112,112,112,112,112,112,112,112,112,112,112,117,117,117,117,117,117,117,117,117,117,117,117,117,119,119],"card_choices":[{"not_picked":[],"picked":"ChaosCard","floor":0},{"not_picked":["Skewer+1","Choke+1"],"picked":"Acrobatics+1","floor":0},{"not_picked":["Flying Knee+1","Footwork"],"picked":"Outmaneuver+1","floor":0},{"not_picked":["Accuracy","Outmaneuver+1"],"picked":"Deadly Poison+1","floor":0},{"not_picked":["Bomb","Deflect+1"],"picked":"Heel Hook+1","floor":0},{"not_picked":["Well Laid Plans","Slice+1"],"picked":"Die Die Die+1","floor":0},{"not_picked":["Outmaneuver+1","Footwork"],"picked":"Flying Knee+1","floor":0},{"not_picked":["Accuracy","Outmaneuver+1"],"picked":"Deadly Poison+1","floor":0},{"not_picked":["Bomb","Deflect+1"],"picked":"Heel Hook+1","floor":0},{"not_picked":["Blur+1","Bouncing Flask+1"],"picked":"Catalyst+1","floor":0},{"not_picked":["Heavy Blade+1","FlyingSleeves+1","BowlingBash+1"],"picked":"Flex+1","floor":1},{"not_picked":["Warcry+1","Dagger Spray+1","Fiend Fire+1"],"picked":"Heavy Blade+1","floor":1},{"not_picked":["Shockwave+1","Pommel Strike+1","WreathOfFlame+1","Catalyst+1"],"picked":"SKIP","floor":2},{"not_picked":["Cleave+1","Heavy Blade+1","Finisher+1","Deadly Poison+1"],"picked":"SKIP","floor":2},{"not_picked":["Protect+1","Good Instincts+1","Blizzard+1","Redo+1"],"picked":"SKIP","floor":6},{"not_picked":["Conserve Battery+1","Combust+1","Dagger Spray+1","Hemokinesis+1"],"picked":"SKIP","floor":8},{"not_picked":["PiercingWail+1","Shockwave+1","Crescendo+1","Jack Of All Trades+1"],"picked":"SKIP","floor":11},{"not_picked":["Turbo+1","Flex+1","Flying Knee+1","Evaluate+1"],"picked":"SKIP","floor":11},{"not_picked":["Wild Strike+1","Deflect+1","Dagger Spray+1","Coolheaded+1"],"picked":"SKIP","floor":12},{"not_picked":["Fiend Fire+1","Iron Wave+1","Expertise+1","Body Slam+1"],"picked":"SKIP","floor":12},{"not_picked":["Dagger Spray+1","Cloak And Dagger+1","Rage+1","Flechettes+1"],"picked":"SKIP","floor":13},{"not_picked":["Crescendo+1","Thunderclap+1","Turbo+1","Conclude+1"],"picked":"SKIP","floor":13},{"not_picked":["Havoc+1","Endless Agony+1","Streamline+1","Panacea+1"],"picked":"SKIP","floor":14},{"not_picked":["Flying Knee+1","Calculated Gamble+1","Body Slam+1","Die Die Die+1"],"picked":"SKIP","floor":14},{"not_picked":["Conclude+1","Genetic Algorithm+1","Body Slam+1","EmptyFist+1"],"picked":"SKIP","floor":18},{"not_picked":["Flex+1","Ball Lightning+1","Good Instincts+1","Clash+1"],"picked":"SKIP","floor":18},{"not_picked":["Flex+1","Iron Wave+1","Flying Knee+1","FTL+1"],"picked":"SKIP","floor":22},{"not_picked":["Shrug It Off+1","Streamline+1","Havoc+1","Jack Of All Trades+1"],"picked":"SKIP","floor":22},{"not_picked":["Rampage+1","Reflex+1","Havoc+1","Dark Embrace+1"],"picked":"SKIP","floor":28},{"not_picked":["Warcry+1","Twin Strike+1","Skim+1","Uppercut+1"],"picked":"SKIP","floor":28},{"not_picked":["Footwork+1","Coolheaded+1","FlurryOfBlows+1","Consecrate+1"],"picked":"SKIP","floor":29},{"not_picked":["Blood for Blood+1","Bloodletting+1","CrushJoints+1","Blur+1"],"picked":"SKIP","floor":29},{"not_picked":["Flying Knee+1","Hologram+1","Blade Dance+1","Halt+1"],"picked":"SKIP","floor":31},{"not_picked":["Flex+1","Leg Sweep+1","Wild Strike+1","BettingIsNotGood+1"],"picked":"SKIP","floor":31},{"not_picked":["TalkToTheHand+1","Recycle+1","Distribution+1","Hello World+1"],"picked":"SKIP","floor":35},{"not_picked":["Escape Plan+1","Twin Strike+1","Steam+1","Flex+1"],"picked":"SKIP","floor":35},{"not_picked":["Sword Boomerang+1","CutThroughFate+1","Ball Lightning+1","Glacier+1"],"picked":"SKIP","floor":36},{"not_picked":["Riddle With Holes+1","Consecrate+1","Loop+1","Rebound+1"],"picked":"SKIP","floor":36},{"not_picked":["True Grit+1","Shrug It Off+1","InnerPeace+1","Doom and Gloom+1"],"picked":"SKIP","floor":42},{"not_picked":["Consecrate+1","Caltrops+1","FollowUp+1","Quick Slash+1"],"picked":"SKIP","floor":42},{"not_picked":["Streamline+1","Headbutt+1","Dropkick+1","Magnetism+1"],"picked":"SKIP","floor":47},{"not_picked":["Swivel+1","Prepared+1","Heavy Blade+1","Rampage+1"],"picked":"SKIP","floor":48},{"not_picked":["Bane+1","JustLucky+1","Protect+1","Conserve Battery+1"],"picked":"SKIP","floor":48},{"not_picked":["Blizzard+1","Rage+1","FollowUp+1","Heatsinks+1"],"picked":"SKIP","floor":54}],"player_experience":50895,"relics_obtained":[{"floor":6,"key":"Gambling Chip"},{"floor":6,"key":"RottenBaby"},{"floor":8,"key":"Du-Vu Doll"},{"floor":9,"key":"WristBlade"},{"floor":25,"key":"Unceasing Top"},{"floor":25,"key":"Tiny House"},{"floor":41,"key":"Circlet"},{"floor":54,"key":"Circlet"}],"event_choices":[{"damage_healed":0,"gold_gain":0,"player_choice":"Ignored","damage_taken":0,"max_hp_gain":0,"max_hp_loss":0,"event_name":"Liars Game","floor":4,"gold_loss":0},{"damage_healed":0,"gold_gain":0,"player_choice":"Punched","damage_taken":3,"max_hp_gain":0,"max_hp_loss":0,"event_name":"Designer","floor":24,"gold_loss":0},{"damage_healed":0,"gold_gain":0,"player_choice":"Ignored","damage_taken":0,"max_hp_gain":0,"max_hp_loss":0,"event_name":"Beggar","floor":27,"gold_loss":0},{"damage_healed":0,"gold_gain":0,"player_choice":"Fight","damage_taken":0,"max_hp_gain":0,"max_hp_loss":0,"event_name":"MindBloom","floor":41,"gold_loss":0},{"damage_healed":0,"gold_gain":0,"player_choice":"1 cards matched","damage_taken":0,"max_hp_gain":0,"max_hp_loss":0,"event_name":"Match and Keep!","floor":44,"gold_loss":0,"cards_obtained":["Neutralize"]}],"is_beta":false,"boss_relics":[{"not_picked":["Old Coin","Pocketwatch"],"picked":"Happy Flower"},{"not_picked":[]},{"not_picked":["Charon\u0027s Ashes","Symbiotic Virus"],"picked":"Bag of Preparation"},{"not_picked":[]}],"items_purged_floors":[0,0,0,0,0,0,0,0,0,0,0,0,0],"is_endless":false,"potions_floor_spawned":[1,2,11,12,13,14,16,18,22,25,28,29,31,33,35,36,41,42,47,48,54],"ascension_level":2}}