{"host":"87qycazfqg3dn1g9","time":1607567037,"event":{"gold_per_floor":[119,119,52,68,68,68,102,2,2,2,36,36,36,46,46,148,148,160,32,32,45,57,57,71,71,106,181,195,195,206,131,131,230,230,246,217,217,267,267,287,287,287,311,36,36,66,1,11,11,11],"floor_reached":51,"playtime":1947,"items_purged":["Meteor Strike","Chill"],"score":1012,"play_id":"38e88f86-582e-4897-b9a1-06b9afcf01de","local_time":"20201209212357","is_ascension_mode":true,"campfire_choices":[{"floor":6,"key":"REST"},{"floor":10,"key":"DIG"},{"floor":12,"key":"REST"},{"floor":15,"key":"DIG"},{"floor":23,"key":"DIG"},{"floor":25,"key":"DIG"},{"floor":29,"key":"REST"},{"floor":32,"key":"DIG"},{"floor":41,"key":"DIG"},{"floor":45,"key":"DIG"},{"floor":49,"key":"DIG"}],"neow_cost":"","seed_source_timestamp":11704792871300,"circlet_count":0,"master_deck":["Zap","Capacitor","Capacitor","Ball Lightning","Heatsinks","Buffer","Conserve Battery","Electrodynamics","Barrage","Heatsinks","Conserve Battery","Heatsinks","Amplify","Genetic Algorithm","BootSequence+1","Electrodynamics","Defragment","Defragment","White Noise","Defragment","Storm+1","Thunder Strike+1","CurseOfTheBell","Heatsinks+1","Auto Shields+1"],"relics":["Cracked Core","MerchantsRug","Shovel","Runic Capacitor","Eternal Feather","White Beast Statue","DataDisk","Unceasing Top","Bird Faced Urn","Anchor","Juzu Bracelet","InkBottle","Ice Cream","PreservedInsect","FossilizedHelix","Bag of Preparation","StrikeDummy"],"potions_floor_usage":[7,16,19,22,22,30,33,33,33,42,46,50,50],"damage_taken":[{"damage":9,"enemies":"2 Louse","floor":1,"turns":3},{"damage":1,"enemies":"Cultist","floor":4,"turns":4},{"damage":20,"enemies":"3 Sentries","floor":7,"turns":3},{"damage":30,"enemies":"Gremlin Nob","floor":11,"turns":5},{"damage":31,"enemies":"Slime Boss","floor":16,"turns":8},{"damage":14,"enemies":"Spheric Guardian","floor":18,"turns":5},{"damage":16,"enemies":"2 Thieves","floor":21,"turns":3},{"damage":19,"enemies":"Centurion and Healer","floor":22,"turns":4},{"damage":22,"enemies":"Snake Plant","floor":24,"turns":4},{"damage":43,"enemies":"Sentry and Sphere","floor":28,"turns":4},{"damage":22,"enemies":"Shelled Parasite and Fungi","floor":30,"turns":6},{"damage":52,"enemies":"Champ","floor":33,"turns":7},{"damage":19,"enemies":"Orb Walker","floor":35,"turns":3},{"damage":46,"enemies":"Mind Bloom Boss Battle","floor":38,"turns":7},{"damage":4,"enemies":"3 Shapes","floor":40,"turns":3},{"damage":0,"enemies":"Spire Growth","floor":42,"turns":2},{"damage":21,"enemies":"Nemesis","floor":46,"turns":5},{"damage":0,"enemies":"Maw","floor":48,"turns":6},{"damage":95,"enemies":"Awakened One","floor":50,"turns":7}],"seed_played":"5970642185950133635","potions_obtained":[{"floor":0,"key":"EssenceOfDarkness"},{"floor":0,"key":"EssenceOfDarkness"},{"floor":0,"key":"SteroidPotion"},{"floor":0,"key":"PowerPotion"},{"floor":1,"key":"SteroidPotion"},{"floor":2,"key":"Explosive Potion"},{"floor":2,"key":"AttackPotion"},{"floor":4,"key":"SkillPotion"},{"floor":11,"key":"Fire Potion"},{"floor":16,"key":"Weak Potion"},{"floor":18,"key":"EntropicBrew"},{"floor":21,"key":"PotionOfCapacity"},{"floor":22,"key":"ColorlessPotion"},{"floor":24,"key":"LiquidMemories"},{"floor":28,"key":"Explosive Potion"},{"floor":30,"key":"DuplicationPotion"},{"floor":33,"key":"Weak Potion"},{"floor":35,"key":"GamblersBrew"},{"floor":38,"key":"SmokeBomb"},{"floor":40,"key":"PotionOfCapacity"},{"floor":46,"key":"GamblersBrew"}],"is_trial":false,"path_per_floor":["M","?","$","M","?","R","E","$","T","R","E","R","T","$","R","B",null,"M","$","?","M","M","R","M","R","T","$","M","R","M","$","R","B",null,"M","$","?","?","?","M","R","M","T","$","R","E","$","M","R","B",null],"character_chosen":"DEFECT","items_purchased":["MerchantsRug","Cauldron","Capacitor","Shovel","Runic Capacitor","Capacitor","Buffer","Bird Faced Urn","White Noise","Defragment","PowerPotion","FairyPotion","DuplicationPotion","FossilizedHelix","FocusPotion","FairyPotion"],"campfire_rested":3,"item_purchase_floors":[0,0,0,0,3,3,8,19,27,27,27,36,36,44,44,47],"current_hp_per_floor":[43,43,43,42,35,57,37,37,37,43,13,44,44,44,53,22,62,48,48,48,40,39,51,41,53,53,68,37,71,67,75,75,45,68,60,75,75,45,45,59,74,75,75,75,75,56,71,75,75,30],"gold":11,"neow_bonus":"","is_prod":false,"is_daily":false,"chose_seed":false,"campfire_upgraded":0,"win_rate":0,"timestamp":1607567037,"path_taken":["M","?","$","?","?","R","E","?","T","R","E","R","?","?","R","BOSS","M","?","?","?","M","R","?","R","T","$","M","R","M","$","R","BOSS","M","$","?","?","?","M","R","M","T","$","R","E","?","M","R","BOSS"],"build_version":"2020-11-30","purchased_purges":2,"victory":true,"max_hp_per_floor":[75,75,75,75,75,75,75,75,75,75,75,75,75,75,75,75,75,75,75,75,75,75,75,75,75,75,75,75,75,75,75,75,75,75,75,75,75,75,75,75,75,75,75,75,75,75,75,75,75,75],"card_choices":[{"not_picked":["Blizzard+1","Coolheaded","Double Energy"],"picked":"SKIP","floor":1},{"not_picked":["Force Field","Auto Shields"],"picked":"Ball Lightning","floor":4},{"not_picked":["Hologram","Leap"],"picked":"Heatsinks","floor":7},{"not_picked":["Leap","Cold Snap"],"picked":"Conserve Battery","floor":11},{"not_picked":["All For One","Thunder Strike"],"picked":"Electrodynamics","floor":16},{"not_picked":["Barrage","Glacier"],"picked":"BootSequence+1","floor":18},{"not_picked":["Leap+1","Blizzard+1"],"picked":"Defragment","floor":21},{"not_picked":["Steam","Streamline"],"picked":"Defragment","floor":22},{"not_picked":["Go for the Eyes+1","Gash+1","Chill+1"],"picked":"SKIP","floor":24},{"not_picked":["Hologram","Conserve Battery","Chaos"],"picked":"SKIP","floor":28},{"not_picked":["Streamline+1","Reprogram+1"],"picked":"Storm","floor":30},{"not_picked":["Creative AI","Buffer"],"picked":"Thunder Strike","floor":33},{"not_picked":["Streamline+1","Hologram"],"picked":"Heatsinks+1","floor":35},{"not_picked":["Chaos+1","Blizzard+1"],"picked":"Auto Shields+1","floor":40},{"not_picked":["Leap","Force Field","Gash"],"picked":"SKIP","floor":46},{"not_picked":["Coolheaded+1","Streamline+1","Sweeping Beam+1"],"picked":"SKIP","floor":48}],"player_experience":201115,"relics_obtained":[{"floor":7,"key":"Akabeko"},{"floor":9,"key":"Eternal Feather"},{"floor":10,"key":"White Beast Statue"},{"floor":11,"key":"Matryoshka"},{"floor":13,"key":"Potion Belt"},{"floor":13,"key":"DataDisk"},{"floor":15,"key":"Unceasing Top"},{"floor":23,"key":"Shuriken"},{"floor":25,"key":"MawBank"},{"floor":26,"key":"Dream Catcher"},{"floor":26,"key":"MealTicket"},{"floor":32,"key":"Anchor"},{"floor":34,"key":"Juzu Bracelet"},{"floor":34,"key":"InkBottle"},{"floor":34,"key":"Turnip"},{"floor":38,"key":"Dead Branch"},{"floor":41,"key":"Ice Cream"},{"floor":43,"key":"PreservedInsect"},{"floor":45,"key":"Bag of Preparation"},{"floor":46,"key":"Girya"},{"floor":49,"key":"StrikeDummy"}],"event_choices":[{"damage_healed":0,"gold_gain":0,"player_choice":"Got Potions","damage_taken":0,"max_hp_gain":0,"max_hp_loss":0,"event_name":"Lab","floor":2,"gold_loss":0},{"cards_removed":["Dualcast"],"damage_healed":0,"gold_gain":0,"player_choice":"Card Removal","damage_taken":7,"max_hp_gain":0,"max_hp_loss":0,"event_name":"Golden Wing","floor":5,"gold_loss":0},{"damage_healed":0,"gold_gain":0,"player_choice":"Copied","damage_taken":0,"max_hp_gain":0,"max_hp_loss":0,"event_name":"Duplicator","floor":20,"gold_loss":0,"cards_obtained":["Electrodynamics"]},{"damage_healed":0,"gold_gain":0,"player_choice":"Upgraded","damage_taken":0,"max_hp_gain":0,"max_hp_loss":0,"event_name":"Upgrade Shrine","floor":37,"gold_loss":0,"cards_upgraded":["Thunder Strike"]},{"damage_healed":0,"gold_gain":0,"player_choice":"Fight","damage_taken":0,"max_hp_gain":0,"max_hp_loss":0,"event_name":"MindBloom","floor":38,"gold_loss":0},{"damage_healed":0,"gold_gain":0,"player_choice":"Forge","damage_taken":0,"max_hp_gain":0,"max_hp_loss":0,"event_name":"Accursed Blacksmith","floor":39,"gold_loss":0,"cards_upgraded":["Storm"]}],"is_beta":false,"boss_relics":[{"not_picked":["Ectoplasm","Coffee Dripper"],"picked":"Pandora\u0027s Box"},{"not_picked":["Runic Dome","Fusion Hammer"],"picked":"Calling Bell"}],"items_purged_floors":[31,47],"is_endless":false,"potions_floor_spawned":[1,4,11,16,18,21,22,24,28,30,33,35,38,40,42,46,48],"ascension_level":9}}