{"host":"34dziau2azxd7ce3","time":1607615637,"event":{"mods":["BaseMod","StSLib","RumiaBox-露米娅的神秘盒子","Minty Spire (QoL Compilation)","TestMod","Act Like it!","Replay The Spire","SuperFastMode","【遗物卡牌】REMEMod","HornydragonMod","Marisa（F雨　魔理沙）"],"gold_per_floor":[339,739,756,756,249,277,277,293,293,293,320,340,360,393,393,494,494,507,507,517,127,127,158,158,175,230,262,273,300,2,20,20,124,124,124,124],"floor_reached":35,"playtime":1663,"items_purged":["ReplayTheSpireMod:Splinters","Strike_HD"],"score":635,"play_id":"1ad557d4-22eb-46c7-a3b5-f58cf53741e4","local_time":"20201210235357","is_ascension_mode":false,"campfire_choices":[{"data":"christmas-Plague","floor":7.0,"key":"SMITH"},{"data":"JohnCena","floor":15.0,"key":"SMITH"},{"data":"Blue","floor":32,"key":"SMITH"}],"circlet_count":0,"master_deck":["Strike_HD","Strike_HD","Strike_HD","DrunkenFist","Defend_HD","Defend_HD","Defend_HD","Defend_HD","AlcoholBarrier","BreakDrink","GasterBlaster","Margarita","christmas-Famine","Ie6","BraveAlcohol+1","GetAll","Yeast","Conch","christmas-Plague+1","Weed","ShrimpCocktail","BraveAlcohol","JohnCena+1","Scp500","BloodyMary","Vomiting","Ghostly","Ghostly","Ghostly","Ghostly","Ghostly","Blue+1","Metabolism+1","Refill"],"special_seed":0,"relics":["WineBottle","testmod-TestBox","testmod-GiftOfSatan","Shuriken","Molten Egg 2","Replay:Bottled Flurry","testmod-CasingShield","Kunai","Replay:Bronze Core","testmod-Maize","Bronze Scales","MealTicket","testmod-Alchemist","PreservedInsect","Medical Kit","Bag of Preparation","testmod-Recursion"],"acts_visited":["Exordium","TheCity","TheBeyond"],"potions_floor_usage":[],"damage_taken":[{"damage":0.0,"enemies":"2 Louse","floor":1.0,"turns":1.0},{"damage":2.0,"enemies":"Jaw Worm","floor":3.0,"turns":3.0},{"damage":6.0,"enemies":"Gremlin Nob","floor":6.0,"turns":3.0},{"damage":0.0,"enemies":"Cultist","floor":8.0,"turns":2.0},{"damage":13.0,"enemies":"3 Sentries","floor":11.0,"turns":4.0},{"damage":10.0,"enemies":"Large Slime","floor":12.0,"turns":4.0},{"damage":10.0,"enemies":"3 Louse","floor":13.0,"turns":3.0},{"damage":21.0,"enemies":"Lagavulin","floor":14.0,"turns":4.0},{"damage":43.0,"enemies":"Hexaghost","floor":16.0,"turns":7.0},{"damage":10.0,"enemies":"Chosen","floor":18.0,"turns":4.0},{"damage":0,"enemies":"Spheric Guardian","floor":20,"turns":4},{"damage":2,"enemies":"Book of Stabbing","floor":23,"turns":4},{"damage":21,"enemies":"Snake Plant","floor":25,"turns":4},{"damage":34,"enemies":"Slavers","floor":27,"turns":3},{"damage":15,"enemies":"Snecko","floor":28,"turns":5},{"damage":22,"enemies":"Gremlin Leader","floor":29,"turns":6},{"damage":0,"enemies":"Shelled Parasite and Fungi","floor":31,"turns":5},{"damage":6,"enemies":"Pondfish","floor":33,"turns":7},{"damage":4,"enemies":"3 Shapes","floor":35,"turns":2}],"seed_played":"-9109282982862059287","potions_obtained":[{"floor":3.0,"key":"Explosive Potion"},{"floor":11.0,"key":"Toxic Potion"},{"floor":12.0,"key":"BlessingOfTheForge"},{"floor":13.0,"key":"BlessingOfTheForge"},{"floor":25,"key":"AlcoholPotion"},{"floor":29,"key":"BlessingOfTheForge"}],"is_trial":false,"path_per_floor":["M","?","M","?","$","E","R","M","T","T","E","M","M","E","R","B",null,"M","?","M","$","?","E","?","M","T","E","M","E","$","M","R","B",null,"M"],"character_chosen":"HORNYDRAGON","items_purchased":["Shuriken","BraveAlcohol+1","GetAll","Yeast","testmod-Maize","Medical Kit","Bag of Preparation"],"campfire_rested":0,"item_purchase_floors":[5,5,5,5,21,30,30],"current_hp_per_floor":[92,92,90,90,90,97,97,97,97,97,93,87,95,82,82,72,102,97,97,102,102,51,50,50,48,48,20,41,51,51,61,61,61,61,61,61],"gold":124,"neow_bonus":"TWO_FIFTY_GOLD","is_daily":false,"chose_seed":false,"campfire_upgraded":3,"win_rate":0,"timestamp":1607615637,"path_taken":["M","?","M","?","?","E","R","M","T","?","E","?","M","E","R","BOSS","M","?","?","$","?","E","?","M","T","E","?","E","?","M","R","BOSS","M"],"build_version":"2020-11-30","purchased_purges":2,"victory":false,"max_hp_per_floor":[92,92,92,92,92,97,97,97,97,97,97,97,102,102,102,102,102,102,102,102,102,51,51,51,51,51,51,51,51,51,61,61,61,61,61,61],"card_choices":[{"not_picked":["Fury","DrumStick"],"picked":"Margarita","floor":1.0},{"not_picked":["christmas-Death","christmas-Plague"],"picked":"christmas-Famine","floor":3.0},{"not_picked":["PowerGlove","RainbowAttack"],"picked":"Ie6","floor":3.0},{"not_picked":["DrumStick+1","SexyLeg+1"],"picked":"Conch","floor":6.0},{"not_picked":["christmas-Death+1","christmas-Famine+1"],"picked":"christmas-Plague","floor":6.0},{"not_picked":["Wtf","ThrowBottle","GetAll"],"picked":"SKIP","floor":8.0},{"not_picked":["AlcoholAttack+1","AlcoholGun+1"],"picked":"Weed","floor":11.0},{"not_picked":["Conch","HeadDefend"],"picked":"ShrimpCocktail","floor":12.0},{"not_picked":["DrumStick+1","Fury+1"],"picked":"BraveAlcohol","floor":13.0},{"not_picked":["Distracted","Pigeon"],"picked":"JohnCena","floor":14.0},{"not_picked":["JohnCena","Linda+1"],"picked":"Scp500","floor":16.0},{"not_picked":["Metabolism","CardDestruct"],"picked":"BloodyMary","floor":18.0},{"not_picked":["BirdAttack+1","PowerGlove","ChickenAttack+1"],"picked":"SKIP","floor":20},{"not_picked":["DrumStick+1","Noodle+1","AlcoholBarrier"],"picked":"SKIP","floor":23},{"not_picked":["ChickenAttack+1","AlcoholBarrier+1","DrumStick+1"],"picked":"SKIP","floor":25},{"not_picked":["ThrowBottle","Circle"],"picked":"Blue","floor":27},{"not_picked":["Weed","BirdAttack+1"],"picked":"Metabolism+1","floor":28},{"not_picked":["Brimstone+1","DrunkenFist+1","RainbowAttack+1"],"picked":"SKIP","floor":29},{"not_picked":["HeadDefend","Alcoholic+1","GetStonks"],"picked":"SKIP","floor":31},{"not_picked":["Brimstone+1","JohnCena"],"picked":"Refill","floor":33}],"player_experience":654461,"relics_obtained":[{"floor":6.0,"key":"Molten Egg 2"},{"floor":10.0,"key":"Replay:Bottled Flurry"},{"floor":11.0,"key":"testmod-CasingShield"},{"floor":14.0,"key":"Kunai"},{"floor":23,"key":"Bronze Scales"},{"floor":26,"key":"MealTicket"},{"floor":27,"key":"testmod-Alchemist"},{"floor":29,"key":"PreservedInsect"}],"event_choices":[{"damage_healed":0.0,"max_hp_gain":0.0,"max_hp_loss":0.0,"gold_gain":400.0,"event_name":"恩洛斯的盘子","player_choice":"Sell","floor":2.0,"relics_lost":["REME_ComplimentaryCards"],"gold_loss":0.0,"damage_taken":0.0},{"damage_healed":0.0,"max_hp_gain":0.0,"max_hp_loss":0.0,"gold_gain":0.0,"event_name":"给自己的盒子","player_choice":"Ignored","floor":4.0,"gold_loss":0.0,"damage_taken":0.0},{"damage_healed":0,"gold_gain":0,"player_choice":"1 cards matched","damage_taken":0,"max_hp_gain":0,"max_hp_loss":0,"event_name":"Match and Keep!","floor":19,"gold_loss":0,"cards_obtained":["Vomiting"]},{"damage_healed":0,"gold_gain":0,"player_choice":"Became a Ghost","damage_taken":0,"max_hp_gain":0,"max_hp_loss":51,"event_name":"Ghosts","floor":22,"gold_loss":0,"cards_obtained":["Ghostly","Ghostly","Ghostly","Ghostly","Ghostly"]},{"damage_healed":0,"gold_gain":0,"player_choice":"Ignored","damage_taken":0,"max_hp_gain":0,"max_hp_loss":0,"event_name":"Vampires","floor":24,"gold_loss":0}],"is_beta":false,"boss_relics":[{"not_picked":["Ectoplasm","Empty Cage"],"picked":"Replay:Bronze Core"},{"not_picked":["testmod-NegativeEmotionEnhancer","Velvet Choker"],"picked":"testmod-Recursion"}],"items_purged_floors":[5,21],"is_endless":false,"potions_floor_spawned":[3,11,12,13,23,25,28,29],"killed_by":"3 Shapes","ascension_level":0}}