{"host":"svdrdpvpxtppvaze","time":1607617475,"event":{"mods":["BaseMod","AchievementEnabler","BetterRewards","Colored Powertips","StSLib","Downfall","Googly Eyes","Hubris","Infinite Spire","Minty Spire (QoL Compilation)","Quick Restart","Rare Cards Sparkle","Replay The Spire","Shop Mod"],"gold_per_floor":[118,132,207,223,74,74,105,117,143,160,160,160,160,189,268,372,372,387,387,387,387,404,404,414,414,414,414,414,329,362,393,393,503,515,539,237,250,301,301,329,329,354,354,354,399,399,410,423,423,423],"floor_reached":51,"playtime":1788,"items_purged":["Strike_R"],"score":813,"play_id":"68092007-1423-4059-909b-fa3edbb5be54","local_time":"20201210222435","is_ascension_mode":true,"campfire_choices":[{"data":"expansioncontent:LastStand","floor":6.0,"key":"SMITH"},{"data":"expansioncontent:Chronoboost","floor":23.0,"key":"SMITH"},{"data":"Replay:SS_hec_1","floor":25.0,"key":"SMITH"},{"floor":32.0,"key":"DIG"},{"floor":41,"key":"REST"},{"data":"Double Tap","floor":44,"key":"SMITH"},{"data":"Heavy Blade","floor":44,"key":"SMITH"},{"data":"Battle Trance","floor":49,"key":"SMITH"},{"data":"Flex","floor":49,"key":"SMITH"}],"circlet_count":0,"master_deck":["Strike_R","Strike_R","Strike_R","Defend_R","Defend_R","Defend_R","Defend_R","Bash","hubris:CleavingFinish","expansioncontent:Chronoboost+1","Necronomicurse","Heavy Blade+1","Flex+1","Bloodletting+1","Perfected Strike+1","Shrug It Off","Fire Breathing+1","expansioncontent:LastStand+1","Hemokinesis+1","Replay:SS_hec_1+1","Battle Trance+1","Double Tap+1","True Grit+1","Dropkick+1","hubris:ReadiedAction+1","Reaper","Heavy Blade+1","Dual Wield+1","Power Through+1","Power Through+1","Seeing Red+1","Rage+1"],"special_seed":0,"relics":["Burning Blood","Pondfish Scales","Juzu Bracelet","Darkstone Periapt","Necronomicon","Lee\u0027s Waffle","infinitespire:CursedDice","Replay:Mystery Machine","hubris:MysteriousPyramids","hubris:ScarierMask","Toxic Egg 2","Centennial Puzzle","Red Mask","Ancient Tea Set","MawBank","infinitespire:Cupcake","hubris:ChampionShield","Bag of Marbles","Replay:Wax Seal","Whetstone","Replay:Arrowhead","TungstenRod","infinitespire:WardingShard"],"acts_visited":["Exordium","TheCity","TheBeyond"],"potions_floor_usage":[33,40,47,48,50,50],"damage_taken":[{"damage":5.0,"enemies":"2 Louse","floor":1.0,"turns":2.0},{"damage":1.0,"enemies":"Small Slimes","floor":2.0,"turns":4.0},{"damage":3.0,"enemies":"Cultist","floor":4.0,"turns":2.0},{"damage":15.0,"enemies":"Gremlin Nob","floor":7.0,"turns":4.0},{"damage":5.0,"enemies":"Looter","floor":8.0,"turns":2.0},{"damage":8.0,"enemies":"Exordium Thugs","floor":10.0,"turns":4.0},{"damage":10.0,"enemies":"3 Sentries","floor":14.0,"turns":5.0},{"damage":25.0,"enemies":"The Guardian","floor":16.0,"turns":6.0},{"damage":5.0,"enemies":"Spheric Guardian","floor":18.0,"turns":3.0},{"damage":1.0,"enemies":"3 Byrds","floor":22.0,"turns":3.0},{"damage":18.0,"enemies":"Centurion and Healer","floor":24.0,"turns":3.0},{"damage":3.0,"enemies":"Masked Bandits","floor":30.0,"turns":2.0},{"damage":19.0,"enemies":"Replay:Snechameleon","floor":31.0,"turns":6.0},{"damage":70,"enemies":"hubris:MusketHawk","floor":33,"turns":8},{"damage":13,"enemies":"Orb Walker","floor":35,"turns":4},{"damage":16,"enemies":"3 Shapes","floor":37,"turns":4},{"damage":52,"enemies":"Nemesis","floor":40,"turns":9},{"damage":2,"enemies":"R_Hoarder","floor":42,"turns":9},{"damage":0,"enemies":"2 Orb Walkers","floor":45,"turns":2},{"damage":19,"enemies":"Writhing Mass","floor":47,"turns":6},{"damage":8,"enemies":"Transient","floor":48,"turns":5},{"damage":85,"enemies":"Donu and Deca","floor":50,"turns":10}],"seed_played":"7071976550434115290","potions_obtained":[{"floor":1.0,"key":"Fire Potion"},{"floor":8.0,"key":"Doom Potion"},{"floor":10.0,"key":"Energy Potion"},{"floor":16.0,"key":"Adrenaline Potion"},{"floor":37,"key":"DistilledChaos"},{"floor":38,"key":"ColorlessPotion"},{"floor":40,"key":"Toxic Potion"},{"floor":47,"key":"SpeedPotion"}],"is_trial":false,"path_per_floor":["M","M","?","M","$","R","E","M","T","M","?","?","?","E","R","B",null,"M","?","?","?","M","R","M","R","T","?","?","?","?","E","R","B",null,"M","$","M","?","?","E","R","E","T","R","?","T","M","M","R","B",null],"character_chosen":"IRONCLAD","items_purchased":["Juzu Bracelet","hubris:CleavingFinish","expansioncontent:Chronoboost","Heavy Blade","Flex","Lee\u0027s Waffle","Block Potion","Fire Breathing+1","expansioncontent:LastStand","hubris:ChampionShield","Dual Wield+1","Fire Potion"],"campfire_rested":1,"item_purchase_floors":[0,0,0,0,0,0,0,5,5,36,36,36],"current_hp_per_floor":[93,93,82,85,85,85,76,77,77,75,75,75,80,76,76,57,98,98,98,98,98,98,98,86,86,86,86,61,61,64,51,51,7,98,91,91,91,67,67,41,70,74,74,74,80,80,76,94,94,35],"gold":423,"neow_bonus":"","is_daily":false,"chose_seed":false,"campfire_upgraded":7,"win_rate":0,"timestamp":1607617475,"path_taken":["M","M","?","M","$","R","E","M","T","M","?","?","?","E","R","BOSS","M","?","?","?","M","R","M","R","T","?","?","?","?","E","R","BOSS","M","$","M","?","?","E","R","E","T","R","?","?","M","M","R","BOSS"],"build_version":"2020-11-30","purchased_purges":1,"victory":true,"max_hp_per_floor":[93,93,93,93,93,93,93,93,93,93,93,93,98,98,98,98,98,98,98,98,98,98,98,98,98,98,98,98,98,98,98,98,98,98,98,98,98,98,98,98,98,98,98,98,98,98,98,98,98,98],"card_choices":[{"not_picked":["hubris:ReadiedAction","True Grit"],"picked":"Bloodletting","floor":1.0},{"not_picked":["Life Link","Seeing Red"],"picked":"Perfected Strike","floor":2.0},{"not_picked":["Thunderclap","Pommel Strike"],"picked":"Shrug It Off","floor":4.0},{"not_picked":["Pummel","Flex"],"picked":"Hemokinesis","floor":7.0},{"not_picked":["Thunderclap","Burning Pact","Clothesline"],"picked":"SKIP","floor":8.0},{"not_picked":["Sever Soul","Uppercut","Body Slam"],"picked":"SKIP","floor":10.0},{"not_picked":["Sever Soul","Warcry"],"picked":"Battle Trance","floor":14.0},{"not_picked":["Impervious","hubris:StunningStrike"],"picked":"Double Tap","floor":16.0},{"not_picked":["Perfected Strike","Reckless Charge"],"picked":"True Grit+1","floor":18.0},{"not_picked":["Heavy Blade+1","Warcry"],"picked":"Dropkick+1","floor":22.0},{"not_picked":["Juggernaut","Anger","Burning Pact"],"picked":"SKIP","floor":24.0},{"not_picked":["True Grit+1","Pommel Strike"],"picked":"hubris:ReadiedAction+1","floor":30.0},{"not_picked":["Defy Death+1","Blood for Blood","Twin Strike"],"picked":"SKIP","floor":31.0},{"not_picked":["Fiend Fire","Double Tap+1"],"picked":"Reaper","floor":33},{"not_picked":["Replay:Undeath\u0027s Touch+1","Cleave+1"],"picked":"Heavy Blade+1","floor":35},{"not_picked":["Sword Boomerang","Whirlwind"],"picked":"Power Through+1","floor":37},{"not_picked":["Clothesline+1","Defy Death+1"],"picked":"Power Through+1","floor":38},{"not_picked":["Juggernaut","Iron Wave+1","Rampage"],"picked":"SKIP","floor":40},{"not_picked":["Body Slam","Replay:Undeath\u0027s Touch"],"picked":"Seeing Red+1","floor":42},{"not_picked":["Bloodletting+1","Thunderclap"],"picked":"Rage+1","floor":47},{"not_picked":["Perfected Strike+1","Sword Boomerang","Pommel Strike"],"picked":"SKIP","floor":48},{"not_picked":["Perfected Strike+1","Sword Boomerang","Pommel Strike"],"picked":"SKIP","floor":48}],"player_experience":4590,"relics_obtained":[{"floor":7.0,"key":"infinitespire:CursedDice"},{"floor":9.0,"key":"Replay:Mystery Machine"},{"floor":14.0,"key":"hubris:MysteriousPyramids"},{"floor":26.0,"key":"Toxic Egg 2"},{"floor":30.0,"key":"Red Mask"},{"floor":31.0,"key":"Ancient Tea Set"},{"floor":32.0,"key":"MawBank"},{"floor":38,"key":"Bag of Marbles"},{"floor":40,"key":"Replay:Wax Seal"},{"floor":42,"key":"Whetstone"},{"floor":43,"key":"Replay:Arrowhead"},{"floor":45,"key":"TungstenRod"},{"floor":46,"key":"infinitespire:WardingShard"}],"event_choices":[{"damage_healed":0.0,"max_hp_gain":0.0,"max_hp_loss":0.0,"gold_gain":75.0,"event_name":"World of Goop","player_choice":"Gather Gold","floor":3.0,"gold_loss":0.0,"damage_taken":11.0},{"damage_healed":0.0,"max_hp_gain":0.0,"max_hp_loss":0.0,"gold_gain":0.0,"event_name":"Match and Keep!","player_choice":"1 cards matched","floor":11.0,"gold_loss":0.0,"damage_taken":0.0,"cards_obtained":["Replay:SS_hec_1"]},{"damage_healed":0.0,"max_hp_gain":5.0,"max_hp_loss":0.0,"gold_gain":0.0,"event_name":"Big Fish","player_choice":"Donut","floor":13.0,"gold_loss":0.0,"damage_taken":0.0},{"damage_healed":0.0,"max_hp_gain":0.0,"max_hp_loss":0.0,"gold_gain":0.0,"event_name":"Vampires","player_choice":"Ignored","floor":19.0,"gold_loss":0.0,"damage_taken":0.0},{"damage_healed":0.0,"max_hp_gain":0.0,"max_hp_loss":0.0,"gold_gain":0.0,"event_name":"Ghosts","player_choice":"Ignored","floor":21.0,"gold_loss":0.0,"damage_taken":0.0},{"damage_healed":0.0,"max_hp_gain":0.0,"max_hp_loss":0.0,"gold_gain":0.0,"event_name":"Addict","player_choice":"Obtained Relic","floor":29.0,"gold_loss":85.0,"damage_taken":0.0,"relics_obtained":["Centennial Puzzle"]},{"damage_healed":0.0,"max_hp_gain":0.0,"max_hp_loss":0.0,"gold_gain":0.0,"event_name":"Masked Bandits","player_choice":"Fought Bandits","floor":30.0,"gold_loss":0.0,"damage_taken":0.0},{"damage_healed":0,"gold_gain":0,"player_choice":"Fight","damage_taken":0,"max_hp_gain":0,"max_hp_loss":0,"event_name":"Mysterious Sphere","floor":45,"gold_loss":0}],"is_beta":false,"boss_relics":[{"not_picked":["Velvet Choker","SlaversCollar"],"picked":"hubris:ScarierMask"},{"not_picked":["Honey Jar","ReplayTheSpireMod:DimensionalGlitch"],"picked":"infinitespire:Cupcake"}],"items_purged_floors":[36],"is_endless":false,"potions_floor_spawned":[1,8,10,16,24,30,37,40,45,47],"ascension_level":1}}