{"host":"dh4nu8nelr2izibb","time":1607570520,"event":{"gold_per_floor":[368,384,49,95,112,112,144,144,144,158,188,198,198,36,36,110,160,171,171,181,195,195,195,215,240,267,267,117,117,137,157,157,233,233,252,252,252,271,271,296,296,296,320,164,175,202,215,226,226,226,226],"floor_reached":52,"playtime":2107,"items_purged":["Strike_G","Strike_G"],"score":2038,"play_id":"7ab467e4-b4b9-444e-8364-e42676d9fd57","local_time":"20201209222200","is_ascension_mode":true,"campfire_choices":[{"data":"Neutralize","floor":6.0,"key":"SMITH"},{"floor":8.0,"key":"REST"},{"data":"Infinite Blades","floor":13.0,"key":"SMITH"},{"data":"Leg Sweep","floor":15.0,"key":"SMITH"},{"data":"Wraith Form v2","floor":23.0,"key":"SMITH"},{"data":"Terror","floor":27,"key":"SMITH"},{"data":"Cloak And Dagger","floor":29,"key":"SMITH"},{"data":"Cloak And Dagger","floor":32,"key":"SMITH"},{"data":"Burst","floor":41,"key":"SMITH"},{"data":"Adrenaline","floor":49,"key":"SMITH"}],"neow_cost":"PERCENT_DAMAGE","seed_source_timestamp":371737305688800,"circlet_count":0,"master_deck":["AscendersBane","Strike_G+1","Defend_G","Defend_G","Defend_G","Survivor","Neutralize+1","Quick Slash+1","Infinite Blades+1","Slice+1","Leg Sweep+1","Deflect","Backflip","Skewer","Dagger Throw","Blade Dance","Wraith Form v2+1","Acrobatics","Adrenaline+1","Slice","Adrenaline+1","Terror+1","Cloak And Dagger+1","Dagger Spray","Footwork+1","Cloak And Dagger+1","Burst+1","PiercingWail+1","Flash of Steel","Sucker Punch+1","Blade Dance","Heel Hook","Acrobatics","Heel Hook"],"special_seed":0,"relics":["Ring of the Snake","Hammer of Thor","Seething Fire","Anvil of the Gods","Shuriken","Whetstone","Ornamental Fan","Gremlin Horn","Toy Ornithopter","Nunchaku","Tiny House","Omamori","Coffee Dripper","HornCleat","Happy Flower","Peace Pipe"],"potions_floor_usage":[24,33,42,46,50,50],"damage_taken":[{"damage":5.0,"enemies":"Cultist","floor":1.0,"turns":5.0},{"damage":0.0,"enemies":"2 Louse","floor":2.0,"turns":3.0},{"damage":0.0,"enemies":"Small Slimes","floor":5.0,"turns":3.0},{"damage":12.0,"enemies":"Gremlin Nob","floor":7.0,"turns":4.0},{"damage":0.0,"enemies":"3 Louse","floor":10.0,"turns":4.0},{"damage":8.0,"enemies":"3 Sentries","floor":11.0,"turns":7.0},{"damage":7.0,"enemies":"Large Slime","floor":12.0,"turns":5.0},{"damage":0.0,"enemies":"Hexaghost","floor":16.0,"turns":8.0},{"damage":2.0,"enemies":"Chosen","floor":18.0,"turns":5.0},{"damage":0.0,"enemies":"Spheric Guardian","floor":20.0,"turns":3.0},{"damage":3.0,"enemies":"Shelled Parasite and Fungi","floor":21.0,"turns":6.0},{"damage":0,"enemies":"Snecko","floor":24,"turns":6},{"damage":8,"enemies":"Book of Stabbing","floor":25,"turns":5},{"damage":0,"enemies":"Cultist and Chosen","floor":30,"turns":3},{"damage":3,"enemies":"Snake Plant","floor":31,"turns":4},{"damage":9,"enemies":"Champ","floor":33,"turns":10},{"damage":0,"enemies":"Orb Walker","floor":35,"turns":2},{"damage":0,"enemies":"3 Shapes","floor":38,"turns":4},{"damage":1,"enemies":"Giant Head","floor":40,"turns":4},{"damage":0,"enemies":"Writhing Mass","floor":42,"turns":3},{"damage":0,"enemies":"Spire Growth","floor":45,"turns":3},{"damage":0,"enemies":"Nemesis","floor":46,"turns":5},{"damage":0,"enemies":"4 Shapes","floor":47,"turns":4},{"damage":0,"enemies":"Maw","floor":48,"turns":4},{"damage":23,"enemies":"Donu and Deca","floor":50,"turns":7},{"damage":23,"enemies":"Awakened One","floor":51,"turns":7}],"seed_played":"-2401677057867556284","potions_obtained":[{"floor":1.0,"key":"BlessingOfTheForge"},{"floor":10.0,"key":"Swift Potion"},{"floor":11.0,"key":"SteroidPotion"},{"floor":12.0,"key":"PowerPotion"},{"floor":16.0,"key":"DistilledChaos"},{"floor":17.0,"key":"Fruit Juice"},{"floor":21.0,"key":"GhostInAJar"},{"floor":30,"key":"Energy Potion"},{"floor":37,"key":"SmokeBomb"},{"floor":45,"key":"FearPotion"},{"floor":47,"key":"Strength Potion"}],"is_trial":false,"path_per_floor":["M","M","$","T","M","R","E","R","T","M","E","M","R","$","R","B",null,"M","?","M","M","?","R","M","E","T","R","$","R","M","M","R","B",null,"M","?","?","M","$","E","R","M","T","$","M","E","M","M","R","B","B",null],"character_chosen":"THE_SILENT","items_purchased":["Shuriken","Slice","Nunchaku","Cloak And Dagger","Dagger Spray","Blade Dance"],"campfire_rested":1,"item_purchase_floors":[3,3,14,28,28,44],"current_hp_per_floor":[39,39,39,39,39,39,27,46,46,46,38,31,31,31,31,36,74,72,72,72,69,69,69,74,66,66,66,66,66,66,63,63,59,72,72,72,72,72,72,71,71,76,76,76,76,76,76,76,76,53,30],"gold":226,"neow_bonus":"TWO_FIFTY_GOLD","is_prod":false,"is_daily":false,"chose_seed":false,"campfire_upgraded":9,"win_rate":0,"timestamp":1607570520,"path_taken":["M","M","$","?","M","R","E","R","T","M","E","M","R","$","R","BOSS","M","?","M","M","?","R","M","E","T","R","$","R","?","M","R","BOSS","M","?","?","M","$","E","R","M","T","$","M","E","M","M","R","BOSS","BOSS"],"build_version":"2020-11-30","purchased_purges":2,"victory":true,"max_hp_per_floor":[66,66,66,66,66,66,66,66,66,66,66,66,66,66,66,66,76,76,76,76,76,76,76,76,76,76,76,76,76,76,76,76,76,76,76,76,76,76,76,76,76,76,76,76,76,76,76,76,76,76,76],"card_choices":[{"not_picked":["Eviscerate","Prepared"],"picked":"Quick Slash","floor":1.0},{"not_picked":["Slice","Choke"],"picked":"Infinite Blades","floor":2.0},{"not_picked":["Dagger Throw","Backflip"],"picked":"Leg Sweep","floor":5.0},{"not_picked":["Sucker Punch","Tactician"],"picked":"Deflect","floor":7.0},{"not_picked":["Predator","Prepared"],"picked":"Backflip","floor":10.0},{"not_picked":["Eviscerate","Bouncing Flask"],"picked":"Skewer","floor":11.0},{"not_picked":["Outmaneuver","Sucker Punch"],"picked":"Dagger Throw","floor":12.0},{"not_picked":["Grand Finale","Unload"],"picked":"Wraith Form v2","floor":16.0},{"not_picked":["Leg Sweep","Quick Slash"],"picked":"Acrobatics","floor":17.0},{"not_picked":["Choke","Deflect","Dagger Throw"],"picked":"SKIP","floor":18.0},{"not_picked":[],"picked":"Adrenaline","floor":19.0},{"not_picked":["Flechettes","Acrobatics","Bane"],"picked":"SKIP","floor":20.0},{"not_picked":["Prepared","Dagger Throw"],"picked":"Slice","floor":21.0},{"not_picked":["Dagger Throw+1","Calculated Gamble","Prepared"],"picked":"SKIP","floor":24},{"not_picked":["Backflip","Corpse Explosion"],"picked":"Terror","floor":25},{"not_picked":["Backflip","Masterful Stab"],"picked":"Footwork+1","floor":30},{"not_picked":["Riddle With Holes","Bane"],"picked":"Cloak And Dagger","floor":31},{"not_picked":["Night Terror","Wraith Form v2"],"picked":"Burst","floor":33},{"not_picked":["Dagger Throw","Flechettes"],"picked":"PiercingWail+1","floor":35},{"not_picked":["Good Instincts","Violence"],"picked":"Flash of Steel","floor":36},{"not_picked":["Poisoned Stab","Deflect"],"picked":"Sucker Punch+1","floor":38},{"not_picked":["Well Laid Plans","Deflect","Dagger Throw"],"picked":"SKIP","floor":40},{"not_picked":["Flying Knee","Bane+1"],"picked":"Heel Hook","floor":45},{"not_picked":["Accuracy+1","Distraction","Riddle With Holes"],"picked":"SKIP","floor":46},{"not_picked":["Bane","Deflect"],"picked":"Acrobatics","floor":47},{"not_picked":["Deflect","Slice","Heel Hook"],"picked":"SKIP","floor":48},{"not_picked":["Deflect","Slice"],"picked":"Heel Hook","floor":48}],"player_experience":1093467,"relics_obtained":[{"floor":4.0,"key":"Whetstone"},{"floor":7.0,"key":"Ornamental Fan"},{"floor":9.0,"key":"Gremlin Horn"},{"floor":11.0,"key":"Toy Ornithopter"},{"floor":26,"key":"Omamori"},{"floor":40,"key":"HornCleat"},{"floor":43,"key":"Happy Flower"},{"floor":46,"key":"Peace Pipe"}],"event_choices":[{"damage_healed":0.0,"max_hp_gain":0.0,"max_hp_loss":0.0,"gold_gain":0.0,"event_name":"Duplicator","player_choice":"Copied","floor":22.0,"gold_loss":0.0,"damage_taken":0.0,"cards_obtained":["Adrenaline"]},{"damage_healed":0,"gold_gain":0,"player_choice":"Memory 1","damage_taken":0,"max_hp_gain":0,"max_hp_loss":0,"event_name":"SensoryStone","floor":36,"gold_loss":0},{"damage_healed":0,"gold_gain":0,"player_choice":"Got Potions","damage_taken":0,"max_hp_gain":0,"max_hp_loss":0,"event_name":"Lab","floor":37,"gold_loss":0}],"is_beta":false,"boss_relics":[{"not_picked":["Pandora\u0027s Box","Empty Cage"],"picked":"Tiny House"},{"not_picked":["WristBlade","Astrolabe"],"picked":"Coffee Dripper"}],"items_purged_floors":[28,44],"is_endless":false,"potions_floor_spawned":[1,10,11,12,16,21,30,31,42,45,47],"ascension_level":20}}