{"host":"x6tlfgqpy55vgxdn","time":1607612876,"event":{"mods":["BaseMod","StSLib","SuperFastMode","AchievementEnabler","Minty Spire (QoL Compilation)","DeckTracker","Permanent Neow"],"gold_per_floor":[109,109,109,109,126,126,156,156,156,156,183,183,201,220,220,299,299,309,328,328,131,145,163,163,189,214,226,261,261,293,43,43,115,115,128,128,147,84,103,133,153,153,153,153,13,48,101,118,118,118],"floor_reached":51,"playtime":1921,"items_purged":["Strike_R","Strike_R","Strike_R","Bash+1"],"score":1676,"play_id":"cd573003-0a19-42d0-b1e6-0c5eb8b0348c","local_time":"20201211000756","is_ascension_mode":true,"campfire_choices":[{"data":"Pommel Strike","floor":6.0,"key":"SMITH"},{"data":"Defend_R","floor":8.0,"key":"SMITH"},{"data":"Defend_R","floor":10.0,"key":"SMITH"},{"data":"Defend_R","floor":12.0,"key":"SMITH"},{"data":"Demon Form","floor":15.0,"key":"SMITH"},{"data":"Feel No Pain","floor":24.0,"key":"SMITH"},{"floor":29.0,"key":"REST"},{"floor":32.0,"key":"DIG"},{"data":"Strike_R","floor":42.0,"key":"PURGE"},{"data":"Defend_R+1","floor":49,"key":"PURGE"}],"circlet_count":0,"master_deck":["AscendersBane","Defend_R+1","Defend_R+1","Pommel Strike+1","Seeing Red+1","Intimidate+1","Battle Trance+1","Shrug It Off+1","Demon Form+1","Offering+1","Power Through+1","Limit Break+1","Feel No Pain+1","True Grit+1","Impervious+1","Exhume+1","Second Wind+1"],"special_seed":0,"relics":["Burning Blood","Toxic Egg 2","Ice Cream","Vajra","The Courier","Philosopher\u0027s Stone","Art of War","MealTicket","Oddly Smooth Stone","Boot","Shovel","Membership Card","Bag of Preparation","Peace Pipe","Fusion Hammer","Bronze Scales","HornCleat","OrangePellets","PreservedInsect","Anchor"],"acts_visited":["Exordium","TheCity","TheBeyond"],"potions_floor_usage":[50,50],"damage_taken":[{"damage":18.0,"enemies":"Jaw Worm","floor":1.0,"turns":4.0},{"damage":7.0,"enemies":"Small Slimes","floor":5.0,"turns":3.0},{"damage":32.0,"enemies":"Gremlin Nob","floor":7.0,"turns":4.0},{"damage":10.0,"enemies":"Lagavulin","floor":11.0,"turns":5.0},{"damage":0.0,"enemies":"Cultist","floor":13.0,"turns":2.0},{"damage":11.0,"enemies":"Lots of Slimes","floor":14.0,"turns":4.0},{"damage":20.0,"enemies":"Slime Boss","floor":16.0,"turns":5.0},{"damage":17.0,"enemies":"2 Thieves","floor":18.0,"turns":4.0},{"damage":7.0,"enemies":"3 Byrds","floor":19.0,"turns":5.0},{"damage":6.0,"enemies":"Snake Plant","floor":22.0,"turns":4.0},{"damage":6.0,"enemies":"Snecko","floor":23.0,"turns":3.0},{"damage":50.0,"enemies":"Slavers","floor":25.0,"turns":8.0},{"damage":7.0,"enemies":"Centurion and Healer","floor":27.0,"turns":6.0},{"damage":6.0,"enemies":"Gremlin Leader","floor":28.0,"turns":4.0},{"damage":30.0,"enemies":"Slavers","floor":30.0,"turns":5.0},{"damage":11.0,"enemies":"Collector","floor":33.0,"turns":6.0},{"damage":6.0,"enemies":"3 Darklings","floor":35.0,"turns":4.0},{"damage":6.0,"enemies":"3 Shapes","floor":37.0,"turns":4.0},{"damage":6.0,"enemies":"Sphere and 2 Shapes","floor":39.0,"turns":3.0},{"damage":6.0,"enemies":"Nemesis","floor":40.0,"turns":3.0},{"damage":0.0,"enemies":"Transient","floor":41.0,"turns":5.0},{"damage":20.0,"enemies":"Giant Head","floor":46.0,"turns":4.0},{"damage":0.0,"enemies":"3 Darklings","floor":48.0,"turns":5.0},{"damage":6,"enemies":"Donu and Deca","floor":50,"turns":4}],"seed_played":"-2434727837064577365","potions_obtained":[{"floor":1.0,"key":"SteroidPotion"},{"floor":16.0,"key":"Dexterity Potion"},{"floor":19.0,"key":"BloodPotion"},{"floor":22.0,"key":"Weak Potion"},{"floor":28.0,"key":"ColorlessPotion"},{"floor":33.0,"key":"SkillPotion"},{"floor":39.0,"key":"Fire Potion"},{"floor":48.0,"key":"SteroidPotion"}],"is_trial":false,"path_per_floor":["M","?","?","?","M","R","E","R","T","R","E","R","M","M","R","B",null,"M","M","?","$","M","M","R","E","T","M","E","R","E","$","R","B",null,"M","?","M","$","M","E","M","R","T","?","$","E","T","M","R","B",null],"character_chosen":"IRONCLAD","items_purchased":["Art of War","Membership Card","Bag of Preparation","OrangePellets"],"campfire_rested":1,"item_purchase_floors":[21,31,31,45],"current_hp_per_floor":[56,45,38,75,74,74,48,48,48,48,44,44,50,45,45,31,64,53,52,52,52,67,67,67,23,23,22,22,44,20,35,35,30,64,64,64,64,75,75,75,75,75,75,75,75,61,61,67,67,67],"gold":118,"neow_bonus":"UPGRADE_CARD","is_daily":false,"chose_seed":false,"campfire_upgraded":6,"win_rate":0,"timestamp":1607612876,"path_taken":["M","?","?","?","?","R","E","R","T","R","E","R","M","?","R","BOSS","M","?","?","$","M","M","R","E","T","M","E","R","E","$","R","BOSS","M","?","?","$","M","E","M","R","T","?","$","E","?","M","R","BOSS"],"build_version":"2020-11-30","purchased_purges":4,"victory":true,"max_hp_per_floor":[75,75,75,75,75,75,75,75,75,75,75,75,75,75,75,75,75,75,75,75,75,75,75,75,75,75,75,75,75,75,75,75,75,75,75,75,75,75,75,75,75,75,75,75,75,75,75,75,75,75],"card_choices":[{"not_picked":["Seeing Red","Dual Wield"],"picked":"Pommel Strike","floor":1.0},{"not_picked":["Armaments+1","Evolve"],"picked":"Seeing Red+1","floor":5.0},{"not_picked":["Warcry+1","Wild Strike"],"picked":"Intimidate+1","floor":7.0},{"not_picked":["True Grit+1","Shockwave+1"],"picked":"Battle Trance+1","floor":11.0},{"not_picked":["Pommel Strike","Havoc+1"],"picked":"Shrug It Off+1","floor":13.0},{"not_picked":["Burning Pact+1","Shrug It Off+1"],"picked":"Demon Form","floor":14.0},{"not_picked":["Exhume+1","Reaper"],"picked":"Offering+1","floor":16.0},{"not_picked":["Wild Strike","Infernal Blade+1","Cleave"],"picked":"SKIP","floor":18.0},{"not_picked":["Whirlwind","Clash+1"],"picked":"Power Through+1","floor":19.0},{"not_picked":["Ghostly Armor+1","Iron Wave"],"picked":"Limit Break+1","floor":22.0},{"not_picked":["Iron Wave","Sever Soul"],"picked":"Feel No Pain","floor":23.0},{"not_picked":["Searing Blow","Sever Soul","Fire Breathing+1"],"picked":"SKIP","floor":25.0},{"not_picked":["Clothesline","Dual Wield+1"],"picked":"True Grit+1","floor":27.0},{"not_picked":["True Grit+1","Whirlwind","Headbutt"],"picked":"SKIP","floor":28.0},{"not_picked":["Clash","Brutality","Uppercut"],"picked":"SKIP","floor":30.0},{"not_picked":["Brutality","Fiend Fire"],"picked":"Impervious+1","floor":33.0},{"not_picked":["Uppercut","Flex+1","Metallicize"],"picked":"SKIP","floor":35.0},{"not_picked":["Cleave+1","Dark Embrace"],"picked":"Second Wind+1","floor":37.0},{"not_picked":["Clash","Anger","Clothesline+1"],"picked":"SKIP","floor":39.0},{"not_picked":["Clash","Anger","Clothesline+1"],"picked":"SKIP","floor":39.0},{"not_picked":["Twin Strike","Spot Weakness+1","Thunderclap"],"picked":"SKIP","floor":41.0},{"not_picked":["Pommel Strike+1","Perfected Strike","Offering+1"],"picked":"SKIP","floor":46.0},{"not_picked":["Power Through+1","Havoc+1","Rupture"],"picked":"SKIP","floor":48.0}],"player_experience":114134,"relics_obtained":[{"floor":7.0,"key":"Ice Cream"},{"floor":9.0,"key":"Vajra"},{"floor":11.0,"key":"The Courier"},{"floor":25.0,"key":"MealTicket"},{"floor":26.0,"key":"Oddly Smooth Stone"},{"floor":28.0,"key":"Boot"},{"floor":30.0,"key":"Shovel"},{"floor":32.0,"key":"Peace Pipe"},{"floor":40.0,"key":"Bronze Scales"},{"floor":43.0,"key":"HornCleat"},{"floor":46.0,"key":"PreservedInsect"},{"floor":47.0,"key":"Anchor"}],"event_choices":[{"damage_healed":0.0,"max_hp_gain":0.0,"max_hp_loss":0.0,"gold_gain":0.0,"event_name":"Scrap Ooze","player_choice":"Success","floor":2.0,"gold_loss":0.0,"damage_taken":11.0,"relics_obtained":["Toxic Egg 2"]},{"cards_removed":["Strike_R"],"damage_healed":0.0,"max_hp_gain":0.0,"max_hp_loss":0.0,"gold_gain":0.0,"event_name":"Golden Wing","player_choice":"Card Removal","floor":3.0,"gold_loss":0.0,"damage_taken":7.0},{"damage_healed":37.0,"max_hp_gain":0.0,"max_hp_loss":0.0,"gold_gain":0.0,"event_name":"Wheel of Change","player_choice":"Full Heal","floor":4.0,"gold_loss":0.0,"damage_taken":0.0},{"cards_removed":["Defend_R"],"damage_healed":0.0,"max_hp_gain":0.0,"max_hp_loss":0.0,"gold_gain":0.0,"event_name":"Back to Basics","player_choice":"Elegance","floor":20.0,"gold_loss":0.0,"damage_taken":0.0},{"damage_healed":0.0,"max_hp_gain":0.0,"max_hp_loss":0.0,"gold_gain":0.0,"event_name":"Match and Keep!","player_choice":"1 cards matched","floor":36.0,"gold_loss":0.0,"damage_taken":0.0,"cards_obtained":["Exhume"]},{"damage_healed":0.0,"max_hp_gain":0.0,"max_hp_loss":0.0,"gold_gain":0.0,"event_name":"Tomb of Lord Red Mask","player_choice":"Ignored","floor":44.0,"gold_loss":0.0,"damage_taken":0.0}],"is_beta":false,"boss_relics":[{"not_picked":["SacredBark","Sozu"],"picked":"Philosopher\u0027s Stone"},{"not_picked":["Runic Cube","Black Star"],"picked":"Fusion Hammer"}],"items_purged_floors":[21,31,38,45],"is_endless":false,"potions_floor_spawned":[1,16,19,22,28,33,39,48],"ascension_level":16}}