{"host":"8l7406mrfmv6e1l4","time":1607567026,"event":{"gold_per_floor":[109,109,119,130,157,184,199,199,223,255,311,340,340,355,355,446,446,486,486,508,508,559,605,605,640,666,702,53425,53475,52458,52502,52502,52576,52626,52657,52000,52000,52014,52034,52260,51166,51166,51166,51199,51237,51267,51267,51293,51293,51294,51322,51322,51322,50181,50206,50265,50265],"floor_reached":56,"playtime":6248,"items_purged":[],"score":2112,"play_id":"50e5c035-33f7-4b44-b2cd-066ff07da92a","local_time":"20201209212346","is_ascension_mode":true,"campfire_choices":[{"floor":15,"key":"RECALL"},{"floor":32,"key":"REST"},{"floor":49,"key":"REST"},{"floor":53,"key":"DIG"}],"neow_cost":"NONE","seed_source_timestamp":38118683039000,"circlet_count":0,"master_deck":["AscendersBane","Strike_R+10","Strike_R+10","Strike_R+10","Strike_R+10","Strike_R+10","Defend_R+10","Defend_R+10","Defend_R+10","Defend_R+10","Bash+1","Cleave+1","Spot Weakness+1","Body Slam+1","Perfected Strike+1","Heavy Blade+1","Clothesline+1","Dark Embrace+1","ReplayTheSpireMod:Strike From Hell+1","Replay:Undeath\u0027s Touch+1","True Grit+1","Demon Form+1","Hemogenesis+1","CurseOfTheBell","Pummel+1","Run Through+1","Entrench+1","Ghostly Armor+1","Pot Of Greed+1","Pot Of Greed+1","Pot Of Greed+1","Absolvement+1","Twin Strike+1","Infernal Blade+1","Cleave+1","Cleave+1","Violence+1","Defy Death+1","Defy Death+1","Pot Of Greed+1","Pot Of Greed+1","Life Link+1","Life Link+1","Specialist+1","Reaper+1","Limit Break+1","Combust+1","Perfected Strike+1","Anger+1","Impervious+1","Flash of Steel+1","Finesse+1","Pot Of Greed+1","Flex+1","ReplayTheSpireMod:Limb From Limb+1","ReplayTheSpireMod:Limb From Limb+1","PlatinumSkin+1","Armaments+1","Inflame+1","Clash+1","Replay:Many Hands+1","Anger+1","ReplayTheSpireMod:Limb From Limb+1","Armaments+1","Chrysalis+1","Pot Of Greed+1","Perfected Strike+1"],"relics":["Burning Blood","Hammer of Thor","Seething Fire","Anvil of the Gods","Mark of Pain","Mummified Hand","Bag of Preparation","Whetstone","Peace Pipe","vexMod:ConsolationPrize","SpikesRelics:DaevaFist","Calling Bell","Bronze Scales","halation:WeightlessCrab","BicycleWheel","halation:PinkSoulGem","Replay:Multitool","Grinning Jar","vexMod:BarristanHead","vexMod:RedPlottingStone","Simple Rune","halation:AfternoonTea","vexMod:PaidLearning","CrustySpines","BrokenLever","halation:NonexistentMirror","King of Hearts","Tiny House","Red Mask","Ring of Panic","ReplayTheSpireMod:Ring of Exchange","ReplayFunnel","Molten Egg 2","Ginger","Potion Belt","vexMod:TimeEaterHat","halation:PapillonHeart","Durian","Regal Pillow","RollingBoulder","ReplayTheSpireMod:Ninjato","halation:Toothbrush","Replay:Baseball","TheAbacus","Orichalcum"],"potions_floor_usage":[7,11,16,16,18,22,25,27,31,31,35,44,44,48,48,50,50,51,55,56],"damage_taken":[{"damage":0,"enemies":"Cultist","floor":1,"turns":3},{"damage":0,"enemies":"Jaw Worm","floor":3,"turns":2},{"damage":0,"enemies":"2 Louse","floor":4,"turns":3},{"damage":34,"enemies":"Lagavulin","floor":6,"turns":4},{"damage":0,"enemies":"Large Slime","floor":7,"turns":3},{"damage":12,"enemies":"3 Sentries","floor":10,"turns":4},{"damage":0,"enemies":"3 Sentries","floor":11,"turns":4},{"damage":4,"enemies":"Lagavulin","floor":12,"turns":3},{"damage":0,"enemies":"Looter","floor":14,"turns":2},{"damage":14,"enemies":"Hexaghost","floor":16,"turns":7},{"damage":29,"enemies":"Spheric Guardian","floor":18,"turns":4},{"damage":3,"enemies":"Shell Parasite","floor":20,"turns":2},{"damage":38,"enemies":"Sentry and Sphere","floor":22,"turns":6},{"damage":11,"enemies":"Replay:Snechameleon","floor":23,"turns":3},{"damage":3,"enemies":"Slavers","floor":25,"turns":4},{"damage":1,"enemies":"Book of Stabbing","floor":27,"turns":4},{"damage":15,"enemies":"Slavers","floor":31,"turns":2},{"damage":0,"enemies":"Collector","floor":33,"turns":5},{"damage":19,"enemies":"3 Shapes","floor":35,"turns":2},{"damage":0,"enemies":"Orb Walker","floor":38,"turns":2},{"damage":2,"enemies":"Maw","floor":39,"turns":5},{"damage":0,"enemies":"R_Hoarder","floor":40,"turns":4},{"damage":0,"enemies":"Reptomancer","floor":44,"turns":4},{"damage":23,"enemies":"Transient","floor":45,"turns":6},{"damage":0,"enemies":"Nemesis","floor":46,"turns":3},{"damage":9,"enemies":"Spire Growth","floor":48,"turns":3},{"damage":1,"enemies":"Replay:Hell Engine","floor":50,"turns":6},{"damage":28,"enemies":"Donu and Deca","floor":51,"turns":6},{"damage":0,"enemies":"Shield and Spear","floor":55,"turns":4},{"damage":91,"enemies":"The Heart","floor":56,"turns":6}],"seed_played":"-5107465252207400259","potions_obtained":[{"floor":4,"key":"blueLaboratory:AbyssPotion"},{"floor":6,"key":"AttackPotion"},{"floor":10,"key":"blueLaboratory:HummingbirdPotion"},{"floor":11,"key":"Explosive Potion"},{"floor":14,"key":"blueLaboratory:BottledHope"},{"floor":16,"key":"blueLaboratory:ConflagurationPotion"},{"floor":20,"key":"Dexterity Potion"},{"floor":23,"key":"Cursed Concoction"},{"floor":25,"key":"blueLaboratory:FrostheartPotion"},{"floor":34,"key":"Death Potion"},{"floor":45,"key":"LiquidBronze"},{"floor":46,"key":"blueLaboratory:HorrorPotion"},{"floor":47,"key":"Reflective Coating"},{"floor":48,"key":"Block Potion"}],"is_trial":false,"path_per_floor":["M","?","M","M","?","E","M","?","T","E","?","E","?","M","R","B",null,"M","?","M","?","M","E","R","E","T","E","$","R","$","E","R","B",null,"M","?","?","M","M","E","$","?","T","E","M","E","R","M","R","B","B",null,"R","$","E","B"],"character_chosen":"IRONCLAD","items_purchased":["Simple Rune","halation:AfternoonTea","vexMod:PaidLearning","Infernal Blade","Cleave","Violence","FearPotion","FearPotion","CrustySpines","BrokenLever","halation:NonexistentMirror","Defy Death","Life Link","Specialist","Ginger","Potion Belt","vexMod:TimeEaterHat","blueLaboratory:CorrosionFlask","Ancient Potion","Strength Potion","ReplayTheSpireMod:Limb From Limb+1","PlatinumSkin","Armaments","halation:Toothbrush","Replay:Baseball","TheAbacus","ReplayTheSpireMod:Limb From Limb+1","Armaments+1","Chrysalis","blueLaboratory:AbyssPotion","LiquidBronze","Energy Potion"],"campfire_rested":2,"item_purchase_floors":[28,28,28,28,28,28,28,28,30,30,30,30,30,30,41,41,41,41,41,41,41,41,41,54,54,54,54,54,54,54,54,54],"current_hp_per_floor":[74,74,75,75,75,47,53,53,53,47,53,55,37,43,43,35,65,42,42,45,45,21,24,46,66,66,75,75,75,75,66,75,75,80,67,67,67,80,80,90,90,85,90,90,90,90,90,87,90,90,77,87,87,87,90,0,0],"gold":50265,"neow_bonus":"CURSED_BOSS_RELIC","is_prod":false,"is_daily":false,"chose_seed":false,"campfire_upgraded":0,"win_rate":0,"timestamp":1607567026,"path_taken":["M","?","M","?","?","E","M","?","T","E","?","E","?","M","R","BOSS","M","?","M","?","?","E","R","E","T","E","?","R","$","E","R","BOSS","M","?","?","M","M","E","$","?","T","E","M","E","R","M","R","BOSS","BOSS","R","$","E","BOSS"],"build_version":"2020-11-30","purchased_purges":0,"victory":false,"max_hp_per_floor":[75,75,75,75,75,75,75,75,75,75,75,75,75,75,75,75,75,75,75,75,75,75,75,75,75,75,75,75,75,75,75,75,75,80,80,80,80,80,80,90,90,85,90,90,90,90,90,90,90,90,90,90,90,90,90,90,90],"card_choices":[{"not_picked":["Life Link","Twin Strike"],"picked":"Carnage","floor":1},{"not_picked":["Sword Boomerang","Blood for Blood"],"picked":"Spot Weakness","floor":3},{"not_picked":["Rupture","True Grit"],"picked":"Body Slam","floor":4},{"not_picked":["Twin Strike","Cleave"],"picked":"Perfected Strike","floor":5},{"not_picked":["Body Slam","Clash"],"picked":"Heavy Blade","floor":5},{"not_picked":["Shrug It Off","Ghostly Armor"],"picked":"Clothesline","floor":6},{"not_picked":["Bloodletting","Perfected Strike"],"picked":"Dark Embrace","floor":7},{"not_picked":["Armaments","Pommel Strike"],"picked":"ReplayTheSpireMod:Strike From Hell","floor":10},{"not_picked":["Body Slam","Disarm"],"picked":"Replay:Undeath\u0027s Touch","floor":11},{"not_picked":["Hemokinesis","Ghostly Armor"],"picked":"True Grit","floor":12},{"not_picked":["Heavy Blade","Cleave"],"picked":"Demon Form","floor":14},{"not_picked":["Corruption","Berserk"],"picked":"Hemogenesis","floor":16},{"not_picked":["Clothesline","Spot Weakness+1"],"picked":"Pummel","floor":18},{"not_picked":["Headbutt","Hemogenesis"],"picked":"Run Through+1","floor":20},{"not_picked":["Dark Embrace","Shrug It Off"],"picked":"Entrench","floor":22},{"not_picked":["Headbutt","Shrug It Off"],"picked":"Ghostly Armor","floor":23},{"not_picked":["Pommel Strike","Demon Form"],"picked":"Absolvement","floor":25},{"not_picked":["Sword Boomerang","True Grit+1"],"picked":"Twin Strike","floor":27},{"not_picked":["Thunderclap","Run Through"],"picked":"Reaper","floor":31},{"not_picked":["Feed","Fiend Fire"],"picked":"Limit Break","floor":33},{"not_picked":["Uppercut","Sword Boomerang"],"picked":"Combust+1","floor":34},{"not_picked":["Absolvement+1","Blood for Blood+1"],"picked":"Perfected Strike+1","floor":35},{"not_picked":["ReplayTheSpireMod:Strike From Hell","Cleave"],"picked":"Anger+1","floor":38},{"not_picked":["Shrug It Off","Perfected Strike"],"picked":"Impervious","floor":39},{"not_picked":["Shrug It Off","Clash+1"],"picked":"Flex","floor":40},{"not_picked":["Heavy Blade+1","True Grit"],"picked":"Inflame","floor":44},{"not_picked":["Warcry","Ghostly Armor"],"picked":"Clash+1","floor":45},{"not_picked":["Run Through+1","Flame Barrier"],"picked":"Replay:Many Hands","floor":46},{"not_picked":["Warcry","Clothesline+1"],"picked":"Anger+1","floor":48},{"not_picked":["Clothesline+1","Pommel Strike+1"],"picked":"Perfected Strike+1","floor":55}],"player_experience":30769,"relics_obtained":[{"floor":5,"key":"Mummified Hand"},{"floor":6,"key":"Bag of Preparation"},{"floor":10,"key":"Whetstone"},{"floor":12,"key":"vexMod:ConsolationPrize"},{"floor":17,"key":"Bronze Scales"},{"floor":17,"key":"halation:WeightlessCrab"},{"floor":17,"key":"BicycleWheel"},{"floor":23,"key":"Replay:Multitool"},{"floor":25,"key":"Grinning Jar"},{"floor":26,"key":"vexMod:BarristanHead"},{"floor":27,"key":"vexMod:RedPlottingStone"},{"floor":31,"key":"King of Hearts"},{"floor":37,"key":"Ring of Panic"},{"floor":37,"key":"ReplayTheSpireMod:Ring of Exchange"},{"floor":40,"key":"Molten Egg 2"},{"floor":43,"key":"Durian"},{"floor":44,"key":"Regal Pillow"},{"floor":46,"key":"RollingBoulder"},{"floor":53,"key":"ReplayTheSpireMod:Ninjato"},{"floor":55,"key":"Orichalcum"}],"event_choices":[{"damage_healed":0,"gold_gain":0,"cards_transformed":["Carnage"],"player_choice":"Transformed","damage_taken":0,"max_hp_gain":0,"max_hp_loss":0,"event_name":"Transmorgrifier","floor":2,"gold_loss":0,"cards_obtained":["Cleave"]},{"damage_healed":53,"gold_gain":0,"player_choice":"Embrace Burn","damage_taken":0,"max_hp_gain":0,"max_hp_loss":75,"event_name":"betterThird:BetterShining","floor":8,"gold_loss":0},{"damage_healed":0,"gold_gain":0,"player_choice":"Searched \u00273\u0027 times","damage_taken":0,"relics_obtained":["Peace Pipe"],"max_hp_gain":0,"max_hp_loss":0,"event_name":"Dead Adventurer","floor":11,"gold_loss":0},{"damage_healed":0,"gold_gain":0,"player_choice":"Relic ","damage_taken":18,"max_hp_gain":0,"max_hp_loss":0,"event_name":"betterThird:BetterScrap","floor":13,"gold_loss":0,"cards_obtained":["WaveOfTheHand"]},{"damage_healed":0,"gold_gain":0,"player_choice":"3","damage_taken":0,"max_hp_gain":0,"max_hp_loss":0,"event_name":"betterMatch:BetterMatch","floor":21,"gold_loss":0,"cards_obtained":[]},{"damage_healed":0,"gold_gain":50,"player_choice":"Pray","damage_taken":0,"max_hp_gain":0,"max_hp_loss":0,"event_name":"Golden Shrine","floor":29,"gold_loss":0},{"damage_healed":0,"gold_gain":0,"player_choice":"Paid","damage_taken":0,"relics_obtained":["Red Mask"],"max_hp_gain":0,"max_hp_loss":0,"event_name":"Tomb of Lord Red Mask","floor":36,"gold_loss":52657}],"is_beta":false,"boss_relics":[{"not_picked":["Runic Pyramid","Replay:Drink Me"],"picked":"Calling Bell"},{"not_picked":["vexMod:DeviousBotling","halation:PinkAlligatorPlush"],"picked":"Tiny House"}],"items_purged_floors":[],"is_endless":false,"potions_floor_spawned":[4,6,10,11,14,16,20,23,25,45,46,48],"killed_by":"The Heart","ascension_level":20}}