{"host":"d8hh7rr4yzitjeuj","time":1607617939,"event":{"mods":["BaseMod","AchievementEnabler","StSLib","CapriCore","Colored Powertips","Highlight Path","Minty Spire (QoL Compilation)","Quick Restart","SuperFastMode","Keyboard Shortcuts","Permanent Neow","Colored Map","2.2 Compatiblity"],"gold_per_floor":[113,127,138,288,288,288,312,312,312,312,347,347,285,300,300,300,300],"floor_reached":16,"playtime":277,"items_purged":[],"score":200,"play_id":"65949ffb-2dae-41ee-b500-fc6714ac22ee","local_time":"20201211013219","is_ascension_mode":true,"campfire_choices":[{"data":"Hello World","floor":6.0,"key":"SMITH"},{"data":"Go for the Eyes","floor":10.0,"key":"SMITH"},{"data":"Beam Cell","floor":15,"key":"SMITH"}],"circlet_count":0,"master_deck":["AscendersBane","Strike_B","Strike_B","Strike_B","Strike_B","Defend_B","Defend_B","Defend_B","Defend_B","Zap","Dualcast","Go for the Eyes+1","Barrage","Hello World+1","Doubt","Coolheaded","Fission","Beam Cell+1"],"special_seed":0,"relics":["Coffee Dripper","Golden Idol","The Courier","HornCleat"],"acts_visited":["Exordium"],"potions_floor_usage":[11,14],"damage_taken":[{"damage":2.0,"enemies":"2 Louse","floor":1.0,"turns":2.0},{"damage":3.0,"enemies":"Small Slimes","floor":2.0,"turns":3.0},{"damage":1.0,"enemies":"Cultist","floor":3.0,"turns":3.0},{"damage":42.0,"enemies":"Exordium Thugs","floor":7.0,"turns":5.0},{"damage":16,"enemies":"3 Sentries","floor":11,"turns":9},{"damage":0,"enemies":"Looter","floor":14,"turns":4},{"damage":24,"enemies":"Slime Boss","floor":16,"turns":3}],"seed_played":"-5843233476151065475","potions_obtained":[{"floor":1.0,"key":"BlessingOfTheForge"},{"floor":7.0,"key":"Block Potion"}],"is_trial":false,"path_per_floor":["M","M","M","?","?","R","M","?","T","R","E","?","?","M","R","B"],"character_chosen":"DEFECT","items_purchased":[],"campfire_rested":0,"item_purchase_floors":[],"current_hp_per_floor":[62,59,58,58,58,58,16,37,37,37,21,21,21,21,21,0,0],"gold":300,"neow_bonus":"BOSS_RELIC","is_daily":false,"chose_seed":false,"campfire_upgraded":3,"win_rate":0,"timestamp":1607617939,"path_taken":["M","M","M","?","?","R","M","?","T","R","E","?","?","M","R","BOSS"],"build_version":"2020-11-30","purchased_purges":0,"victory":false,"max_hp_per_floor":[71,71,71,71,64,64,64,64,64,64,64,64,64,64,64,64,64],"card_choices":[{"not_picked":["Double Energy","Beam Cell"],"picked":"Go for the Eyes","floor":1.0},{"not_picked":["Scrape","Steam Power"],"picked":"Barrage","floor":2.0},{"not_picked":["Conserve Battery","Coolheaded"],"picked":"Hello World","floor":3.0},{"not_picked":["Rebound","Compile Driver"],"picked":"Coolheaded","floor":7.0},{"not_picked":["Barrage","Hologram"],"picked":"Fission","floor":11},{"not_picked":["Hologram","Go for the Eyes"],"picked":"Beam Cell","floor":14}],"player_experience":1318370,"relics_obtained":[{"floor":9.0,"key":"The Courier"},{"floor":11,"key":"HornCleat"}],"event_choices":[{"damage_healed":0.0,"max_hp_gain":0.0,"max_hp_loss":0.0,"gold_gain":150.0,"event_name":"Liars Game","player_choice":"AGREE","floor":4.0,"gold_loss":0.0,"damage_taken":0.0,"cards_obtained":["Doubt"]},{"damage_healed":0.0,"max_hp_gain":0.0,"max_hp_loss":7.0,"gold_gain":0.0,"event_name":"Golden Idol","player_choice":"Lose Max HP","floor":5.0,"gold_loss":0.0,"damage_taken":0.0,"relics_obtained":["Golden Idol"]},{"damage_healed":21.0,"max_hp_gain":0.0,"max_hp_loss":0.0,"gold_gain":0.0,"event_name":"Big Fish","player_choice":"Banana","floor":8.0,"gold_loss":0.0,"damage_taken":0.0},{"damage_healed":0,"gold_gain":0,"player_choice":"Ignored","damage_taken":0,"max_hp_gain":0,"max_hp_loss":0,"event_name":"Golden Wing","floor":12,"gold_loss":0},{"damage_healed":0,"gold_gain":0,"player_choice":"Left Gold","damage_taken":0,"max_hp_gain":0,"max_hp_loss":0,"event_name":"World of Goop","floor":13,"gold_loss":62}],"is_beta":false,"boss_relics":[],"items_purged_floors":[],"is_endless":false,"potions_floor_spawned":[1,7],"killed_by":"Slime Boss","ascension_level":20}}