{"host":"tsdy9wym5xrzemsq","time":1607584815,"event":{"gold_per_floor":[154,154,154,189,114,169,204,239,239,54,409,246,281,281,281,406,406,446,446,496,496,536,536,536,551,576,576,99,99,129,169,169,269,269,309,309,309,324,364,419,434,254,329,329,279,279,279,69,69,169],"floor_reached":51,"playtime":3605,"items_purged":["Magnetism"],"score":935,"play_id":"b8734ea9-f596-420e-ae2b-7b942e9e6fd5","local_time":"20201210152015","daily_mods":["Allstar","Vintage","Night Terrors"],"is_ascension_mode":false,"campfire_choices":[{"data":"HandOfGreed","floor":15,"key":"SMITH"},{"data":"REME_PuzzleBox","floor":23,"key":"SMITH"},{"data":"REME_TheLastStrike","floor":27,"key":"SMITH"},{"data":"Fire Breathing","floor":29,"key":"SMITH"},{"data":"Pommel Strike","floor":32,"key":"SMITH"},{"data":"Strike_R","floor":47,"key":"SMITH"},{"data":"Strike_R","floor":49,"key":"SMITH"}],"neow_cost":"","seed_source_timestamp":0,"circlet_count":0,"master_deck":["Strike_R","Strike_R+1","Strike_R+1","Strike_R","Defend_R","Defend_R","Defend_R","Defend_R","Bash+1","REME_PuzzleBox+1","HandOfGreed+1","REME_ShortnessOfBreath+1","Master of Strategy","Pommel Strike+1","REME_TheLastStrike+1","Fire Breathing+1","REME_Fury+1","True Grit+1","Hallownest:curseDreamersLament","Writhe","Impervious+1"],"special_seed":18606,"relics":["Burning Blood","REME_ComplimentaryCards","Regal Pillow","Hallownest:SheosBrushRelic","Omamori","Hallownest:BankAccountRelic","Thread and Needle","Art of War","Mummified Hand","White Beast Statue","Juzu Bracelet","Old Coin","HollowMod:PaleOreRelic","Pantograph","Cursed Key","Gremlin Horn","Hallownest:WatcherSealRelic","Mango","Potion Belt","REME_PuzzleBoxRelic","Lizard Tail","Lee\u0027s Waffle","Strawberry","Toxic Egg 2","SlaversCollar","StrikeDummy","Eternal Feather","Anchor","Lantern","Question Card","Hallownest:StagBellRelic1","Pear","Ornamental Fan","Sundial"],"potions_floor_usage":[8,16,16,20,20,25,33,35,38,50,50,50],"damage_taken":[{"damage":0,"enemies":"2_ Uuma","floor":1,"turns":4},{"damage":0,"enemies":"Hallownest:2_Baldur","floor":4,"turns":3},{"damage":2,"enemies":"Hallownest:2_MossCreeps","floor":6,"turns":6},{"damage":0,"enemies":"Hallownest:MossCreep_and_Mosskin","floor":7,"turns":7},{"damage":3,"enemies":"Hallownest:1_Ooma_and_2_Uuma","floor":8,"turns":10},{"damage":0,"enemies":"Hallownest:Wandering_and_Horned","floor":11,"turns":4},{"damage":1,"enemies":"Hallownest:monsterAspidMother","floor":13,"turns":5},{"damage":53,"enemies":"Hallownest:BossHornet","floor":16,"turns":14},{"damage":2,"enemies":"Hallownest:Flukemon_and_Top","floor":18,"turns":4},{"damage":7,"enemies":"Hallownest:Flukemon_and_Top","floor":20,"turns":4},{"damage":6,"enemies":"Hallownest:2_Mistakes","floor":22,"turns":5},{"damage":56,"enemies":"Hallownest:3_Mistakes","floor":25,"turns":7},{"damage":0,"enemies":"Hallownest:eliteSoulWarrior","floor":30,"turns":2},{"damage":4,"enemies":"Hallownest:Master_and_Novice","floor":31,"turns":4},{"damage":28,"enemies":"Hallownest:BossGrimm","floor":33,"turns":4},{"damage":1,"enemies":"Hallownest:3_Siblings","floor":35,"turns":3},{"damage":0,"enemies":"Hallownest:2_Littles","floor":38,"turns":1},{"damage":0,"enemies":"Hallownest:monsterPrimalAspid","floor":39,"turns":1},{"damage":10,"enemies":"Hallownest:eliteHiveKnight","floor":40,"turns":5},{"damage":0,"enemies":"Hallownest:Shield_Sturdy","floor":41,"turns":3},{"damage":5,"enemies":"Hallownest:BossGreyPrinceZote","floor":50,"turns":5}],"seed_played":"8996604888150855735","potions_obtained":[{"floor":1,"key":"EssenceOfSteel"},{"floor":4,"key":"ElixirPotion"},{"floor":11,"key":"HeartOfIron"},{"floor":13,"key":"Regen Potion"},{"floor":16,"key":"ElixirPotion"},{"floor":18,"key":"PowerPotion"},{"floor":22,"key":"Fire Potion"},{"floor":25,"key":"Swift Potion"},{"floor":30,"key":"SteroidPotion"},{"floor":31,"key":"LiquidMemories"},{"floor":33,"key":"Energy Potion"},{"floor":35,"key":"Swift Potion"},{"floor":38,"key":"SpeedPotion"},{"floor":39,"key":"PowerPotion"},{"floor":50,"key":"AttackPotion"}],"is_trial":false,"path_per_floor":["M","?","?","M","?","M","M","M","T","$","M","$","M","?","R","B",null,"M","?","?","?","M","R","?","M","T","R","$","R","E","M","R","B",null,"M","?","?","M","M","E","M","?","T","T","?","?","R","$","R","B",null],"character_chosen":"IRONCLAD","items_purchased":["Juzu Bracelet","HollowMod:PaleOreRelic","Pommel Strike","Lizard Tail","Lee\u0027s Waffle","Fire Breathing","Sundial"],"campfire_rested":0,"item_purchase_floors":[10,12,12,28,28,28,48],"current_hp_per_floor":[80,80,80,80,80,80,80,80,80,80,80,80,80,80,80,45,80,80,80,79,79,93,93,89,41,41,41,103,103,110,110,110,88,110,110,110,110,110,110,106,110,110,120,120,120,120,120,120,120,120],"gold":169,"neow_bonus":"","is_prod":false,"is_daily":true,"chose_seed":false,"campfire_upgraded":7,"win_rate":0,"timestamp":1607584815,"path_taken":["M","?","?","M","?","M","M","M","T","$","M","?","M","?","R","BOSS","M","?","?","?","M","R","?","M","T","R","$","R","E","M","R","BOSS","M","?","?","M","M","E","M","?","T","?","?","?","R","$","R","BOSS"],"build_version":"2020-11-30","purchased_purges":1,"victory":true,"max_hp_per_floor":[80,80,80,80,80,80,80,80,80,80,80,80,80,80,80,80,80,80,80,80,80,94,94,94,96,96,96,103,103,110,110,110,110,110,110,110,110,110,110,110,110,110,120,120,120,120,120,120,120,120],"card_choices":[{"not_picked":["Fiend Fire","Exhume"],"picked":"REME_TheLastStrike","floor":16},{"not_picked":["Havoc","Inflame","Sword Boomerang"],"picked":"SKIP","floor":30},{"not_picked":["Barricade","REME_TheLastStrike"],"picked":"REME_Fury+1","floor":33},{"not_picked":["Battle Trance+1","Wild Strike"],"picked":"True Grit+1","floor":40},{"not_picked":["Corruption","Bludgeon","REME_Fury+1"],"picked":"Impervious+1","floor":50}],"player_experience":28406,"relics_obtained":[{"floor":1,"key":"Regal Pillow"},{"floor":4,"key":"Omamori"},{"floor":6,"key":"Thread and Needle"},{"floor":7,"key":"Art of War"},{"floor":8,"key":"Mummified Hand"},{"floor":9,"key":"White Beast Statue"},{"floor":11,"key":"Old Coin"},{"floor":13,"key":"Pantograph"},{"floor":18,"key":"Gremlin Horn"},{"floor":22,"key":"Mango"},{"floor":25,"key":"Potion Belt"},{"floor":26,"key":"REME_PuzzleBoxRelic"},{"floor":30,"key":"Strawberry"},{"floor":31,"key":"Toxic Egg 2"},{"floor":35,"key":"StrikeDummy"},{"floor":38,"key":"Eternal Feather"},{"floor":39,"key":"Anchor"},{"floor":40,"key":"Lantern"},{"floor":41,"key":"Question Card"},{"floor":43,"key":"Pear"},{"floor":44,"key":"Ornamental Fan"}],"event_choices":[],"is_beta":false,"boss_relics":[{"not_picked":["Astrolabe","Ectoplasm"],"picked":"Cursed Key"},{"not_picked":["Pandora\u0027s Box","Snecko Eye"],"picked":"SlaversCollar"}],"items_purged_floors":[10],"is_endless":false,"potions_floor_spawned":[1,4,11,13,16,18,20,22,25,30,31,33,35,38,39,40,41,50],"ascension_level":0}}