{"host":"jak4ncvfzor9mys0","time":1607622601,"event":{"mods":["BaseMod","StSLib","2.2 Compatiblity","Colored Powertips","Colored Map","Relic Sorter","AchievementEnabler","Gold Saver","Block Reminder","Key Reminder","Relic Stats","Rare Cards Sparkle","SuperFastMode","Better Sensory Stone","Better Altar","Better Note","Better Third Choice","Better Match","BetterRewards","Better Skull","Minty Spire (QoL Compilation)","Hubris","Energized Spire","Replay The Spire","Retaliation","Red Circlet Mod","Infinite Spire","The Blue Laboratory"],"gold_per_floor":[352,327,109,128,128,128,128,138,215,238,257,257,295,12,12,120,120,141,172,172,172,172,190,190],"floor_reached":23,"playtime":879,"items_purged":["Strike_B","Strike_B","Defend_B"],"score":303,"play_id":"4e9e5972-9b37-4c2d-a69b-dafe5dc67aa4","local_time":"20201210095001","is_ascension_mode":true,"campfire_choices":[{"data":"Rebound","floor":6,"key":"SMITH"},{"data":"Dualcast","floor":12,"key":"SMITH"},{"floor":15,"key":"REST"}],"circlet_count":0,"master_deck":["Strike_B","Strike_B","Defend_B","Defend_B","Defend_B","Zap+1","Dualcast+1","Rebound+1","Steam","Replay:Bootleg Shield Generator","Stack+1","BootSequence","Sweeping Beam"],"relics":["Cracked Core","hubris:Metronome","betterThird:SlimedRelic","Lee\u0027s Waffle","infinitespire:Midas Blood","The Courier","Snecko Heart","energizedSpire:UnstableMolecules","infinitespire:Golems Mask"],"acts_visited":["Exordium","TheCity"],"potions_floor_usage":[13,16,16],"damage_taken":[{"damage":8,"enemies":"Jaw Worm","floor":1,"turns":3},{"damage":0,"enemies":"Small Slimes","floor":4,"turns":2},{"damage":0,"enemies":"2 Louse","floor":8,"turns":2},{"damage":3,"enemies":"Large Slime","floor":10,"turns":7},{"damage":0,"enemies":"Looter","floor":11,"turns":2},{"damage":34,"enemies":"Gremlin Nob","floor":13,"turns":4},{"damage":21,"enemies":"Fading Forest","floor":16,"turns":11},{"damage":7,"enemies":"2 Thieves","floor":18,"turns":5},{"damage":14,"enemies":"3 Byrds","floor":19,"turns":6},{"damage":69,"enemies":"Gremlin Leader","floor":23,"turns":8}],"seed_played":"-5670709205457466924","potions_obtained":[{"floor":4,"key":"blueLaboratory:StoneskinPotion"},{"floor":11,"key":"Adrenaline Potion"},{"floor":13,"key":"Dexterity Potion"},{"floor":18,"key":"blueLaboratory:BiasPotion"},{"floor":21,"key":"blueLaboratory:PlasmaFuel"},{"floor":21,"key":"blueLaboratory:SavagePotion"}],"is_trial":false,"path_per_floor":["M","?","$","M","?","R","?","M","T","M","M","R","E","$","R","B",null,"M","M","AVR","?","?","E"],"character_chosen":"DEFECT","items_purchased":["Rebound","Lee\u0027s Waffle","hubris:Metronome"],"campfire_rested":1,"item_purchase_floors":[0,3,14],"current_hp_per_floor":[67,56,82,82,82,82,82,82,82,79,79,79,45,45,69,48,82,75,61,61,61,61,0,0],"gold":190,"neow_bonus":"","is_daily":false,"chose_seed":false,"campfire_upgraded":2,"win_rate":0,"timestamp":1607622601,"path_taken":["M","?","$","M","?","R","?","M","T","M","M","R","E","$","R","BOSS","M","M","AVR","?","?","E"],"build_version":"2020-11-30","purchased_purges":3,"victory":false,"max_hp_per_floor":[75,75,82,82,82,82,82,82,82,82,82,82,82,82,82,82,82,82,82,82,82,82,82,82],"relic_stats":{"Lee\u0027s Waffle":26,"counters":[26,137],"obtain_stats":[{"Lee\u0027s Waffle":3,"hubris:Metronome":14,"Snecko Heart":17,"energizedSpire:UnstableMolecules":20,"NeowsBlessing":0,"CeramicFish":24,"The Courier":13,"betterThird:SlimedRelic":2,"infinitespire:Golems Mask":20,"Snack Pack":26,"Replay:Bottled Eggs":10,"Cracked Core":0,"hubris:GlazedTorus":9,"infinitespire:Midas Blood":9},{"Lee\u0027s Waffle":17,"hubris:Metronome":22,"Snecko Heart":23,"energizedSpire:UnstableMolecules":25,"NeowsBlessing":0,"CeramicFish":12,"The Courier":22,"betterThird:SlimedRelic":17,"infinitespire:Golems Mask":25,"Snack Pack":13,"Replay:Bottled Eggs":5,"Cracked Core":0,"hubris:GlazedTorus":4,"infinitespire:Midas Blood":19},{"Lee\u0027s Waffle":90,"hubris:Metronome":107,"Snecko Heart":118,"energizedSpire:UnstableMolecules":129,"NeowsBlessing":0,"CeramicFish":65,"The Courier":107,"betterThird:SlimedRelic":90,"infinitespire:Golems Mask":129,"Snack Pack":70,"Replay:Bottled Eggs":18,"Cracked Core":0,"hubris:GlazedTorus":8,"infinitespire:Midas Blood":94}]},"card_choices":[{"not_picked":["Turbo","Cold Snap","Panic Button"],"picked":"SKIP","floor":1},{"not_picked":["Time Bomb","Defragment"],"picked":"Steam","floor":4},{"not_picked":["Madness","Enlightenment"],"picked":"Replay:Bootleg Shield Generator","floor":7},{"not_picked":["Rebound","hubris:Ukulele"],"picked":"Stack","floor":8},{"not_picked":["Ball Lightning","Streamline"],"picked":"BootSequence","floor":10},{"not_picked":["Chill","ReplayTheSpireMod:Calculation Training"],"picked":"Sweeping Beam","floor":11},{"not_picked":["BasicCrystalCard","Darkness","Barrage"],"picked":"SKIP","floor":13},{"not_picked":["Compile Driver","Stack","Coolheaded"],"picked":"SKIP","floor":18},{"not_picked":["Rebound","Streamline","Turbo"],"picked":"SKIP","floor":19}],"player_experience":2555089,"relics_obtained":[{"floor":9,"key":"infinitespire:Midas Blood"},{"floor":13,"key":"The Courier"}],"event_choices":[{"damage_healed":0,"gold_gain":0,"player_choice":"Slimed","damage_taken":11,"max_hp_gain":0,"max_hp_loss":0,"event_name":"betterThird:BetterGoop","floor":2,"gold_loss":25},{"damage_healed":0,"gold_gain":1,"player_choice":"1","damage_taken":0,"max_hp_gain":0,"max_hp_loss":0,"event_name":"betterStone:BetterStone","floor":7,"gold_loss":0},{"damage_healed":0,"gold_gain":0,"player_choice":"Got Potions","damage_taken":0,"max_hp_gain":0,"max_hp_loss":0,"event_name":"Lab","floor":21,"gold_loss":0},{"damage_healed":0,"gold_gain":0,"player_choice":"Upgraded","damage_taken":0,"max_hp_gain":0,"max_hp_loss":0,"event_name":"Upgrade Shrine","floor":22,"gold_loss":0,"cards_upgraded":["Stack"]}],"is_beta":false,"boss_relics":[{"not_picked":["Pandora\u0027s Box","hubris:GrandSneckoEye"],"picked":"Snecko Heart"}],"items_purged_floors":[3,14,20],"is_endless":false,"potions_floor_spawned":[4,11,13,18],"killed_by":"Gremlin Leader","ascension_level":1}}