{"host":"jak4ncvfzor9mys0","time":1607621703,"event":{"mods":["BaseMod","StSLib","2.2 Compatiblity","Colored Powertips","Colored Map","Relic Sorter","AchievementEnabler","Gold Saver","Block Reminder","Key Reminder","Relic Stats","Rare Cards Sparkle","SuperFastMode","Better Sensory Stone","Better Altar","Better Note","Better Third Choice","Better Match","BetterRewards","Better Skull","Minty Spire (QoL Compilation)","Hubris","Energized Spire","Replay The Spire","Retaliation","Red Circlet Mod","Infinite Spire","The Blue Laboratory"],"gold_per_floor":[118,118,129,144,72,72,85,85,85,118,118,16,26,39,39,136,136,147,147,159,159,173,173,198,217,217,241,241,259,259,259],"floor_reached":30,"playtime":1021,"items_purged":["Strike_B"],"score":267,"play_id":"2c3da048-11a2-468c-96e9-d89f3922253b","local_time":"20201210093503","is_ascension_mode":true,"campfire_choices":[{"data":"Go for the Eyes","floor":6.0,"key":"SMITH"},{"floor":15,"key":"REST"},{"floor":23,"key":"REST"},{"floor":28,"key":"REST"}],"circlet_count":0,"master_deck":["Strike_B+1","Strike_B+1","Strike_B+1","Defend_B+1","Defend_B+1","Defend_B+1","Defend_B+1","Zap","Dualcast","Go for the Eyes+1","Scrape","Reprogram","Conserve Battery","Gash+1","Beam Cell","Leap","Scrape","Scrape","Genetic Algorithm"],"special_seed":0,"relics":["Cracked Core","Snack Pack","NeowsBlessing","hubris:GlazedTorus","Replay:Bottled Eggs","CeramicFish"],"acts_visited":["Exordium","TheCity"],"potions_floor_usage":[16,20,24],"damage_taken":[{"damage":0.0,"enemies":"Cultist","floor":1.0,"turns":1.0},{"damage":0.0,"enemies":"Small Slimes","floor":3.0,"turns":1.0},{"damage":0.0,"enemies":"Jaw Worm","floor":4.0,"turns":1.0},{"damage":4.0,"enemies":"Exordium Thugs","floor":7.0,"turns":5.0},{"damage":22.0,"enemies":"3 Sentries","floor":10.0,"turns":10.0},{"damage":5,"enemies":"Blue Slaver","floor":13,"turns":2},{"damage":1,"enemies":"Red Slaver","floor":14,"turns":3},{"damage":12,"enemies":"Hexaghost","floor":16,"turns":11},{"damage":0,"enemies":"Shell Parasite","floor":18,"turns":4},{"damage":18,"enemies":"Chosen","floor":20,"turns":8},{"damage":10,"enemies":"Centurion and Healer","floor":22,"turns":10},{"damage":31,"enemies":"Nightmare","floor":24,"turns":9},{"damage":16,"enemies":"Cultist and Chosen","floor":25,"turns":5},{"damage":21,"enemies":"3 Cultists","floor":27,"turns":6},{"damage":24,"enemies":"Snecko","floor":29,"turns":7},{"damage":14,"enemies":"Sentry and Sphere","floor":30,"turns":4}],"seed_played":"-1207374743429057179","potions_obtained":[{"floor":2.0,"key":"blueLaboratory:FrostheartPotion"},{"floor":2.0,"key":"Languid Potion"},{"floor":2.0,"key":"blueLaboratory:BubblePotion"},{"floor":16,"key":"Venom Potion"},{"floor":20,"key":"Elixir"},{"floor":27,"key":"GamblersBrew"},{"floor":29,"key":"Adrenaline Potion"}],"is_trial":false,"path_per_floor":["M","?","M","M","$","R","M","?","T","E","?","$","M","M","R","B",null,"M","?","M","?","M","R","NM","M","T","M","R","M","M"],"character_chosen":"DEFECT","items_purchased":["Scrape","Beam Cell"],"campfire_rested":3,"item_purchase_floors":[5,12],"current_hp_per_floor":[75,75,75,75,75,75,71,71,71,49,49,49,44,43,65,53,75,75,75,57,57,47,69,38,22,22,7,29,9,0,0],"gold":259,"neow_bonus":"THREE_ENEMY_KILL","is_daily":false,"chose_seed":false,"campfire_upgraded":1,"win_rate":0,"timestamp":1607621703,"path_taken":["M","?","?","M","$","R","M","?","T","E","?","$","?","M","R","BOSS","M","?","M","?","M","R","NM","M","T","M","R","M","M"],"build_version":"2020-11-30","purchased_purges":1,"victory":false,"max_hp_per_floor":[75,75,75,75,75,75,75,75,75,75,75,75,75,75,75,75,75,75,75,75,75,75,75,75,75,75,75,75,75,75,75],"relic_stats":{"counters":[16,87],"CeramicFish":18,"obtain_stats":[{"NeowsBlessing":0,"CeramicFish":24,"Snack Pack":26,"Replay:Bottled Eggs":10,"Cracked Core":0,"hubris:GlazedTorus":9},{"NeowsBlessing":0,"CeramicFish":12,"Snack Pack":13,"Replay:Bottled Eggs":5,"Cracked Core":0,"hubris:GlazedTorus":4},{"NeowsBlessing":0,"CeramicFish":65,"Snack Pack":70,"Replay:Bottled Eggs":18,"Cracked Core":0,"hubris:GlazedTorus":8}]},"card_choices":[{"not_picked":["Reprogram","Barrage"],"picked":"Go for the Eyes","floor":1.0},{"not_picked":["Rip and Tear","Go for the Eyes","Coolheaded"],"picked":"SKIP","floor":3.0},{"not_picked":["Sunder","Ball Lightning","Melter"],"picked":"SKIP","floor":4.0},{"not_picked":["Barrage","Hologram"],"picked":"Reprogram","floor":7.0},{"not_picked":["Hologram","Ball Lightning"],"picked":"Gash","floor":10},{"not_picked":["Hello World","Thunder Strike","Sweeping Beam"],"picked":"SKIP","floor":13},{"not_picked":["Stack","Streamline"],"picked":"Leap","floor":14},{"not_picked":["Coolheaded","Storm","Go for the Eyes"],"picked":"SKIP","floor":18},{"not_picked":["Darkness+1","Rebound+1"],"picked":"Scrape","floor":20},{"not_picked":["Tempest","Ball Lightning","Auto Shields+1"],"picked":"SKIP","floor":22},{"not_picked":["Self Repair","Reboot","Steam"],"picked":"SKIP","floor":24},{"not_picked":["Conserve Battery","Stack"],"picked":"Scrape","floor":25},{"not_picked":["Redo","hubris:PowerSurge"],"picked":"Genetic Algorithm","floor":27},{"not_picked":["Conserve Battery","hubris:PowerSurge+1","Streamline"],"picked":"SKIP","floor":29}],"player_experience":2554068,"relics_obtained":[{"floor":9.0,"key":"hubris:GlazedTorus"},{"floor":10,"key":"Replay:Bottled Eggs"},{"floor":24,"key":"CeramicFish"},{"floor":26,"key":"Snack Pack"}],"event_choices":[{"damage_healed":0.0,"max_hp_gain":0.0,"max_hp_loss":0.0,"gold_gain":0.0,"event_name":"Lab","player_choice":"Got Potions","floor":2.0,"gold_loss":0.0,"damage_taken":0.0},{"damage_healed":0,"gold_gain":0,"player_choice":"Leave","damage_taken":0,"max_hp_gain":0,"max_hp_loss":0,"event_name":"FaceTrader","floor":11,"gold_loss":0},{"cards_removed":["Defend_B"],"damage_healed":0,"gold_gain":0,"player_choice":"Give","damage_taken":0,"max_hp_gain":0,"max_hp_loss":0,"event_name":"betterNote:BetterNote","floor":19,"gold_loss":0,"cards_obtained":["Defend_G"]},{"damage_healed":0,"gold_gain":0,"player_choice":"Simplicity","damage_taken":0,"max_hp_gain":0,"max_hp_loss":7,"event_name":"betterThird:BetterWriting","floor":21,"gold_loss":0}],"is_beta":false,"boss_relics":[{"not_picked":["hubris:RunicObelisk","Honey Jar","Cursed Key"]}],"items_purged_floors":[12],"is_endless":true,"potions_floor_spawned":[7,10,14,16,20,22,27,29],"killed_by":"Sentry and Sphere","ascension_level":1}}