{"host":"og6lam4kt3nibbw0","time":1607585829,"event":{"gold_per_floor":[114,114,114,39,64,107,133,146,146,164,64,114,114,114],"floor_reached":13,"playtime":459,"items_purged":["Regret","Defend_G"],"score":166,"play_id":"42cc9343-3e2c-48b8-8875-de631f0f1542","local_time":"20201210163709","is_ascension_mode":true,"campfire_choices":[],"neow_cost":"CURSE","seed_source_timestamp":2220994743385099,"circlet_count":0,"master_deck":["AscendersBane","Strike_G","Strike_G","Strike_G","Defend_G","Defend_G","Defend_G","Survivor","Neutralize","Adrenaline","Corpse Explosion","Underhanded Strike","Blur","Tactician","Poisoned Stab"],"special_seed":0,"relics":["Ring of the Snake","Golden Idol","Mercury Hourglass","Anchor","Shovel"],"potions_floor_usage":[13],"damage_taken":[{"damage":9.0,"enemies":"Jaw Worm","floor":1.0,"turns":7.0},{"damage":0.0,"enemies":"Small Slimes","floor":5.0,"turns":5.0},{"damage":15.0,"enemies":"3 Sentries","floor":6.0,"turns":3.0},{"damage":0.0,"enemies":"Cultist","floor":8.0,"turns":3.0},{"damage":0.0,"enemies":"Large Slime","floor":10.0,"turns":4.0},{"damage":45,"enemies":"Gremlin Nob","floor":13,"turns":4}],"seed_played":"6686428834490522759","potions_obtained":[{"floor":1.0,"key":"Swift Potion"},{"floor":5.0,"key":"SkillPotion"}],"is_trial":false,"path_per_floor":["M","?","?","$","M","E","T","M","T","M","$","?","E"],"character_chosen":"THE_SILENT","items_purchased":[],"campfire_rested":0,"item_purchase_floors":[],"current_hp_per_floor":[50,50,50,50,50,35,35,35,35,35,35,35,0,0],"gold":114,"neow_bonus":"TRANSFORM_TWO_CARDS","is_prod":false,"is_daily":false,"chose_seed":false,"campfire_upgraded":0,"win_rate":0,"timestamp":1607585829,"path_taken":["M","?","?","$","M","E","?","M","T","M","$","?","E"],"build_version":"2020-11-30","purchased_purges":2,"victory":false,"max_hp_per_floor":[66,66,60,60,60,60,60,60,60,60,60,60,60,60],"card_choices":[{"not_picked":["Endless Agony","Finisher"],"picked":"Underhanded Strike","floor":1.0},{"not_picked":["Sucker Punch","Predator","Infinite Blades"],"picked":"SKIP","floor":5.0},{"not_picked":["All Out Attack","Calculated Gamble"],"picked":"Blur","floor":6.0},{"not_picked":["Outmaneuver","Finisher"],"picked":"Tactician","floor":8.0},{"not_picked":["Expertise","Dagger Spray"],"picked":"Poisoned Stab","floor":10.0}],"player_experience":760690,"relics_obtained":[{"floor":6.0,"key":"Mercury Hourglass"},{"floor":7.0,"key":"Anchor"},{"floor":9.0,"key":"Shovel"}],"event_choices":[{"cards_removed":["Defend_G"],"damage_healed":0.0,"max_hp_gain":0.0,"max_hp_loss":0.0,"gold_gain":0.0,"event_name":"Living Wall","player_choice":"Forget","floor":2.0,"gold_loss":0.0,"damage_taken":0.0},{"damage_healed":0.0,"max_hp_gain":0.0,"max_hp_loss":6.0,"gold_gain":0.0,"event_name":"Golden Idol","player_choice":"Lose Max HP","floor":3.0,"gold_loss":0.0,"damage_taken":0.0,"relics_obtained":["Golden Idol"]},{"damage_healed":0.0,"max_hp_gain":0.0,"max_hp_loss":0.0,"gold_gain":50.0,"event_name":"Golden Shrine","player_choice":"Pray","floor":12.0,"gold_loss":0.0,"damage_taken":0.0}],"is_beta":false,"boss_relics":[],"items_purged_floors":[4,11],"is_endless":false,"potions_floor_spawned":[1,5],"killed_by":"Gremlin Nob","ascension_level":20}}