{"host":"m4a4k3ia027windw","time":1607628597,"event":{"mods":["BaseMod","2.2 Compatiblity","AchievementEnabler","Colored Map","DeckTracker","Highlight Path","Minty Spire (QoL Compilation)","Random Character Button","Rare Cards Sparkle"],"gold_per_floor":[119,194,213,4,21,21,56,56,82,47,65,65,100,118,118,196,196,214,129,129,148,148,148,164,164,164],"floor_reached":25,"playtime":1481,"items_purged":["Strike_R"],"score":422,"play_id":"882291c1-af96-437e-b1e0-45f102bb0bf6","local_time":"20201210202957","is_ascension_mode":true,"campfire_choices":[{"data":"Armaments","floor":6,"key":"SMITH"},{"data":"Anger","floor":8,"key":"SMITH"},{"data":"Shrug It Off","floor":15,"key":"SMITH"},{"floor":23,"key":"REST"}],"circlet_count":0,"master_deck":["AscendersBane","Strike_R","Strike_R","Strike_R","Strike_R","Defend_R","Defend_R+1","Defend_R","Defend_R","Bash+1","Feel No Pain","Shrug It Off+1","Battle Trance","Armaments+1","Anger+1","Dark Embrace+1","Feel No Pain","Shrug It Off+1","Immolate","Seeing Red","True Grit","Battle Trance"],"relics":["Burning Blood","War Paint","Lantern","Kunai","Black Star","Paper Frog"],"acts_visited":["Exordium","TheCity"],"potions_floor_usage":[7,13,13,21,24],"damage_taken":[{"damage":4,"enemies":"Jaw Worm","floor":1,"turns":4},{"damage":10,"enemies":"2 Louse","floor":3,"turns":3},{"damage":7,"enemies":"Small Slimes","floor":5,"turns":3},{"damage":5,"enemies":"3 Sentries","floor":7,"turns":12},{"damage":5,"enemies":"Exordium Thugs","floor":11,"turns":3},{"damage":28,"enemies":"Gremlin Nob","floor":13,"turns":4},{"damage":1,"enemies":"3 Louse","floor":14,"turns":5},{"damage":37,"enemies":"The Guardian","floor":16,"turns":13},{"damage":9,"enemies":"2 Thieves","floor":18,"turns":4},{"damage":32,"enemies":"3 Byrds","floor":21,"turns":8},{"damage":27,"enemies":"Snecko","floor":24,"turns":9},{"damage":19,"enemies":"Cultist and Chosen","floor":25,"turns":3}],"seed_played":"999351948514475601","potions_obtained":[{"floor":1,"key":"Fire Potion"},{"floor":7,"key":"AttackPotion"},{"floor":18,"key":"ColorlessPotion"},{"floor":21,"key":"EssenceOfSteel"}],"is_trial":false,"path_per_floor":["M","?","M","$","M","R","E","R","T","?","M","?","E","M","R","B",null,"M","?","?","M","?","R","M","M"],"character_chosen":"IRONCLAD","items_purchased":["Battle Trance","Strength Potion"],"campfire_rested":1,"item_purchase_floors":[4,4],"current_hp_per_floor":[70,59,55,55,54,54,55,55,55,73,74,74,52,57,57,26,63,60,60,60,34,13,37,16,0,0],"gold":164,"neow_bonus":"UPGRADE_CARD","is_daily":false,"chose_seed":false,"campfire_upgraded":3,"win_rate":0,"timestamp":1607628597,"path_taken":["M","?","M","$","M","R","E","R","T","?","M","?","E","?","R","BOSS","M","?","?","M","?","R","M","M"],"build_version":"2020-11-30","purchased_purges":1,"victory":false,"max_hp_per_floor":[75,75,75,75,75,75,75,75,75,75,75,75,75,75,75,75,75,75,75,75,75,80,80,80,80,80],"card_choices":[{"not_picked":["Inflame","Twin Strike"],"picked":"Feel No Pain","floor":1},{"not_picked":["Dark Embrace","Battle Trance"],"picked":"Shrug It Off","floor":3},{"not_picked":["Clothesline","Limit Break"],"picked":"Armaments","floor":5},{"not_picked":["Perfected Strike","Burning Pact"],"picked":"Anger","floor":7},{"not_picked":["Twin Strike","Pommel Strike"],"picked":"Dark Embrace","floor":11},{"not_picked":["Body Slam","Heavy Blade"],"picked":"Feel No Pain","floor":13},{"not_picked":["Battle Trance","Anger"],"picked":"Shrug It Off","floor":14},{"not_picked":["Bludgeon","Berserk"],"picked":"Immolate","floor":16},{"not_picked":["Body Slam","Uppercut"],"picked":"Seeing Red","floor":18},{"not_picked":["Armaments","Iron Wave"],"picked":"Battle Trance","floor":21},{"not_picked":["Shockwave","Clothesline","Armaments+1"],"picked":"SKIP","floor":24}],"player_experience":461985,"relics_obtained":[{"floor":7,"key":"War Paint"},{"floor":9,"key":"Lantern"},{"floor":13,"key":"Kunai"}],"event_choices":[{"damage_healed":0,"gold_gain":75,"player_choice":"Gather Gold","damage_taken":11,"max_hp_gain":0,"max_hp_loss":0,"event_name":"World of Goop","floor":2,"gold_loss":0},{"damage_healed":18,"gold_gain":0,"player_choice":"Healed","damage_taken":0,"max_hp_gain":0,"max_hp_loss":0,"event_name":"The Cleric","floor":10,"gold_loss":35},{"damage_healed":0,"gold_gain":0,"player_choice":"Upgraded","damage_taken":0,"max_hp_gain":0,"max_hp_loss":0,"event_name":"Upgrade Shrine","floor":12,"gold_loss":0,"cards_upgraded":["Dark Embrace"]},{"damage_healed":0,"gold_gain":0,"player_choice":"Obtained Relic","damage_taken":0,"relics_obtained":["Paper Frog"],"max_hp_gain":0,"max_hp_loss":0,"event_name":"Addict","floor":19,"gold_loss":85},{"damage_healed":0,"gold_gain":0,"player_choice":"Read","damage_taken":0,"max_hp_gain":0,"max_hp_loss":0,"event_name":"The Library","floor":20,"gold_loss":0,"cards_obtained":["True Grit"]},{"damage_healed":0,"gold_gain":0,"player_choice":"Shed Blood","damage_taken":26,"max_hp_gain":5,"max_hp_loss":0,"event_name":"Forgotten Altar","floor":22,"gold_loss":0}],"is_beta":false,"boss_relics":[{"not_picked":["Astrolabe","SlaversCollar"],"picked":"Black Star"}],"items_purged_floors":[4],"is_endless":false,"potions_floor_spawned":[1,5,7,11,18,21],"killed_by":"Cultist and Chosen","ascension_level":20}}