{"host":"utqe55yv0jihe4d6","time":1607571287,"event":{"gold_per_floor":[118,129,148,298,11,41,41,74,74,88,101,101,101,111,111,111,111],"floor_reached":16,"playtime":440,"items_purged":["Doubt"],"score":224,"play_id":"af8c8f14-dc6d-4b75-885b-252a2e72807d","local_time":"20201209223447","is_ascension_mode":true,"campfire_choices":[{"floor":7,"key":"REST"},{"data":"Feed","floor":13,"key":"SMITH"},{"data":"Bash","floor":15,"key":"SMITH"}],"neow_cost":"TEN_PERCENT_HP_LOSS","seed_source_timestamp":6291855829088,"circlet_count":0,"master_deck":["AscendersBane","Strike_R","Strike_R","Strike_R","Strike_R","Strike_R","Defend_R","Defend_R","Defend_R","Defend_R","Bash+1","Feed+1","Clothesline","Flame Barrier","Twin Strike","Pummel","Reaper","Metallicize","Shrug It Off"],"relics":["Burning Blood","Centennial Puzzle","Kunai","Mummified Hand","Question Card"],"potions_floor_usage":[10,16,16],"damage_taken":[{"damage":7,"enemies":"Cultist","floor":1,"turns":4},{"damage":8,"enemies":"2 Louse","floor":2,"turns":3},{"damage":10,"enemies":"Small Slimes","floor":3,"turns":4},{"damage":43,"enemies":"Lagavulin","floor":6,"turns":9},{"damage":33,"enemies":"Gremlin Nob","floor":8,"turns":5},{"damage":37,"enemies":"Exordium Thugs","floor":10,"turns":6},{"damage":3,"enemies":"Blue Slaver","floor":11,"turns":7},{"damage":14,"enemies":"Exordium Wildlife","floor":14,"turns":7},{"damage":38,"enemies":"Hexaghost","floor":16,"turns":9}],"seed_played":"-4492831540036241420","potions_obtained":[{"floor":3,"key":"BloodPotion"},{"floor":10,"key":"SteroidPotion"},{"floor":12,"key":"Fire Potion"}],"is_trial":false,"path_per_floor":["M","M","M","?","$","E","R","E","T","M","M","?","R","M","R","B"],"character_chosen":"IRONCLAD","items_purchased":["Centennial Puzzle","Twin Strike"],"campfire_rested":1,"item_purchase_floors":[5,5],"current_hp_per_floor":[70,71,70,70,70,33,56,29,29,24,33,33,33,33,33,0,0],"gold":111,"neow_bonus":"THREE_RARE_CARDS","is_prod":false,"is_daily":false,"chose_seed":false,"campfire_upgraded":2,"win_rate":0,"timestamp":1607571287,"path_taken":["M","M","M","?","$","E","R","E","T","M","M","?","R","M","R","BOSS"],"build_version":"2020-11-30","purchased_purges":1,"victory":false,"max_hp_per_floor":[71,74,77,77,77,77,77,77,77,80,83,83,83,87,87,87,87],"relic_stats":{"Centennial Puzzle":[18],"counters":[9,54],"Mummified Hand":[4],"Kunai":[4],"Question Card":3,"obtain_stats":[{"Centennial Puzzle":5,"Mummified Hand":8,"Kunai":6,"Question Card":9,"Burning Blood":0},{"Centennial Puzzle":3,"Mummified Hand":5,"Kunai":4,"Question Card":5,"Burning Blood":0},{"Centennial Puzzle":11,"Mummified Hand":25,"Kunai":20,"Question Card":25,"Burning Blood":0}],"Burning Blood":48},"card_choices":[{"not_picked":["Brutality","Offering"],"picked":"Feed","floor":0},{"not_picked":["Ghostly Armor","Wild Strike"],"picked":"Clothesline","floor":1},{"not_picked":["Rupture","Sever Soul","Second Wind"],"picked":"SKIP","floor":2},{"not_picked":["Sentinel","Anger"],"picked":"Flame Barrier","floor":3},{"not_picked":["Rupture","Heavy Blade"],"picked":"Pummel","floor":6},{"not_picked":["Twin Strike","Wild Strike"],"picked":"Reaper","floor":8},{"not_picked":["Clothesline","Seeing Red","Headbutt"],"picked":"Metallicize","floor":10},{"not_picked":["Heavy Blade","Pommel Strike","Rampage","Blood for Blood"],"picked":"SKIP","floor":11},{"not_picked":["Wild Strike","True Grit","Headbutt"],"picked":"Shrug It Off","floor":14}],"player_experience":2725927,"relics_obtained":[{"floor":6,"key":"Kunai"},{"floor":8,"key":"Mummified Hand"},{"floor":9,"key":"Question Card"}],"event_choices":[{"damage_healed":0,"gold_gain":150,"player_choice":"AGREE","damage_taken":0,"max_hp_gain":0,"max_hp_loss":0,"event_name":"Liars Game","floor":4,"gold_loss":0,"cards_obtained":["Doubt"]},{"damage_healed":0,"gold_gain":0,"player_choice":"Got Potions","damage_taken":0,"max_hp_gain":0,"max_hp_loss":0,"event_name":"Lab","floor":12,"gold_loss":0}],"is_beta":false,"boss_relics":[],"items_purged_floors":[5],"is_endless":false,"potions_floor_spawned":[3,10,14],"killed_by":"Hexaghost","ascension_level":20}}