{"host":"f14d6hm2349s9jse","time":1607567354,"event":{"gold_per_floor":[111,111,111,126,137,137,163,163,212,231,243,254,279,298,298,397,397,409,409,428,428,446,446,480,480,528,548,566,566,781,798,798,897,897,909,663,663,140,187,187,187],"floor_reached":40,"playtime":2226,"items_purged":[],"score":468,"play_id":"638e869a-4a2c-4fa9-b9e8-0daadb034a63","local_time":"20201209212914","is_ascension_mode":false,"campfire_choices":[{"floor":6,"key":"REST"},{"floor":8,"key":"REST"},{"floor":15,"key":"REST"},{"floor":23,"key":"REST"},{"floor":29,"key":"REST"},{"floor":32,"key":"REST"}],"neow_cost":"NONE","seed_source_timestamp":1937683625082660,"circlet_count":0,"master_deck":["TheRailgun:Strike","TheRailgun:Strike","TheRailgun:Strike","TheRailgun:Strike","TheRailgun:Defend","TheRailgun:Defend","TheRailgun:Defend","TheRailgun:Defend+1","TheRailgun:Discharge","TheRailgun:Static+1","TheRailgun:Zip+1","TheRailgun:Stun_Shock","TheRailgun:Magnetic_Movement","TheRailgun:Lightning_Speed","TheRailgun:Electrical_Storm","TheRailgun:Taser","TheRailgun:Heroinism","TheRailgun:Stun_Shock","TheRailgun:Rewiring","TheRailgun:Zip+1","TheRailgun:Aerial_Shot","TheRailgun:Heroinism","TheRailgun:Iron_Dust_Shield","TheRailgun:Heroinism","TheRailgun:Thundervolt+1","TheRailgun:Taser","TheRailgun:Heroinism","TheRailgun:Heroinism","TheRailgun:Iron_Dust_Shield+1"],"relics":["TheRailgun:CoinRelic","NeowsBlessing","Oddly Smooth Stone","Vajra","StrikeDummy","Sozu","Molten Egg 2","Meat on the Bone","Pear","Toy Ornithopter","Old Coin","Cursed Key","Blue Candle","DollysMirror","Shovel","CaptainsWheel"],"potions_floor_usage":[24,24,27],"damage_taken":[{"damage":0,"enemies":"Small Slimes","floor":1,"turns":1},{"damage":0,"enemies":"Jaw Worm","floor":4,"turns":1},{"damage":0,"enemies":"Cultist","floor":5,"turns":1},{"damage":22,"enemies":"Lagavulin","floor":7,"turns":4},{"damage":6,"enemies":"Lots of Slimes","floor":10,"turns":3},{"damage":4,"enemies":"Looter","floor":11,"turns":3},{"damage":7,"enemies":"Blue Slaver","floor":12,"turns":3},{"damage":18,"enemies":"3 Sentries","floor":13,"turns":5},{"damage":0,"enemies":"Red Slaver","floor":14,"turns":3},{"damage":13,"enemies":"Hexaghost","floor":16,"turns":7},{"damage":16,"enemies":"2 Thieves","floor":18,"turns":3},{"damage":0,"enemies":"Spheric Guardian","floor":20,"turns":2},{"damage":18,"enemies":"Snecko","floor":22,"turns":4},{"damage":55,"enemies":"Slavers","floor":24,"turns":5},{"damage":9,"enemies":"3 Cultists","floor":27,"turns":4},{"damage":10,"enemies":"Cultist and Chosen","floor":28,"turns":4},{"damage":5,"enemies":"Snake Plant","floor":31,"turns":3},{"damage":58,"enemies":"Automaton","floor":33,"turns":11},{"damage":3,"enemies":"Orb Walker","floor":35,"turns":3},{"damage":68,"enemies":"2 Orb Walkers","floor":39,"turns":5},{"damage":33,"enemies":"Giant Head","floor":40,"turns":6}],"seed_played":"-2431234905936568124","potions_obtained":[{"floor":4,"key":"PowerPotion"},{"floor":10,"key":"SneckoOil"},{"floor":12,"key":"Ancient Potion"},{"floor":14,"key":"LiquidBronze"},{"floor":16,"key":"AttackPotion"}],"is_trial":false,"path_per_floor":["M","?","?","M","M","R","E","R","T","M","M","M","E","M","R","B",null,"M","?","M","?","M","R","E","T","T","M","M","R","?","M","R","B",null,"M","$","?","$","?","E"],"character_chosen":"THE_DEFAULT","items_purchased":["Blue Candle","TheRailgun:Heroinism","DollysMirror","Shovel"],"campfire_rested":6,"item_purchase_floors":[36,38,38,38],"current_hp_per_floor":[70,56,56,56,56,70,48,69,69,63,59,52,34,34,55,42,70,54,54,54,54,36,57,2,12,12,20,22,46,46,41,65,19,80,77,77,77,77,21,0,0],"gold":187,"neow_bonus":"THREE_ENEMY_KILL","is_prod":false,"is_daily":false,"chose_seed":false,"campfire_upgraded":0,"win_rate":0.0,"timestamp":1607567354,"path_taken":["M","?","?","M","?","R","E","R","T","M","M","?","E","M","R","BOSS","M","?","M","?","M","R","E","?","T","M","?","R","?","M","R","BOSS","M","$","?","$","?","E"],"build_version":"2020-11-30","purchased_purges":0,"victory":false,"max_hp_per_floor":[70,70,70,70,70,70,70,70,70,70,70,70,70,70,70,70,70,70,70,70,70,70,70,70,80,80,80,80,80,80,80,80,80,80,80,80,80,80,80,80,80],"card_choices":[{"not_picked":["TheRailgun:Spark","TheRailgun:Crack","TheRailgun:Positive_Field"],"picked":"SKIP","floor":1},{"not_picked":["TheRailgun:Electrical_Fire","TheRailgun:Spark","TheRailgun:Gekotamania"],"picked":"SKIP","floor":4},{"not_picked":["TheRailgun:Charge","TheRailgun:Coin_Flip"],"picked":"TheRailgun:Stun_Shock","floor":5},{"not_picked":["TheRailgun:Railgun","TheRailgun:Sister_Network"],"picked":"TheRailgun:Magnetic_Movement","floor":7},{"not_picked":["TheRailgun:Electrical_Storm","TheRailgun:Iron_Dust_Vial"],"picked":"TheRailgun:Lightning_Speed","floor":10},{"not_picked":["TheRailgun:Negative_Field","TheRailgun:Scatter_Railgun"],"picked":"TheRailgun:Electrical_Storm","floor":11},{"not_picked":["TheRailgun:Mental_Out","TheRailgun:Sister_Noise"],"picked":"TheRailgun:Taser","floor":12},{"not_picked":["TheRailgun:Thunderbolt","TheRailgun:Electrical_Fire"],"picked":"TheRailgun:Heroinism","floor":13},{"not_picked":["TheRailgun:Crack","TheRailgun:Taser"],"picked":"TheRailgun:Stun_Shock","floor":14},{"not_picked":["TheRailgun:Supercharge","TheRailgun:Railgun"],"picked":"TheRailgun:Rewiring","floor":16},{"not_picked":["TheRailgun:Charge+1","TheRailgun:Electrical_Fire"],"picked":"TheRailgun:Zip+1","floor":18},{"not_picked":["TheRailgun:Sister_Network+1","TheRailgun:Thundershock"],"picked":"TheRailgun:Heroinism","floor":20},{"not_picked":["TheRailgun:Crackle+1","TheRailgun:Sister_Noise"],"picked":"TheRailgun:Pull","floor":22},{"not_picked":["TheRailgun:Charge","TheRailgun:Rewiring","TheRailgun:Crackle+1"],"picked":"SKIP","floor":24},{"not_picked":["TheRailgun:Zip","TheRailgun:Sister_Noise","TheRailgun:Charge"],"picked":"SKIP","floor":27},{"not_picked":["TheRailgun:Gekotamania","TheRailgun:Circuit_Breaker"],"picked":"TheRailgun:Iron_Dust_Shield","floor":28},{"not_picked":["TheRailgun:Negative_Field+1","TheRailgun:Scatter_Railgun+1"],"picked":"TheRailgun:Heroinism","floor":31},{"not_picked":["TheRailgun:Thunder+1","TheRailgun:Circuitous"],"picked":"TheRailgun:Thundervolt+1","floor":33},{"not_picked":["TheRailgun:Iron_Dust_Sword+1","TheRailgun:Token_Collection+1"],"picked":"TheRailgun:Taser","floor":35},{"not_picked":["TheRailgun:Electrical_Fire+1","TheRailgun:Crack+1"],"picked":"TheRailgun:Iron_Dust_Shield+1","floor":39}],"player_experience":2463875,"relics_obtained":[{"floor":7,"key":"Oddly Smooth Stone"},{"floor":9,"key":"Vajra"},{"floor":13,"key":"StrikeDummy"},{"floor":24,"key":"Meat on the Bone"},{"floor":25,"key":"Pear"},{"floor":26,"key":"Toy Ornithopter"},{"floor":39,"key":"CaptainsWheel"}],"event_choices":[{"damage_healed":0,"gold_gain":0,"player_choice":"Entered Light","damage_taken":14,"max_hp_gain":0,"max_hp_loss":0,"event_name":"Shining Light","floor":2,"gold_loss":0,"cards_upgraded":["TheRailgun:Defend","TheRailgun:Static"]},{"damage_healed":0,"gold_gain":0,"player_choice":"Forge","damage_taken":0,"max_hp_gain":0,"max_hp_loss":0,"event_name":"Accursed Blacksmith","floor":3,"gold_loss":0,"cards_upgraded":["TheRailgun:Zip"]},{"damage_healed":0,"gold_gain":0,"player_choice":"Read","damage_taken":0,"max_hp_gain":0,"max_hp_loss":0,"event_name":"The Library","floor":19,"gold_loss":0,"cards_obtained":["TheRailgun:Aerial_Shot"]},{"damage_healed":0,"gold_gain":0,"player_choice":"Opened","damage_taken":0,"relics_obtained":["Molten Egg 2"],"max_hp_gain":0,"max_hp_loss":0,"event_name":"The Mausoleum","floor":21,"gold_loss":0},{"damage_healed":0,"gold_gain":0,"player_choice":"Obtained Relic","damage_taken":0,"relics_obtained":["Old Coin"],"max_hp_gain":0,"max_hp_loss":0,"event_name":"Addict","floor":30,"gold_loss":85},{"cards_removed":["TheRailgun:Pull"],"damage_healed":0,"gold_gain":0,"player_choice":"Removed Skill","damage_taken":0,"max_hp_gain":0,"max_hp_loss":0,"event_name":"Falling","floor":37,"gold_loss":0},{"damage_healed":0,"gold_gain":0,"player_choice":"Fight","damage_taken":0,"max_hp_gain":0,"max_hp_loss":0,"event_name":"Mysterious Sphere","floor":39,"gold_loss":0}],"is_beta":false,"boss_relics":[{"not_picked":["SacredBark","Snecko Eye"],"picked":"Sozu"},{"not_picked":["Fusion Hammer","Busted Crown"],"picked":"Cursed Key"}],"items_purged_floors":[],"is_endless":false,"potions_floor_spawned":[4,10,12,14,16,24,27,28,35],"killed_by":"Giant Head","ascension_level":0}}