{"host":"woah5shdh5xsovm3","time":1607626684,"event":{"mods":["BaseMod","StSLib","Downfall","Hubris","Infinite Spire","Marisa????????","Minty Spire (QoL Compilation)","Remilia??????","Replay The Spire","Shop Mod","SuperFastMode","The Animator","The Bug Knight","The Construct","The Cursed","The Disciple","The Hierophant","The Necromancer","The Runesmith","The Servant 0.9.4"],"gold_per_floor":[118,131,151,151,183,209,209,225,225,238,77,87,116,135,135,233,233,223,73,73,86,86,116,116,136,159,159,159,177,177,27,27,128,128,143,143,70,84,98,127,127,140,140,150,50,68,68,68],"floor_reached":47,"playtime":2483,"items_purged":["Regret","HollowMod:QuickDashStart","HollowMod:NailStrikeStart"],"score":489,"play_id":"1a0ae830-5479-470d-bd15-28e9155789a9","local_time":"20201210125804","is_ascension_mode":false,"campfire_choices":[{"floor":7,"key":"REST"},{"floor":15,"key":"REST"},{"floor":24,"key":"REST"},{"data":"HollowMod:ShapeofUnn","floor":27,"key":"SMITH"},{"floor":32,"key":"REST"},{"data":"HollowMod:HerrahsAnger","floor":41,"key":"SMITH"}],"circlet_count":0,"master_deck":["HollowMod:NailStrikeStart","HollowMod:NailStrikeStart","HollowMod:QuickDashStart","HollowMod:QuickDashStart","HollowMod:QuickDashStart","HollowMod:FocusHealStart+1","HollowMod:PogoStrike","HollowMod:SoulStrike","HollowMod:CrystalDash","HollowMod:ZotesMagnificence","HollowMod:CornifersMapStart","HollowMod:HornetsHelp","HollowMod:MonomonsArchive","expansioncontent:CaCaw","HollowMod:ShapeofUnn+1","HollowMod:Grubsong","HollowMod:Grubsong","HollowMod:SlysStrikes","HollowMod:HowlingWraiths+1","HollowMod:QuirrelsAssistance","HollowMod:ChannelNail","HollowMod:CycloneSlash+1","HollowMod:HerrahsAnger+1","HollowMod:SoulShaman+1","HollowMod:PureNailStrike+1","HollowMod:RecoilStrike+1","HollowMod:SoulSplash+1"],"relics":["HollowMod:KingsSoulRelic","Bird Faced Urn","hubris:64BitClover","HornCleat","Replay:Kaleidoscope","Bag of Marbles","construct:WeddingRing","HollowMod:StagPassRelic","Omamori","Cursed Key","Lee\u0027s Waffle","Darkstone Periapt","infinitespire:PuzzleCube","Chemical X","construct:FoamFinger","Potion Belt","Bottled Tornado"],"acts_visited":["Exordium","TheCity","TheBeyond"],"potions_floor_usage":[16,18,33,40,46],"damage_taken":[{"damage":0,"enemies":"2 Louse","floor":1,"turns":3},{"damage":0,"enemies":"Small Slimes","floor":2,"turns":2},{"damage":1,"enemies":"Jaw Worm","floor":3,"turns":4},{"damage":9,"enemies":"Lagavulin","floor":6,"turns":8},{"damage":4,"enemies":"2 Fungi Beasts","floor":8,"turns":2},{"damage":8,"enemies":"3 Louse","floor":10,"turns":5},{"damage":6,"enemies":"Exordium Wildlife","floor":12,"turns":3},{"damage":18,"enemies":"HollowMod:MossKnight","floor":13,"turns":6},{"damage":9,"enemies":"Looter","floor":14,"turns":5},{"damage":41,"enemies":"The Guardian","floor":16,"turns":10},{"damage":2,"enemies":"2 Thieves","floor":18,"turns":4},{"damage":11,"enemies":"Chosen","floor":21,"turns":6},{"damage":45,"enemies":"Slavers","floor":23,"turns":6},{"damage":20,"enemies":"Centurion and Healer","floor":25,"turns":5},{"damage":16,"enemies":"Snake Plant","floor":29,"turns":3},{"damage":40,"enemies":"HollowMod:NKGrimm","floor":33,"turns":9},{"damage":7,"enemies":"Orb Walker","floor":35,"turns":4},{"damage":22,"enemies":"3 Shapes","floor":38,"turns":3},{"damage":0,"enemies":"Jaw Worm Horde","floor":39,"turns":3},{"damage":11,"enemies":"Giant Head","floor":40,"turns":7},{"damage":53,"enemies":"Writhing Mass","floor":42,"turns":5},{"damage":20,"enemies":"Spire Growth","floor":44,"turns":4},{"damage":19,"enemies":"3 Darklings","floor":46,"turns":3},{"damage":42,"enemies":"Writhing Mass","floor":47,"turns":4}],"seed_played":"-1095557187300863785","potions_obtained":[{"floor":6,"key":"ColorlessPotion"},{"floor":8,"key":"Ancient Potion"},{"floor":12,"key":"BlessingOfTheForge"},{"floor":16,"key":"SpeedPotion"},{"floor":21,"key":"BlessingOfTheForge"},{"floor":29,"key":"FearPotion"},{"floor":38,"key":"Adrenaline Potion"},{"floor":40,"key":"FearPotion"},{"floor":44,"key":"LifebloodPotion"}],"is_trial":false,"path_per_floor":["M","M","M","?","?","E","R","M","T","M","$","M","E","M","R","B",null,"M","?","?","M","AVR","E","R","M","T","R","?","M","?","$","R","B",null,"M","?","$","M","M","E","R","M","T","M","$","M","M"],"character_chosen":"THE_BUGKNIGHT","items_purchased":["expansioncontent:CaCaw","Chemical X","HollowMod:PureNailStrike"],"campfire_rested":4,"item_purchase_floors":[11,31,37],"current_hp_per_floor":[75,75,75,75,57,54,75,71,71,69,69,63,49,50,72,34,75,73,73,73,68,82,41,65,59,59,59,59,53,53,53,77,52,82,77,77,77,61,69,78,78,42,42,41,41,28,0,0],"gold":68,"neow_bonus":"REMOVE_CARD","is_daily":false,"chose_seed":false,"campfire_upgraded":2,"win_rate":0,"timestamp":1607626684,"path_taken":["M","M","M","?","?","E","R","M","T","M","$","M","E","M","R","BOSS","M","?","?","M","AVR","E","R","M","T","R","?","?","?","?","R","BOSS","M","?","$","?","?","E","R","M","T","M","?","M","M"],"build_version":"2020-11-30","purchased_purges":3,"victory":false,"max_hp_per_floor":[75,75,75,75,75,75,75,75,75,75,75,75,75,75,75,75,75,75,75,75,75,82,82,82,82,82,82,82,82,82,82,82,82,82,82,82,82,82,82,82,82,82,82,82,82,82,82,82],"card_choices":[{"not_picked":["HollowMod:SharpenedShadows","HollowMod:SharpenedNail"],"picked":"HollowMod:SoulStrike","floor":1},{"not_picked":["HollowMod:DescendingDark","HollowMod:NewLittleFool"],"picked":"HollowMod:CrystalDash","floor":2},{"not_picked":["HollowMod:CycloneSlash","HollowMod:ShadowDash"],"picked":"HollowMod:ZotesMagnificence","floor":3},{"not_picked":["HollowMod:VengefulVoid","HollowMod:NewLittleFool"],"picked":"HollowMod:CornifersMapStart","floor":5},{"not_picked":["HollowMod:BlackTendrils","HollowMod:CoiledNail"],"picked":"HollowMod:HornetsHelp","floor":6},{"not_picked":["HollowMod:BrokenVessel","HollowMod:HeavyBlow","HollowMod:DoubleDash"],"picked":"SKIP","floor":8},{"not_picked":["HollowMod:SiblingsSouls","HollowMod:DreamGate"],"picked":"HollowMod:MonomonsArchive","floor":10},{"not_picked":["HollowMod:LifebloodCocoon","HollowMod:SiblingsSouls"],"picked":"HollowMod:ShapeofUnn","floor":12},{"not_picked":["HollowMod:SiblingsSouls","HollowMod:PureNailStrike"],"picked":"HollowMod:Grubsong","floor":13},{"not_picked":["HollowMod:TaintedHusks","HollowMod:SoulSplash"],"picked":"HollowMod:Grubsong","floor":14},{"not_picked":["HollowMod:ZotesMagnificence","HollowMod:NewInfectedGuardian"],"picked":"HollowMod:SlysStrikes","floor":16},{"not_picked":["HollowMod:MonarchWings+1","HollowMod:HeavyBlow"],"picked":"HollowMod:HowlingWraiths+1","floor":18},{"not_picked":["HollowMod:InfectedCysts+1","HollowMod:DashSlash"],"picked":"HollowMod:QuirrelsAssistance","floor":21},{"not_picked":["HollowMod:SiblingsSouls","HollowMod:SharpenedNail+1"],"picked":"HollowMod:ChannelNail","floor":23},{"not_picked":["HollowMod:DoubleDash","HollowMod:MonarchWings","HollowMod:TaintedHusks"],"picked":"SKIP","floor":25},{"not_picked":["HollowMod:LuriensSpire","HollowMod:ZotesMagnificence"],"picked":"HollowMod:CycloneSlash+1","floor":29},{"not_picked":["HollowMod:VoidDash","HollowMod:SoulMaster"],"picked":"HollowMod:HerrahsAnger","floor":33},{"not_picked":["HollowMod:PerfectDash+1","HollowMod:DungDefenderAura+1"],"picked":"HollowMod:SoulShaman+1","floor":35},{"not_picked":["HollowMod:WraithStrike+1","HollowMod:LifebloodCocoon","HollowMod:SiblingsSouls"],"picked":"SKIP","floor":38},{"not_picked":["HollowMod:VengefulVoid+1","HollowMod:SiblingsSouls+1"],"picked":"HollowMod:RecoilStrike+1","floor":39},{"not_picked":["HollowMod:VoidDash","HollowMod:VengefulVoid+1"],"picked":"HollowMod:SoulSplash+1","floor":40},{"not_picked":["HollowMod:DescendingDark","HollowMod:SharpenedNail","HollowMod:VengefulVoid+1"],"picked":"SKIP","floor":42},{"not_picked":["HollowMod:SoulStrike+1","HollowMod:NewGlowingWomb+1","HollowMod:MawleksShell+1"],"picked":"SKIP","floor":44},{"not_picked":["HollowMod:RecoilStrike","HollowMod:SoulSplash+1","HollowMod:DashSlash"],"picked":"SKIP","floor":46}],"player_experience":368094,"relics_obtained":[{"floor":5,"key":"hubris:64BitClover"},{"floor":6,"key":"HornCleat"},{"floor":9,"key":"Replay:Kaleidoscope"},{"floor":13,"key":"Bag of Marbles"},{"floor":21,"key":"Omamori"},{"floor":23,"key":"Darkstone Periapt"},{"floor":26,"key":"infinitespire:PuzzleCube"},{"floor":40,"key":"construct:FoamFinger"},{"floor":42,"key":"Potion Belt"},{"floor":43,"key":"Bottled Tornado"}],"event_choices":[{"damage_healed":0,"gold_gain":0,"player_choice":"Box","damage_taken":0,"relics_obtained":["Bird Faced Urn"],"max_hp_gain":0,"max_hp_loss":0,"event_name":"Big Fish","floor":4,"gold_loss":0,"cards_obtained":["Regret"]},{"damage_healed":0,"gold_gain":0,"player_choice":"Ignored","damage_taken":0,"max_hp_gain":0,"max_hp_loss":0,"event_name":"Ghosts","floor":20,"gold_loss":0},{"damage_healed":0,"gold_gain":0,"player_choice":"Upgraded","damage_taken":0,"max_hp_gain":0,"max_hp_loss":0,"event_name":"Upgrade Shrine","floor":30,"gold_loss":0,"cards_upgraded":["HollowMod:FocusHealStart"]},{"damage_healed":0,"gold_gain":0,"player_choice":"Ignored","damage_taken":0,"max_hp_gain":0,"max_hp_loss":0,"event_name":"NoteForYourself","floor":36,"gold_loss":0}],"is_beta":false,"boss_relics":[{"not_picked":["Ectoplasm","ChewingGum"],"picked":"construct:WeddingRing"},{"not_picked":["Runesmith:UraniumAnvil","hubris:GrandSneckoEye"],"picked":"HollowMod:KingsSoulRelic"}],"items_purged_floors":[11,22,45],"is_endless":false,"potions_floor_spawned":[6,8,12,16,21,23,29,38,40,44],"killed_by":"Writhing Mass","ascension_level":0}}