{"host":"7pe9xwx78c6nlay8","time":1607628317,"event":{"mods":["BaseMod","Minty Spire (QoL Compilation)"],"gold_per_floor":[14,27,27,27,50,86,105,105,181,224,32,32,48,88,88,218,218,239,419,437,486,486,486,486],"floor_reached":23,"playtime":829,"items_purged":["Defend_P"],"score":337,"play_id":"3c83d64c-7012-4927-bcd2-2839905e1a33","local_time":"20201211032517","is_ascension_mode":true,"campfire_choices":[{"floor":8,"key":"REST"},{"floor":12,"key":"REST"},{"floor":15,"key":"REST"}],"circlet_count":0,"master_deck":["Strike_P","Strike_P","Strike_P","Defend_P","Defend_P+1","Eruption","Vigilance","Vault","Worship+1","SandsOfTime","Prostrate","WindmillStrike","JustLucky","ThirdEye+1","Nirvana","FearNoEvil","ReachHeaven","PathToVictory+1","Establishment","JustLucky","Parasite","Writhe"],"relics":["PureWater","Golden Idol","GoldenEye","Toxic Egg 2","Tiny Chest","Bag of Marbles","Cursed Key","Nunchaku","Boot"],"acts_visited":["Exordium","TheCity"],"potions_floor_usage":[6,6,10,14,18,23],"damage_taken":[{"damage":2,"enemies":"2 Louse","floor":1,"turns":4},{"damage":9,"enemies":"Small Slimes","floor":2,"turns":3},{"damage":4,"enemies":"Jaw Worm","floor":5,"turns":2},{"damage":0,"enemies":"Gremlin Nob","floor":6,"turns":2},{"damage":15,"enemies":"Lots of Slimes","floor":7,"turns":4},{"damage":0,"enemies":"Lagavulin","floor":10,"turns":5},{"damage":0,"enemies":"Large Slime","floor":13,"turns":4},{"damage":36,"enemies":"Gremlin Nob","floor":14,"turns":3},{"damage":11,"enemies":"Hexaghost","floor":16,"turns":8},{"damage":10,"enemies":"2 Thieves","floor":18,"turns":4},{"damage":13,"enemies":"Spheric Guardian","floor":20,"turns":4},{"damage":42,"enemies":"Book of Stabbing","floor":23,"turns":3}],"seed_played":"6173731819711511906","potions_obtained":[{"floor":2,"key":"DuplicationPotion"},{"floor":5,"key":"PowerPotion"},{"floor":7,"key":"BlessingOfTheForge"},{"floor":10,"key":"Energy Potion"},{"floor":14,"key":"BottledMiracle"},{"floor":20,"key":"Weak Potion"}],"is_trial":false,"path_per_floor":["M","M","?","?","M","E","M","R","T","E","$","R","M","E","R","B",null,"M","?","M","T","?","E"],"character_chosen":"WATCHER","items_purchased":["Nirvana","FearNoEvil"],"campfire_rested":3,"item_purchase_floors":[11,11],"current_hp_per_floor":[63,54,36,22,18,18,3,24,24,24,24,45,45,9,30,19,59,49,30,17,17,17,0,0],"gold":486,"neow_bonus":"TRANSFORM_TWO_CARDS","is_daily":false,"chose_seed":false,"campfire_upgraded":0,"win_rate":0,"timestamp":1607628317,"path_taken":["M","M","?","?","M","E","M","R","T","E","?","R","?","E","R","BOSS","M","?","M","?","?","E"],"build_version":"2020-11-30","purchased_purges":1,"victory":false,"max_hp_per_floor":[72,72,72,72,72,72,72,72,72,72,72,72,72,72,72,72,72,72,72,72,72,72,72,72],"card_choices":[{"not_picked":["Evaluate","SashWhip"],"picked":"SandsOfTime","floor":1},{"not_picked":["BowlingBash","Conclude","Crescendo"],"picked":"SKIP","floor":2},{"not_picked":["FlurryOfBlows","ConjureBlade"],"picked":"Prostrate","floor":5},{"not_picked":["FearNoEvil","CutThroughFate"],"picked":"WindmillStrike","floor":6},{"not_picked":["SashWhip","EmptyFist"],"picked":"JustLucky","floor":7},{"not_picked":["FearNoEvil","FlyingSleeves"],"picked":"ThirdEye+1","floor":10},{"not_picked":["Halt+1","Prostrate+1"],"picked":"ReachHeaven","floor":13},{"not_picked":["Evaluate+1","CrushJoints"],"picked":"PathToVictory+1","floor":14},{"not_picked":["Ragnarok","SpiritShield+1"],"picked":"Establishment","floor":16},{"not_picked":["Evaluate+1","FlyingSleeves"],"picked":"JustLucky","floor":18},{"not_picked":["EmptyFist","Swivel+1","Fasting2"],"picked":"SKIP","floor":20}],"player_experience":1482957,"relics_obtained":[{"floor":6,"key":"GoldenEye"},{"floor":9,"key":"Toxic Egg 2"},{"floor":10,"key":"Tiny Chest"},{"floor":14,"key":"Bag of Marbles"},{"floor":21,"key":"Nunchaku"}],"event_choices":[{"damage_healed":0,"gold_gain":0,"player_choice":"Take Damage","damage_taken":18,"relics_obtained":["Golden Idol"],"max_hp_gain":0,"max_hp_loss":0,"event_name":"Golden Idol","floor":3,"gold_loss":0},{"damage_healed":0,"gold_gain":0,"player_choice":"Entered Light","damage_taken":14,"max_hp_gain":0,"max_hp_loss":0,"event_name":"Shining Light","floor":4,"gold_loss":0,"cards_upgraded":["Worship","Defend_P"]},{"damage_healed":0,"gold_gain":180,"player_choice":"GOLD GOLD ","damage_taken":19,"max_hp_gain":0,"max_hp_loss":0,"event_name":"Knowing Skull","floor":19,"potions_obtained":[],"gold_loss":0,"cards_obtained":[]},{"damage_healed":0,"gold_gain":0,"player_choice":"Opened","damage_taken":0,"relics_obtained":["Boot"],"max_hp_gain":0,"max_hp_loss":0,"event_name":"The Mausoleum","floor":22,"gold_loss":0,"cards_obtained":["Writhe"]}],"is_beta":false,"boss_relics":[{"not_picked":["VioletLotus","SacredBark"],"picked":"Cursed Key"}],"items_purged_floors":[11],"is_endless":false,"potions_floor_spawned":[2,5,7,10,14,20],"killed_by":"Book of Stabbing","ascension_level":6}}