{"host":"kqqjvufdj6ouyvqb","time":1607578460,"event":{"gold_per_floor":[17,17,30,57,74,74,92,92,92,112,62,62,37,49,49,49,49,61,61,81,6,22,47,47,77,100,119,167,92,121,121,121,221,221,244,274,286,309,337,349,380,392,427,451,479,519,578,20,20,20,20],"floor_reached":50,"playtime":3584,"items_purged":["Hololive_Strike","Hololive_IdolExercise"],"score":843,"play_id":"08bc316f-360a-45ac-9d03-d583872b8dd3","local_time":"20201210133420","is_ascension_mode":true,"campfire_choices":[{"data":"Hololive_Rebound","floor":6,"key":"SMITH"},{"data":"Hololive_OvertimeWork","floor":15,"key":"SMITH"},{"data":"Hololive_Rebound","floor":24,"key":"SMITH"},{"data":"Hololive_FlyingPonyTail","floor":24,"key":"SMITH"},{"data":"Hololive_MaximGun","floor":32,"key":"SMITH"},{"data":"Hololive_Spy","floor":32,"key":"SMITH"},{"data":"Hololive_FlyingPonyTail","floor":40,"key":"SMITH"},{"data":"Hololive_FlyingPonyTail","floor":40,"key":"SMITH"},{"data":"Hololive_DurableLive","floor":42,"key":"SMITH"},{"data":"Hololive_Thief","floor":42,"key":"SMITH"},{"data":"Hololive_StrengthChampion+1","floor":49,"key":"SMITH"},{"data":"Hololive_StrengthChampion","floor":49,"key":"SMITH"}],"neow_cost":"NO_GOLD","seed_source_timestamp":862628213748900,"circlet_count":0,"master_deck":["Hololive_Strike","Hololive_Strike","Hololive_Defend","Hololive_Defend","Hololive_Sequa","Hololive_Rebound+1","Hololive_DurableLive+1","Hololive_LuckPotion","Hololive_CallMinatoAqua","Hololive_Rebound+1","Hololive_OvertimeWork+1","Hololive_Breathe+1","Hololive_FlyingPonyTail+1","Hololive_StrengthChampion+1","Hololive_CallNakiriAyame","Hololive_Spy+1","Hololive_StrengthChampion+1","Hololive_LuckPotion","Hololive_FlyingPonyTail+1","Hololive_MaximGun+1","CurseOfTheBell","Hololive_ManjiGathering+1","Hololive_Thief+1","Hololive_FlyingPonyTail+1","Hololive_CocoNews+1","Hololive_StrengthChampion+2"],"special_seed":0,"relics":["Hololive_TheStar","Hololive_OneManArmy","LetterFromLob","Hololive_LightStick","Blue Doll","Replay:Kaleidoscope","Ring of Searing","Coffee Dripper","Divine Protection","Replay:Arrowhead","Torii","Replay:Mystery Machine","Quantum Egg","Ice Cream","Calipers","Calling Bell","MawBank","HornCleat","Mango","Centennial Puzzle","Pen Nib","Juzu Bracelet","HandDrill","StoneCalendar"],"potions_floor_usage":[16,27,33,35,35,38,45,50,50],"damage_taken":[{"damage":0,"enemies":"Cultist","floor":1,"turns":3},{"damage":0,"enemies":"Small Slimes","floor":3,"turns":2},{"damage":0,"enemies":"Jaw Worm","floor":5,"turns":3},{"damage":0,"enemies":"3 Louse","floor":7,"turns":3},{"damage":0,"enemies":"Blue Slaver","floor":10,"turns":3},{"damage":0,"enemies":"Looter","floor":14,"turns":2},{"damage":13,"enemies":"The Guardian","floor":16,"turns":7},{"damage":0,"enemies":"Chosen","floor":18,"turns":3},{"damage":0,"enemies":"Shell Parasite","floor":20,"turns":2},{"damage":10,"enemies":"Cultist and Chosen","floor":22,"turns":6},{"damage":6,"enemies":"Slavers","floor":23,"turns":5},{"damage":0,"enemies":"Replay:Snechameleon","floor":25,"turns":4},{"damage":0,"enemies":"Snake Plant","floor":27,"turns":2},{"damage":0,"enemies":"Gremlin Leader","floor":30,"turns":4},{"damage":0,"enemies":"Collector","floor":33,"turns":6},{"damage":5,"enemies":"Orb Walker","floor":35,"turns":4},{"damage":19,"enemies":"3 Darklings","floor":36,"turns":6},{"damage":8,"enemies":"Writhing Mass","floor":38,"turns":5},{"damage":2,"enemies":"Jaw Worm Horde","floor":39,"turns":5},{"damage":0,"enemies":"Transient","floor":41,"turns":8},{"damage":0,"enemies":"Maw","floor":44,"turns":5},{"damage":0,"enemies":"Jaw Worm Horde","floor":45,"turns":4},{"damage":0,"enemies":"Giant Head","floor":46,"turns":5},{"damage":32,"enemies":"Awakened One","floor":50,"turns":6}],"seed_played":"-9173744003694623674","potions_obtained":[{"floor":5,"key":"Fire Potion"},{"floor":14,"key":"Swift Potion"},{"floor":22,"key":"PowerPotion"},{"floor":23,"key":"EssenceOfSteel"},{"floor":33,"key":"AttackPotion"},{"floor":35,"key":"FairyPotion"},{"floor":36,"key":"Block Potion"},{"floor":41,"key":"GamblersBrew"},{"floor":44,"key":"ColorlessPotion"},{"floor":45,"key":"Toxic Potion"}],"is_trial":false,"path_per_floor":["M","?","M","T","M","R","M","E","T","M","?","?","$","M","R","B",null,"M","?","M","?","M","E","R","E","T","M","?","$","E","T","R","B",null,"M","M","?","M","M","R","M","R","T","M","M","E","T","$","R","B"],"character_chosen":"Hololive_HololiveCharacter","items_purchased":["Hololive_Breathe+1","HandDrill","StoneCalendar","Hololive_StrengthChampion+1"],"campfire_rested":0,"item_purchase_floors":[13,48,48,48],"current_hp_per_floor":[35,35,35,35,35,35,35,35,35,35,35,35,35,35,35,22,32,32,32,32,32,22,16,16,16,16,16,8,8,8,8,8,8,42,37,18,18,10,8,8,8,8,8,8,8,8,8,8,8,0,0],"gold":20,"neow_bonus":"THREE_RARE_CARDS","is_prod":false,"is_daily":false,"chose_seed":false,"campfire_upgraded":12,"win_rate":0,"timestamp":1607578460,"path_taken":["M","?","?","?","M","R","M","E","T","M","?","?","$","M","R","BOSS","M","?","?","?","M","E","R","E","T","M","?","?","E","?","R","BOSS","M","M","?","M","M","R","M","R","T","?","M","E","?","$","R","BOSS"],"build_version":"2020-11-30","purchased_purges":2,"victory":false,"max_hp_per_floor":[35,35,35,35,35,35,35,35,35,35,35,35,35,35,35,35,35,35,35,35,35,35,35,35,35,35,35,35,35,35,35,35,35,49,49,49,49,49,49,49,49,49,49,49,49,49,49,49,49,49,49],"card_choices":[{"not_picked":["Hololive_OpenUp","Hololive_StarCraft"],"picked":"Hololive_DurableLive","floor":0},{"not_picked":["Hololive_Breathe","Hololive_Rebound","Hololive_Psychosis"],"picked":"Hololive_LuckPotion","floor":1},{"not_picked":["Hololive_Rebound","Hololive_BringToTrial","Hololive_CocoNews"],"picked":"Hololive_CallMinatoAqua","floor":3},{"not_picked":["Hololive_CallHoushouMarine","Hololive_CallRosalyn","Hololive_CallShirakamiFubuki"],"picked":"Hololive_Rebound","floor":5},{"not_picked":["Hololive_HuntDinosaur","Hololive_AWSL","Hololive_CallAkaiHaato"],"picked":"Hololive_OvertimeWork","floor":7},{"not_picked":["Hololive_CocoNews","Hololive_RevenueBasedLive","Hololive_CallNatsuiroMatsuri","Hololive_BringToTrial"],"picked":"SKIP","floor":10},{"not_picked":["Hololive_CallAZKi","Hololive_CallKiryuuCoco","Hololive_Trident"],"picked":"Hololive_FlyingPonyTail","floor":14},{"not_picked":["Hololive_CallMoonaHoshinova","Hololive_HuntDinosaur","Hololive_CallOkamiMio"],"picked":"Hololive_StrengthChampion","floor":18},{"not_picked":["Hololive_CallMurasakiShion","Hololive_HuntDinosaur","Hololive_LuckPotion+1"],"picked":"Hololive_CallNakiriAyame","floor":20},{"not_picked":["Hololive_CallAZKi","Hololive_CallTokoyamiTowa","Hololive_Sequa","Hololive_StrengthChampion"],"picked":"SKIP","floor":22},{"not_picked":["Hololive_HuntDinosaur","Hololive_RevenueBasedLive","Hololive_CallHoushouMarine","Hololive_FlyingPonyTail"],"picked":"SKIP","floor":23},{"not_picked":["Hololive_Recruit","Hololive_CallHoshimachiSuisei","Hololive_CallYogiri"],"picked":"Hololive_Spy","floor":25},{"not_picked":["Hololive_Trident","Hololive_SoulCatcher","Hololive_CocoNews"],"picked":"Hololive_StrengthChampion+1","floor":27},{"not_picked":["Hololive_Drill","Hololive_StrengthChampion","Hololive_HuntDinosaur"],"picked":"Hololive_LuckPotion","floor":28},{"not_picked":["Hololive_Trident","Hololive_ASMR","Hololive_Psychosis"],"picked":"Hololive_FlyingPonyTail","floor":28},{"not_picked":["Hololive_CallShirakamiFubuki","Hololive_HuntDinosaur","Hololive_CallOzoraSubaru"],"picked":"Hololive_MaximGun","floor":30},{"not_picked":["Hololive_DurableLive","Hololive_ASMR","Hololive_FlareMind"],"picked":"Hololive_IdolExercise","floor":33},{"not_picked":["Hololive_FlyingPonyTail+1","Hololive_Drill+1","Hololive_Sequa+1"],"picked":"Hololive_ManjiGathering+1","floor":35},{"not_picked":["Hololive_HuntDinosaur+1","Hololive_CocoNews","Hololive_CallHimemoriLuna"],"picked":"Hololive_Thief","floor":36},{"not_picked":["Hololive_Drill","Hololive_CallUsadaPekora","Hololive_CallSpadeEcho","Hololive_Sequa"],"picked":"SKIP","floor":38},{"not_picked":["Hololive_CallOkamiMio","Hololive_Rebound+1","Hololive_CallYuzukiChoco"],"picked":"Hololive_FlyingPonyTail","floor":39},{"not_picked":["Hololive_Drill+1","Hololive_HuntDinosaur+1","Hololive_CallAkaiHaato"],"picked":"Hololive_CocoNews+1","floor":41},{"not_picked":["Hololive_RevenueBasedLive+1","Hololive_Sequa+1","Hololive_Psychosis+1","Hololive_StrengthChampion"],"picked":"SKIP","floor":44},{"not_picked":["Hololive_Psychosis+1","Hololive_Trident","Hololive_Sequa+1","Hololive_ScarfAndHalo"],"picked":"SKIP","floor":45},{"not_picked":["Hololive_CallYogiri","Hololive_Trident+1","Hololive_Psychosis","Hololive_Drill"],"picked":"SKIP","floor":46}],"player_experience":147891,"relics_obtained":[{"floor":1,"key":"LetterFromLob"},{"floor":4,"key":"Blue Doll"},{"floor":9,"key":"Replay:Kaleidoscope"},{"floor":12,"key":"Ring of Searing"},{"floor":19,"key":"Divine Protection"},{"floor":23,"key":"Replay:Arrowhead"},{"floor":25,"key":"Torii"},{"floor":26,"key":"Replay:Mystery Machine"},{"floor":28,"key":"Quantum Egg"},{"floor":30,"key":"Ice Cream"},{"floor":31,"key":"Calipers"},{"floor":34,"key":"MawBank"},{"floor":34,"key":"HornCleat"},{"floor":34,"key":"Mango"},{"floor":43,"key":"Centennial Puzzle"},{"floor":46,"key":"Pen Nib"},{"floor":47,"key":"Juzu Bracelet"}],"event_choices":[{"cards_removed":["Hololive_Defend"],"damage_healed":0,"gold_gain":0,"player_choice":"Gave Card","damage_taken":0,"relics_obtained":["Hololive_LightStick"],"max_hp_gain":0,"max_hp_loss":0,"event_name":"WeMeetAgain","floor":2,"gold_loss":0},{"cards_removed":["Hololive_Strike"],"damage_healed":0,"gold_gain":0,"player_choice":"Card Removal","damage_taken":0,"max_hp_gain":0,"max_hp_loss":0,"event_name":"The Cleric","floor":11,"gold_loss":50},{"damage_healed":0,"gold_gain":0,"player_choice":"Relic","damage_taken":0,"max_hp_gain":0,"max_hp_loss":0,"event_name":"Wheel of Change","floor":19,"gold_loss":0},{"cards_removed":["Hololive_Defend"],"damage_healed":0,"gold_gain":0,"player_choice":"Gave Gold","damage_taken":0,"max_hp_gain":0,"max_hp_loss":0,"event_name":"Beggar","floor":21,"gold_loss":75},{"damage_healed":0,"gold_gain":0,"player_choice":"Ignored","damage_taken":0,"max_hp_gain":0,"max_hp_loss":0,"event_name":"SecretPortal","floor":37,"gold_loss":0}],"is_beta":false,"boss_relics":[{"not_picked":["LagranYue:SoulBurningRelic","Runic Pyramid"],"picked":"Coffee Dripper"},{"not_picked":["Kintsugi","Painkiller Herb"],"picked":"Calling Bell"}],"items_purged_floors":[29,48],"is_endless":false,"potions_floor_spawned":[5,14,22,23,33,35,36,41,44,45],"killed_by":"Awakened One","ascension_level":5}}