{"host":"7s1wik188rwhc0qq","time":1607641950,"event":{"mods":["Remove Card Discount Mod","BaseMod","AchievementEnabler","Colored Map","Colored Powertips","DeckTracker","Minty Spire (QoL Compilation)","Permanent Neow","Quick Restart","StSLib","Better Third Choice","Downfall"],"gold_per_floor":[109,121,139,139,156,186,198,1,1,55,71,23,23,37,37,142,142,142,142,142,142,142,142,142,142,142,95,95,95,95,95,95,95,95,95,95,95,95,89,89,89,89,89,89,89,89,89,89,89,89,89],"floor_reached":50,"playtime":3662,"items_purged":["Strike_B","Strike_B","Strike_B","Strike_B","Defend_B","Defend_B","Chaos"],"score":574,"play_id":"7120f3bf-3551-473c-9689-aa30e6c64ef5","local_time":"20201210161230","is_ascension_mode":false,"campfire_choices":[{"data":"Barrage","floor":13,"key":"SMITH"},{"floor":15,"key":"REST"},{"floor":23,"key":"REST"},{"data":"Heatsinks","floor":28,"key":"SMITH"},{"floor":30,"key":"REST"},{"data":"Coolheaded","floor":32,"key":"SMITH"},{"data":"Creative AI","floor":41,"key":"SMITH"},{"data":"Capacitor","floor":42,"key":"SMITH"},{"data":"Defragment","floor":47,"key":"SMITH"},{"data":"Consume","floor":49,"key":"SMITH"}],"circlet_count":0,"master_deck":["Defend_B+1","Defend_B+1","Zap","Dualcast","Genetic Algorithm","Barrage+1","Cold Snap","Doom and Gloom","Aggregate","Heatsinks+1","Redo","Chaos","Conserve Battery","Electrodynamics","Hologram+1","Consume+1","Self Repair","Self Repair","Defragment+1","Defragment+1","Coolheaded+1","Creative AI+1","Capacitor+1","White Noise+1","Redo","Static Discharge","Conserve Battery","Leap"],"relics":["FrozenCore","StoneCalendar","Bronze Scales","Matryoshka","Ectoplasm","MutagenicStrength","Lantern","PreservedInsect","War Paint","WingedGreaves","Omamori","HornCleat","Blood Vial","Bag of Preparation"],"acts_visited":["Exordium","TheCity","TheBeyond"],"potions_floor_usage":[6,11,29,29,33,37,50,50,50],"damage_taken":[{"damage":6,"enemies":"Jaw Worm","floor":1,"turns":3},{"damage":1,"enemies":"2 Louse","floor":2,"turns":3},{"damage":0,"enemies":"Cultist","floor":3,"turns":3},{"damage":9,"enemies":"Blue Slaver","floor":5,"turns":4},{"damage":20,"enemies":"Gremlin Nob","floor":6,"turns":4},{"damage":0,"enemies":"Large Slime","floor":7,"turns":4},{"damage":7,"enemies":"Exordium Wildlife","floor":11,"turns":3},{"damage":6,"enemies":"2 Fungi Beasts","floor":14,"turns":2},{"damage":26,"enemies":"Slime Boss","floor":16,"turns":7},{"damage":0,"enemies":"Chosen","floor":18,"turns":4},{"damage":18,"enemies":"Spheric Guardian","floor":20,"turns":4},{"damage":19,"enemies":"Snake Plant","floor":21,"turns":5},{"damage":13,"enemies":"Slavers","floor":24,"turns":4},{"damage":37,"enemies":"Gremlin Leader","floor":29,"turns":5},{"damage":4,"enemies":"Snecko","floor":31,"turns":4},{"damage":6,"enemies":"Champ","floor":33,"turns":10},{"damage":2,"enemies":"3 Shapes","floor":35,"turns":4},{"damage":3,"enemies":"3 Darklings","floor":36,"turns":7},{"damage":23,"enemies":"Jaw Worm Horde","floor":37,"turns":3},{"damage":0,"enemies":"Sphere and 2 Shapes","floor":38,"turns":5},{"damage":2,"enemies":"Giant Head","floor":40,"turns":8},{"damage":8,"enemies":"Reptomancer","floor":44,"turns":7},{"damage":2,"enemies":"Giant Head","floor":45,"turns":9},{"damage":0,"enemies":"4 Shapes","floor":46,"turns":4},{"damage":20,"enemies":"Spire Growth","floor":48,"turns":5},{"damage":78,"enemies":"Awakened One","floor":50,"turns":11}],"seed_played":"-8987457106703930591","potions_obtained":[{"floor":0,"key":"DuplicationPotion"},{"floor":0,"key":"Energy Potion"},{"floor":0,"key":"FocusPotion"},{"floor":6,"key":"sneckomod:MuddlingPotion"},{"floor":7,"key":"AttackPotion"},{"floor":11,"key":"CultistPotion"},{"floor":21,"key":"FocusPotion"},{"floor":31,"key":"FocusPotion"},{"floor":33,"key":"Dexterity Potion"},{"floor":35,"key":"BlessingOfTheForge"},{"floor":37,"key":"CultistPotion"},{"floor":40,"key":"EssenceOfDarkness"},{"floor":45,"key":"Ancient Potion"}],"is_trial":false,"path_per_floor":["M","M","M","?","M","E","M","$","T","?","M","$","R","M","R","B",null,"M","?","M","M","?","R","E","$","T","$","R","E","R","M","R","B",null,"M","M","M","M","$","E","R","R","T","E","E","M","R","M","R","B"],"character_chosen":"DEFECT","items_purchased":["Bronze Scales","Redo","Conserve Battery","Defragment"],"campfire_rested":3,"item_purchase_floors":[8,8,12,27],"current_hp_per_floor":[69,68,68,73,64,44,44,44,44,44,37,37,37,31,55,29,80,80,80,62,43,43,67,61,61,61,61,61,38,62,72,72,80,80,80,80,64,71,71,80,80,80,80,80,80,80,80,74,74,0,0],"gold":89,"neow_bonus":"THREE_SMALL_POTIONS","is_daily":false,"chose_seed":false,"campfire_upgraded":7,"win_rate":0,"timestamp":1607641950,"path_taken":["M","M","M","?","M","E","M","$","T","?","M","$","R","M","R","BOSS","M","?","M","M","?","R","E","?","T","$","R","E","R","M","R","BOSS","M","M","M","M","$","E","R","R","T","E","E","M","R","M","R","BOSS"],"build_version":"2020-11-30","purchased_purges":7,"victory":false,"max_hp_per_floor":[75,75,75,80,80,80,80,80,80,80,80,80,80,80,80,80,80,80,80,80,80,80,80,80,80,80,80,80,80,80,80,80,80,80,80,80,80,80,80,80,80,80,80,80,80,80,80,80,80,80,80],"card_choices":[{"not_picked":["Auto Shields","Beam Cell"],"picked":"Genetic Algorithm","floor":1},{"not_picked":["Scrape","Go for the Eyes"],"picked":"Barrage","floor":2},{"not_picked":["Sunder","Steam Power"],"picked":"Cold Snap","floor":3},{"not_picked":["FTL","Hologram"],"picked":"Doom and Gloom","floor":5},{"not_picked":["Steam Power","Tempest"],"picked":"Aggregate","floor":6},{"not_picked":["Chill","Stack"],"picked":"Heatsinks","floor":7},{"not_picked":["Turbo","Storm"],"picked":"Chaos","floor":11},{"not_picked":["Ball Lightning","Gash"],"picked":"Chaos","floor":14},{"not_picked":["Hyperbeam","Thunder Strike"],"picked":"Electrodynamics","floor":16},{"not_picked":["Gash+1","Rebound"],"picked":"Hologram+1","floor":18},{"not_picked":["Turbo","Cold Snap"],"picked":"Consume","floor":20},{"not_picked":["Auto Shields","Redo+1"],"picked":"Self Repair","floor":21},{"not_picked":["Steam","Cold Snap+1"],"picked":"Defragment+1","floor":24},{"not_picked":["Doom and Gloom","Redo"],"picked":"Coolheaded","floor":29},{"not_picked":["Reprogram","Go for the Eyes","Heatsinks"],"picked":"SKIP","floor":31},{"not_picked":["Meteor Strike","Biased Cognition"],"picked":"Creative AI","floor":33},{"not_picked":["Steam+1","Hologram"],"picked":"Capacitor","floor":35},{"not_picked":["Melter+1","Cold Snap+1","Doom and Gloom"],"picked":"SKIP","floor":36},{"not_picked":["Leap","Self Repair"],"picked":"White Noise+1","floor":37},{"not_picked":["Gash","Leap"],"picked":"Redo","floor":38},{"not_picked":["Biased Cognition","Go for the Eyes+1"],"picked":"Static Discharge","floor":40},{"not_picked":["FTL+1","Machine Learning","Hello World"],"picked":"SKIP","floor":44},{"not_picked":["Streamline+1","Fusion","Gash"],"picked":"SKIP","floor":45},{"not_picked":["Turbo","Steam"],"picked":"Conserve Battery","floor":46},{"not_picked":["Streamline+1","Meteor Strike"],"picked":"Leap","floor":48}],"player_experience":105895,"relics_obtained":[{"floor":6,"key":"StoneCalendar"},{"floor":9,"key":"Matryoshka"},{"floor":24,"key":"Lantern"},{"floor":26,"key":"PreservedInsect"},{"floor":26,"key":"War Paint"},{"floor":40,"key":"WingedGreaves"},{"floor":43,"key":"Omamori"},{"floor":43,"key":"HornCleat"},{"floor":44,"key":"Blood Vial"},{"floor":45,"key":"Bag of Preparation"}],"event_choices":[{"damage_healed":0,"gold_gain":0,"player_choice":"Donut","damage_taken":0,"max_hp_gain":5,"max_hp_loss":0,"event_name":"Big Fish","floor":4,"gold_loss":0},{"damage_healed":0,"gold_gain":54,"player_choice":"Gained Gold","damage_taken":0,"max_hp_gain":0,"max_hp_loss":0,"event_name":"Golden Wing","floor":10,"gold_loss":0},{"damage_healed":0,"gold_gain":0,"player_choice":"Inject Mutagens","damage_taken":0,"relics_obtained":["MutagenicStrength"],"max_hp_gain":0,"max_hp_loss":0,"event_name":"Drug Dealer","floor":19,"gold_loss":0},{"damage_healed":0,"gold_gain":0,"player_choice":"Read","damage_taken":0,"max_hp_gain":0,"max_hp_loss":0,"event_name":"The Library","floor":22,"gold_loss":0,"cards_obtained":["Self Repair"]}],"is_beta":false,"boss_relics":[{"not_picked":["Coffee Dripper","Philosopher\u0027s Stone"],"picked":"Ectoplasm"},{"not_picked":["SlaversCollar","Busted Crown"],"picked":"FrozenCore"}],"items_purged_floors":[12,27,27,27,39,39,39],"is_endless":false,"potions_floor_spawned":[5,6,7,11,21,31,33,35,37,40,45],"killed_by":"Awakened One","ascension_level":0}}