{"host":"6z6y4ky8uzsz1dpj","time":1607606552,"event":{"gold_per_floor":[109,116,116,95,175,174,174,174,200,200,200,190,45,73,73,156,156,207,176,216,59,95,131,131,167,167,296,369,445,608,608,608,716,716,855,555,722,221,358,425,541,541,567,567,734,776,954,1124,1124,1096],"floor_reached":51,"playtime":3516,"items_purged":["hierophant:Punish","hierophant:Strike_Hierophant"],"score":994,"play_id":"1ad93ded-fccb-4dcd-a635-9d006782d621","local_time":"20201210082232","is_ascension_mode":false,"campfire_choices":[{"data":"hierophant:Charity","floor":7,"key":"SMITH"},{"data":"hierophant:RecallFunds","floor":11,"key":"SMITH"},{"floor":15,"key":"REST"},{"data":"hierophant:Refuge","floor":32,"key":"SMITH"},{"data":"hierophant:Generosity","floor":42,"key":"SMITH"},{"data":"hierophant:Refuge","floor":44,"key":"SMITH"},{"data":"hierophant:EyeForCoin","floor":49,"key":"SMITH"}],"neow_cost":"","seed_source_timestamp":339081183692000,"circlet_count":0,"master_deck":["hierophant:Strike_Hierophant","hierophant:Strike_Hierophant","hierophant:Strike_Hierophant","hierophant:Defend_Hierophant","hierophant:Defend_Hierophant","hierophant:Defend_Hierophant","hierophant:Defend_Hierophant","hierophant:ChurchCoffers","hierophant:Charity+1","hierophant:Doubloon","hierophant:Doubloon","hierophant:Remorse","hierophant:Doubloon+1","hierophant:Doubloon+1","hierophant:Smite","hierophant:Refuge+1","hierophant:Doubloon+1","hierophant:RecallFunds+1","hierophant:MintersHammer","hierophant:Doubloon+1","hierophant:Doubloon+1","hierophant:Doubloon+1","hubris:DuctTapeCard","hierophant:Doubloon+1","hierophant:DivineIntervention","hierophant:MorningPrayer","hierophant:EyeForCoin+1","hierophant:Doubloon+1","hierophant:Doubloon+1","hierophant:OrnateBuckler","hierophant:Doubloon+1","hierophant:Smite+1","hierophant:Doubloon+1","hierophant:Doubloon","hierophant:Doubloon+1","hierophant:Doubloon","hierophant:Flagellation+1","hierophant:Doubloon+1","hierophant:Doubloon+1","hierophant:Doubloon","hierophant:Doubloon","hierophant:RecallFunds+1","hierophant:OrnateBuckler","hierophant:Doubloon","hierophant:Charity+1","hierophant:Doubloon+1","hierophant:Doubloon+1","hierophant:Cornucopia","hierophant:Doubloon","hierophant:Remorse+1","hierophant:Refuge+1","hierophant:Doubloon","hierophant:Generosity+1","hierophant:Doubloon+1","hierophant:Doubloon+1","hierophant:Doubloon+1","hierophant:RecallFunds+1","hierophant:Doubloon+1","hierophant:Doubloon+1","hierophant:PassingBell","hierophant:Doubloon+1","hierophant:Doubloon+1"],"relics":["hierophant:PropheticMaskRelic","MealTicket","hubris:Icosahedron","hubris:SlimyHat","hubris:SphereOfDissonance","Strange Spoon","hubris:DuctTape","construct:ClawGrip","Anchor","hubris:BottledRain","Gremlin Horn","Strawberry","Red Mask","Eternal Feather","Philosopher\u0027s Stone","Gremlin Food","Toxic Egg 2","Pantograph","Art of War","Toy Ornithopter"],"potions_floor_usage":[27,29,47,47],"damage_taken":[{"damage":2,"enemies":"2 Louse","floor":1,"turns":2},{"damage":6,"enemies":"Jaw Worm","floor":2,"turns":2},{"damage":0,"enemies":"Small Slimes","floor":4,"turns":2},{"damage":33,"enemies":"Gremlin Nob","floor":6,"turns":4},{"damage":26,"enemies":"Replay:BlueRogue","floor":12,"turns":5},{"damage":0,"enemies":"Lagavulin","floor":14,"turns":4},{"damage":30,"enemies":"Hexaghost","floor":16,"turns":6},{"damage":5,"enemies":"Shell Parasite","floor":18,"turns":2},{"damage":14,"enemies":"2 Thieves","floor":19,"turns":3},{"damage":20,"enemies":"Snake Plant","floor":20,"turns":4},{"damage":0,"enemies":"Shelled Parasite and Fungi","floor":22,"turns":4},{"damage":17,"enemies":"Replay:Snechameleon","floor":23,"turns":6},{"damage":0,"enemies":"Centurion and Healer","floor":25,"turns":3},{"damage":0,"enemies":"Masked Bandits","floor":27,"turns":1},{"damage":22,"enemies":"Book of Stabbing","floor":28,"turns":4},{"damage":0,"enemies":"Snecko","floor":29,"turns":4},{"damage":0,"enemies":"Snake Plant","floor":30,"turns":3},{"damage":34,"enemies":"Automaton","floor":33,"turns":7},{"damage":0,"enemies":"3 Shapes","floor":35,"turns":3},{"damage":0,"enemies":"3 Darklings","floor":37,"turns":2},{"damage":0,"enemies":"Writhing Mass","floor":39,"turns":2},{"damage":0,"enemies":"Giant Head","floor":40,"turns":4},{"damage":12,"enemies":"Spire Growth","floor":41,"turns":3},{"damage":0,"enemies":"Sphere and 2 Shapes","floor":45,"turns":2},{"damage":5,"enemies":"Transient","floor":46,"turns":5},{"damage":0,"enemies":"Reptomancer","floor":47,"turns":2},{"damage":0,"enemies":"3 Darklings","floor":48,"turns":4},{"damage":0,"enemies":"Time Eater","floor":50,"turns":5}],"seed_played":"6822696964341417248","potions_obtained":[{"floor":1,"key":"Milkshake"},{"floor":6,"key":"SteroidPotion"},{"floor":18,"key":"Fire Potion"},{"floor":25,"key":"Adrenaline Potion"},{"floor":28,"key":"SkillPotion"},{"floor":29,"key":"Dexterity Potion"},{"floor":30,"key":"DistilledChaos"},{"floor":39,"key":"SkillPotion"},{"floor":47,"key":"SkillPotion"},{"floor":48,"key":"LiquidMemories"}],"is_trial":false,"path_per_floor":["M","M","?","M","?","E","R","?","T","?","R","E","$","E","R","B",null,"M","M","M","$","M","E","?","M","T","?","E","M","M","?","R","B",null,"M","$","M","$","M","E","M","R","T","R","M","M","E","M","R","B",null],"character_chosen":"HIEROPHANT","items_purchased":["hierophant:Charity","Strange Spoon","Anchor","hierophant:Refuge","Gremlin Food","hierophant:Generosity","Toxic Egg 2"],"campfire_rested":1,"item_purchase_floors":[0,13,21,36,36,38,38],"current_hp_per_floor":[73,67,72,72,72,39,39,39,39,39,39,13,28,28,52,22,80,75,61,41,56,56,39,39,39,46,46,24,24,24,24,51,17,87,87,87,87,87,87,87,75,87,87,87,87,82,82,82,87,87],"gold":1096,"neow_bonus":"","is_prod":false,"is_daily":false,"chose_seed":false,"campfire_upgraded":6,"win_rate":0.0,"timestamp":1607606552,"path_taken":["M","M","?","M","?","E","R","?","T","?","R","E","$","E","R","BOSS","M","M","M","$","M","E","?","M","T","?","E","M","M","?","R","BOSS","M","$","?","$","M","E","M","R","T","R","M","M","E","M","R","BOSS"],"build_version":"2020-11-30","purchased_purges":2,"victory":true,"max_hp_per_floor":[75,75,80,80,80,80,80,80,80,80,80,80,80,80,80,80,80,80,80,80,80,80,80,80,80,87,87,87,87,87,87,87,87,87,87,87,87,87,87,87,87,87,87,87,87,87,87,87,87,87],"card_choices":[{"not_picked":["hierophant:ThreeLashes","hierophant:AuricBeam"],"picked":"hierophant:Remorse","floor":1},{"not_picked":["hierophant:DisplayOfPower","hierophant:RepressedViolence"],"picked":"hierophant:RecallFunds","floor":2},{"not_picked":["hierophant:Blessing","hierophant:Chorus"],"picked":"hierophant:Doubloon","floor":4},{"not_picked":["hierophant:SecretStash","hierophant:RustyCrate"],"picked":"hierophant:Smite","floor":5},{"not_picked":["hierophant:HolyVerse","hierophant:PassingBell"],"picked":"hierophant:Refuge","floor":5},{"not_picked":["hierophant:Levitation","hierophant:HammerAndAnvil"],"picked":"hierophant:RecallFunds","floor":5},{"not_picked":["hierophant:DeathKnell","hierophant:FaithHealing"],"picked":"hierophant:MintersHammer","floor":6},{"not_picked":["hierophant:Flagellation","hierophant:HolyVerse"],"picked":"hierophant:Doubloon","floor":12},{"not_picked":["hierophant:Upheaval","hierophant:HolyVerse","hierophant:FaithHealing"],"picked":"SKIP","floor":14},{"not_picked":["hierophant:Invocation","hierophant:AuricForm"],"picked":"hierophant:DivineIntervention","floor":16},{"not_picked":["hierophant:Upheaval","hierophant:TollTheBells"],"picked":"hierophant:MorningPrayer","floor":18},{"not_picked":["hierophant:HolyVerse","hierophant:AuricBeam+1"],"picked":"hierophant:EyeForCoin","floor":19},{"not_picked":["hierophant:Smite","hierophant:SealAway"],"picked":"hierophant:OrnateBuckler","floor":20},{"not_picked":["hierophant:Mercenaries+1","hierophant:Purify"],"picked":"hierophant:Smite+1","floor":22},{"not_picked":["hierophant:HammerAndAnvil","hierophant:SealAway","hierophant:Batter"],"picked":"SKIP","floor":23},{"not_picked":["hierophant:MorningPrayer","hierophant:Blessing","hierophant:Remorse"],"picked":"SKIP","floor":25},{"not_picked":["hierophant:Martyrdom","hierophant:Remorse"],"picked":"hierophant:Flagellation+1","floor":27},{"not_picked":["hierophant:Purify","hierophant:FlamingChariot","hierophant:AuricBeam"],"picked":"SKIP","floor":28},{"not_picked":["hierophant:PassingBell+1","hierophant:HolyVerse"],"picked":"hierophant:RecallFunds+1","floor":29},{"not_picked":["hierophant:PassingBell","hierophant:Doomsaying"],"picked":"hierophant:OrnateBuckler","floor":30},{"not_picked":["hierophant:DeathKnell","hierophant:MintersHammer"],"picked":"hierophant:Cornucopia","floor":33},{"not_picked":["hierophant:Mercenaries","hierophant:Prophecy"],"picked":"hierophant:Remorse+1","floor":35},{"not_picked":["hierophant:HammerAndAnvil","hierophant:OrnateBuckler","hierophant:FaithHealing"],"picked":"SKIP","floor":37},{"not_picked":["hierophant:Smite+1","hierophant:Racketeering+1","hierophant:MorningPrayer+1"],"picked":"SKIP","floor":39},{"not_picked":["hierophant:Empathy+1","hierophant:DisplayOfPower","hierophant:HammerAndAnvil+1"],"picked":"SKIP","floor":40},{"not_picked":["hierophant:RepressedViolence+1","hierophant:Racketeering+1"],"picked":"hierophant:RecallFunds+1","floor":41},{"not_picked":["hierophant:MorningPrayer+1","hierophant:ThreeLashes","hierophant:Bribe+1"],"picked":"SKIP","floor":45},{"not_picked":["hierophant:Upheaval+1","hierophant:SealAway","hierophant:Smite"],"picked":"SKIP","floor":46},{"not_picked":["hierophant:SealAway+1","hierophant:FieryStrike"],"picked":"hierophant:PassingBell","floor":47},{"not_picked":["hierophant:FieryStrike+1","hierophant:SecretStash+1"],"picked":"hierophant:Doubloon+1","floor":48}],"player_experience":159698,"relics_obtained":[{"floor":6,"key":"MealTicket"},{"floor":9,"key":"hubris:SlimyHat"},{"floor":12,"key":"hubris:SphereOfDissonance"},{"floor":14,"key":"hubris:DuctTape"},{"floor":23,"key":"hubris:BottledRain"},{"floor":26,"key":"Strawberry"},{"floor":27,"key":"Red Mask"},{"floor":28,"key":"Eternal Feather"},{"floor":40,"key":"Pantograph"},{"floor":43,"key":"Art of War"},{"floor":47,"key":"Toy Ornithopter"}],"event_choices":[{"damage_healed":0,"gold_gain":0,"player_choice":"Donut","damage_taken":0,"max_hp_gain":5,"max_hp_loss":0,"event_name":"Big Fish","floor":3,"gold_loss":0},{"damage_healed":0,"gold_gain":0,"player_choice":"Fought Bandits","damage_taken":0,"max_hp_gain":0,"max_hp_loss":0,"event_name":"Masked Bandits","floor":27,"gold_loss":0},{"damage_healed":0,"gold_gain":0,"player_choice":"Copied","damage_taken":0,"max_hp_gain":0,"max_hp_loss":0,"event_name":"Duplicator","floor":31,"gold_loss":0,"cards_obtained":["hierophant:Charity"]}],"is_beta":false,"boss_relics":[{"not_picked":["Snecko Eye","Pandora\u0027s Box"],"picked":"construct:ClawGrip"},{"not_picked":["Cursed Key","Replay:Grab Bag"],"picked":"Philosopher\u0027s Stone"}],"items_purged_floors":[36,38],"is_endless":false,"potions_floor_spawned":[1,6,18,20,25,28,29,30,35,39,41,47,48],"ascension_level":0}}