{"host":"f14d6hm2349s9jse","time":1607564964,"event":{"gold_per_floor":[109,122,140,155,155,155,187,205,257,269,282,308,308,332,332,441,441,461,560,560,7,25,54,54,386,413,78,78,98,122,122,122,229,229,256,282,282,282,282,318,318,357,357,61,61,74,111,111,111],"floor_reached":48,"playtime":3969,"items_purged":[],"score":539,"play_id":"01373881-3fe2-47ef-b59c-d9fbf832cc88","local_time":"20201209204924","is_ascension_mode":false,"campfire_choices":[{"data":"hermit:Shortfuse","floor":6.0,"key":"SMITH"},{"floor":13.0,"key":"REST"},{"data":"hermit:Magnum","floor":15.0,"key":"SMITH"},{"floor":24.0,"key":"REST"},{"floor":28.0,"key":"REST"},{"floor":32,"key":"REST"},{"floor":41,"key":"REST"}],"neow_cost":"NONE","seed_source_timestamp":0,"circlet_count":0,"master_deck":["hermit:Strike_Hermit","hermit:Strike_Hermit","hermit:Strike_Hermit","hermit:Strike_Hermit","hermit:Defend_Hermit","hermit:Defend_Hermit","hermit:Defend_Hermit","hermit:Defend_Hermit","hermit:Snapshot","hermit:Covet","hermit:Shortfuse+1","hermit:Scavenge","hermit:RoundhouseKick","hermit:Magnum+1","hermit:Grudge","hermit:Grudge","hermit:Vantage","hermit:Reprieve","hermit:Vantage","hermit:Brawl","Apotheosis","hermit:BigShot","hermit:Dissolve","hermit:Maintenance","hermit:Gestalt","hermit:TakeAim","hermit:Grudge","hermit:Midnight","hermit:FatalDesire","hermit:DeadOrAlive","hermit:FlashPowder+1","Dark Shackles"],"special_seed":0,"relics":["hermit:ClaspedLocket","NeowsBlessing","Juzu Bracelet","Bag of Preparation","Mummified Hand","Vajra","Bronze Scales","Old Coin","MealTicket","Fusion Hammer","Blood Vial","Ornamental Fan","Torii"],"potions_floor_usage":[33,40],"damage_taken":[{"damage":0.0,"enemies":"Cultist","floor":1.0,"turns":1.0},{"damage":0.0,"enemies":"Small Slimes","floor":2.0,"turns":1.0},{"damage":0.0,"enemies":"Jaw Worm","floor":3.0,"turns":1.0},{"damage":9.0,"enemies":"Exordium Thugs","floor":4.0,"turns":6.0},{"damage":13.0,"enemies":"3 Sentries","floor":7.0,"turns":6.0},{"damage":9.0,"enemies":"2 Fungi Beasts","floor":8.0,"turns":4.0},{"damage":0.0,"enemies":"3 Louse","floor":10.0,"turns":1.0},{"damage":12.0,"enemies":"Large Slime","floor":11.0,"turns":4.0},{"damage":1.0,"enemies":"Gremlin Nob","floor":12.0,"turns":3.0},{"damage":0.0,"enemies":"Exordium Wildlife","floor":14.0,"turns":3.0},{"damage":50.0,"enemies":"Hexaghost","floor":16.0,"turns":12.0},{"damage":0.0,"enemies":"Chosen","floor":18.0,"turns":5.0},{"damage":9.0,"enemies":"Shell Parasite","floor":22.0,"turns":7.0},{"damage":54.0,"enemies":"Slavers","floor":23.0,"turns":8.0},{"damage":10.0,"enemies":"Gremlin Leader","floor":25.0,"turns":9.0},{"damage":9,"enemies":"Shelled Parasite and Fungi","floor":29,"turns":7},{"damage":7,"enemies":"Snecko","floor":30,"turns":6},{"damage":31,"enemies":"Collector","floor":33,"turns":10},{"damage":45,"enemies":"3 Darklings","floor":35,"turns":8},{"damage":5,"enemies":"3 Shapes","floor":36,"turns":4},{"damage":63,"enemies":"Nemesis","floor":40,"turns":11},{"damage":71,"enemies":"Spire Growth","floor":42,"turns":10},{"damage":11,"enemies":"Jaw Worm Horde","floor":46,"turns":3},{"damage":3,"enemies":"3 Darklings","floor":47,"turns":5},{"damage":26,"enemies":"Sphere and 2 Shapes","floor":48,"turns":4}],"seed_played":"-6067878197057018471","potions_obtained":[{"floor":7.0,"key":"Strength Potion"},{"floor":8.0,"key":"Dexterity Potion"},{"floor":11.0,"key":"BlessingOfTheForge"},{"floor":14.0,"key":"PowerPotion"},{"floor":16.0,"key":"SkillPotion"},{"floor":18.0,"key":"Block Potion"},{"floor":22.0,"key":"EssenceOfSteel"},{"floor":29,"key":"Energy Potion"},{"floor":35,"key":"FairyPotion"},{"floor":36,"key":"Block Potion"}],"is_trial":false,"path_per_floor":["M","M","M","M","?","R","E","M","T","M","M","E","R","M","R","B",null,"M","?","?","$","M","E","R","E","T","$","R","M","M","?","R","B",null,"M","M","?","?","?","E","R","M","T","$","?","M","M","M"],"character_chosen":"HERMIT","items_purchased":["Vajra","Apotheosis","hermit:BigShot","hermit:Dissolve","MealTicket","hermit:TakeAim","hermit:Grudge","hermit:Midnight","Torii"],"campfire_rested":5,"item_purchase_floors":[21,21,21,21,27,27,27,27,44],"current_hp_per_floor":[75,75,75,66,66,66,53,44,44,44,32,31,53,53,53,3,75,75,75,75,75,66,13,35,26,26,26,48,39,32,32,54,28,75,30,25,25,25,66,31,50,12,12,27,27,18,17,0,0],"gold":111,"neow_bonus":"THREE_ENEMY_KILL","is_prod":false,"is_daily":false,"chose_seed":false,"campfire_upgraded":2,"win_rate":0.0,"timestamp":1607564964,"path_taken":["M","M","M","?","?","R","E","M","T","M","M","E","R","M","R","BOSS","M","?","?","$","M","E","R","E","T","?","R","M","M","?","R","BOSS","M","M","?","?","?","E","R","M","T","$","?","M","M","M"],"build_version":"2020-11-30","purchased_purges":0,"victory":false,"max_hp_per_floor":[75,75,75,75,75,75,75,75,75,75,75,75,75,75,75,75,75,75,75,75,75,75,75,75,75,75,75,75,75,75,75,75,75,75,75,75,75,75,66,66,66,66,66,66,66,66,66,66,66],"card_choices":[{"not_picked":["hermit:Headshot","hermit:BodyArmor"],"picked":"hermit:Shortfuse","floor":1.0},{"not_picked":["hermit:Headshot","hermit:Snipe","hermit:Cheat"],"picked":"SKIP","floor":2.0},{"not_picked":["hermit:TakeCover","hermit:LowProfile"],"picked":"hermit:Scavenge","floor":3.0},{"not_picked":["hermit:Coalescence","hermit:Misfire"],"picked":"hermit:RoundhouseKick","floor":4.0},{"not_picked":["hermit:SprayPray","hermit:Snipe"],"picked":"hermit:Magnum","floor":7.0},{"not_picked":["hermit:Desperado","hermit:GhostlyPresence"],"picked":"hermit:Grudge","floor":8.0},{"not_picked":["hermit:BodyArmor","hermit:HoleUp"],"picked":"hermit:Grudge","floor":10.0},{"not_picked":["hermit:BodyArmor","hermit:Cheat"],"picked":"hermit:Vantage","floor":11.0},{"not_picked":["hermit:HoleUp","hermit:CalledShot","hermit:Headshot"],"picked":"SKIP","floor":12.0},{"not_picked":["hermit:Misfire","hermit:WideOpen","hermit:Snipe"],"picked":"SKIP","floor":14.0},{"not_picked":["hermit:FromBeyond","hermit:Dissolve"],"picked":"hermit:Reprieve","floor":16.0},{"not_picked":["hermit:SprayPray+1","hermit:HoleUp"],"picked":"hermit:Vantage","floor":18.0},{"not_picked":["hermit:CalledShot","hermit:WideOpen"],"picked":"hermit:Maintenance","floor":22.0},{"not_picked":["hermit:CalledShot","hermit:EyeOfTheStorm"],"picked":"hermit:Gestalt","floor":23.0},{"not_picked":["hermit:Spite","hermit:Manifest+1"],"picked":"hermit:RoundhouseKick","floor":25.0},{"not_picked":["hermit:Misfire+1","hermit:Coalescence+1","hermit:Quickdraw"],"picked":"SKIP","floor":29},{"not_picked":["hermit:Vantage+1","hermit:CursedWeapon"],"picked":"hermit:FatalDesire","floor":30},{"not_picked":["hermit:OverwhelmingPower","hermit:Dissolve"],"picked":"hermit:DeadOrAlive","floor":33},{"not_picked":["hermit:Snipe","hermit:Misfire","hermit:LowProfile+1"],"picked":"SKIP","floor":35},{"not_picked":["hermit:TakeCover+1","hermit:WideOpen","hermit:SprayPray"],"picked":"SKIP","floor":36},{"not_picked":["hermit:BodyArmor+1","hermit:Roulette+1","hermit:Headshot+1"],"picked":"SKIP","floor":40},{"not_picked":["hermit:OverwhelmingPower","hermit:Headshot+1"],"picked":"hermit:FlashPowder+1","floor":42},{"not_picked":["Forethought","Violence"],"picked":"Dark Shackles","floor":45},{"not_picked":["hermit:Snipe","hermit:Roulette","hermit:Manifest+1"],"picked":"SKIP","floor":46},{"not_picked":["hermit:Roulette+1","hermit:Ricochet","hermit:BodyArmor"],"picked":"SKIP","floor":47}],"player_experience":2463875,"relics_obtained":[{"floor":7.0,"key":"Juzu Bracelet"},{"floor":9.0,"key":"Bag of Preparation"},{"floor":12.0,"key":"Mummified Hand"},{"floor":23.0,"key":"Bronze Scales"},{"floor":25.0,"key":"Old Coin"},{"floor":40,"key":"Blood Vial"},{"floor":43,"key":"Ornamental Fan"}],"event_choices":[{"damage_healed":0.0,"max_hp_gain":0.0,"max_hp_loss":0.0,"gold_gain":0.0,"event_name":"NoteForYourself","player_choice":"Ignored","floor":5.0,"gold_loss":0.0,"damage_taken":0.0},{"damage_healed":0.0,"max_hp_gain":0.0,"max_hp_loss":0.0,"gold_gain":99.0,"event_name":"Nest","player_choice":"Stole From Cult","floor":19.0,"gold_loss":0.0,"damage_taken":0.0},{"damage_healed":0.0,"max_hp_gain":0.0,"max_hp_loss":0.0,"gold_gain":0.0,"event_name":"The Library","player_choice":"Read","floor":20.0,"gold_loss":0.0,"damage_taken":0.0,"cards_obtained":["hermit:Brawl"]},{"damage_healed":0,"gold_gain":0,"player_choice":"Ignored","damage_taken":0,"max_hp_gain":0,"max_hp_loss":0,"event_name":"Beggar","floor":31,"gold_loss":0},{"damage_healed":0,"gold_gain":0,"player_choice":"Ignored","damage_taken":0,"max_hp_gain":0,"max_hp_loss":0,"event_name":"Tomb of Lord Red Mask","floor":37,"gold_loss":0},{"cards_removed":["hermit:RoundhouseKick"],"damage_healed":0,"gold_gain":0,"player_choice":"Removed Attack","damage_taken":0,"max_hp_gain":0,"max_hp_loss":0,"event_name":"Falling","floor":38,"gold_loss":0},{"damage_healed":66,"gold_gain":0,"player_choice":"Heal","damage_taken":0,"max_hp_gain":0,"max_hp_loss":9,"event_name":"The Moai Head","floor":39,"gold_loss":0},{"damage_healed":0,"gold_gain":0,"player_choice":"Memory 1","damage_taken":0,"max_hp_gain":0,"max_hp_loss":0,"event_name":"SensoryStone","floor":45,"gold_loss":0}],"is_beta":false,"boss_relics":[{"not_picked":["Runic Dome","Velvet Choker"],"picked":"hermit:ClaspedLocket"},{"not_picked":["Pandora\u0027s Box","Runic Pyramid"],"picked":"Fusion Hammer"}],"items_purged_floors":[],"is_endless":false,"potions_floor_spawned":[7,8,11,14,16,18,22,29,35,36],"killed_by":"Sphere and 2 Shapes","ascension_level":0}}