{"host":"s6mlqkqtr3ey2mm2","time":1607639366,"event":{"mods":["BaseMod","StSLib","2.2 Compatiblity","AchievementEnabler","GifTheSpireLib","BetterRewards","Colored Map","Hubris","Quick Restart","Replay The Spire","Colored Powertips","Conspire","Minty Spire (QoL Compilation)","Aspiration","Downfall","Halation","Hermit","Shade Mod","The Poker Player","Beaked The Cultist","The Construct","Better Note","Ironclad Rager","The IronCluck","The Necromancer","The Cursed","Infinite Spire","Energized Spire","Marked Mod","Spicy Shops","Stuff the Spire","The Blue Laboratory","The Runesmith","vexMod","The Servant 0.9.4","The Valiant","Somnambulant"],"gold_per_floor":[99,115,150,68,84,84,107,107,32,61,61,36,54,72,87,183,183,108,108,108,108,124,124,124],"floor_reached":23,"playtime":4097,"items_purged":[],"score":222,"play_id":"440c482a-2937-4032-a2ff-c16124f916c2","local_time":"20201210172926","is_ascension_mode":false,"campfire_choices":[{"floor":1,"key":"RECALL"},{"data":"sneckomod:WideSting","floor":9,"key":"SMITH"},{"data":"sneckomod:MorePower","floor":18,"key":"SMITH"},{"data":"sneckomod:SerpentIdol","floor":20,"key":"SMITH"}],"circlet_count":0,"master_deck":["sneckomod:Strike","sneckomod:Strike","sneckomod:Strike","sneckomod:Defend","sneckomod:Defend","sneckomod:Defend","sneckomod:TailWhip","sneckomod:SnekBite","sneckomod:Unknown","sneckomod:Unknown","sneckomod:SlitherStrike","sneckomod:WideSting+1","sneckomod:Unknown0Cost","sneckomod:UnknownClassSILVER","sneckomod:SerpentIdol+1","sneckomod:UnknownClassBLESSING","sneckomod:UnknownWeak","sneckomod:MorePower+1","sneckomod:UnknownClassHEXA_GHOST_PURPLE","sneckomod:UnknownCommonAttack+1","sneckomod:UnknownStrike"],"relics":["sneckomod:SneckoSoul","Pantograph","Bird Faced Urn","infinitespire:Beetle Shell","downfall:HeartBlessingBlue","hubris:TenFootPole","aspiration:MobileForge","downfall:HeartBlessingRed"],"acts_visited":["Exordium","TheCity"],"potions_floor_usage":[16,16],"damage_taken":[{"damage":5,"enemies":"Cultist","floor":2,"turns":4},{"damage":27,"enemies":"Gremlin Nob","floor":3,"turns":5},{"damage":0,"enemies":"downfall:FleeingMerchant","floor":4,"turns":4},{"damage":0,"enemies":"Small Slimes","floor":5,"turns":2},{"damage":18,"enemies":"Replay:BlueRogue","floor":10,"turns":6},{"damage":6,"enemies":"conspire:RoseBush","floor":13,"turns":3},{"damage":1,"enemies":"2 Fungi Beasts","floor":14,"turns":3},{"damage":18,"enemies":"conspire:2 RoseBushes","floor":15,"turns":4},{"damage":47,"enemies":"downfall:CharBossIronclad","floor":16,"turns":11},{"damage":0,"enemies":"Chosen","floor":19,"turns":1},{"damage":0,"enemies":"conspire:FuzzyDice","floor":22,"turns":5},{"damage":105,"enemies":"Gremlin Leader","floor":23,"turns":7}],"seed_played":"-5445030503736988428","potions_obtained":[{"floor":3,"key":"Swift Potion"},{"floor":10,"key":"SmokeBomb"},{"floor":15,"key":"Fire Potion"},{"floor":16,"key":"blueLaboratory:BottleOfVodka"},{"floor":22,"key":"Dexterity Potion"}],"is_trial":false,"path_per_floor":["R","M","E","$","M","T","T","?","R","E","?","?","M","M","M","B",null,"R","M","R","?","M","E"],"character_chosen":"THE_SNECKO","items_purchased":["Bird Faced Urn"],"campfire_rested":0,"item_purchase_floors":[4],"current_hp_per_floor":[99,94,67,67,68,68,68,68,78,61,72,72,68,68,53,35,113,113,114,114,114,116,13,13],"gold":124,"neow_bonus":"TEN_PERCENT_HP_BONUS","is_daily":false,"chose_seed":false,"campfire_upgraded":3,"win_rate":0.0,"timestamp":1607639366,"path_taken":["R","M","E","$","?","?","T","?","R","E","?","?","?","M","M","BOSS","R","M","R","?","?","E"],"build_version":"2020-11-30","purchased_purges":0,"victory":false,"max_hp_per_floor":[99,99,99,99,100,100,100,100,110,111,111,111,111,112,113,113,113,113,114,114,114,116,116,116],"card_choices":[{"not_picked":["sneckomod:UnknownClassGREEN","sneckomod:UnknownClassRED"],"picked":"sneckomod:SlitherStrike","floor":2},{"not_picked":["sneckomod:SoulRoll","sneckomod:RainOfDice"],"picked":"sneckomod:WideSting","floor":3},{"not_picked":["sneckomod:UnknownClassSLIMEBOUND","sneckomod:UnknownEthereal"],"picked":"sneckomod:Unknown0Cost","floor":5},{"not_picked":["sneckomod:QuickMove","sneckomod:SlitherStrike"],"picked":"sneckomod:UnknownClassSILVER","floor":10},{"not_picked":["sneckomod:UnknownClassRED","sneckomod:IronFang"],"picked":"sneckomod:SerpentIdol","floor":13},{"not_picked":["sneckomod:QuickMove","sneckomod:WideSting"],"picked":"sneckomod:UnknownClassBLESSING","floor":14},{"not_picked":["sneckomod:QuickBite","sneckomod:DiceBlock"],"picked":"sneckomod:UnknownWeak","floor":15},{"not_picked":["sneckomod:Unknown3Cost","sneckomod:Restock"],"picked":"sneckomod:MorePower","floor":16},{"not_picked":["sneckomod:UnknownVulnerable","sneckomod:UnknownStrike"],"picked":"sneckomod:UnknownClassHEXA_GHOST_PURPLE","floor":19},{"not_picked":["sneckomod:Unknown1Cost+1","sneckomod:UnknownClassHEXA_GHOST_PURPLE+1"],"picked":"sneckomod:UnknownCommonAttack+1","floor":22},{"not_picked":["sneckomod:RainOfDice","sneckomod:WideSting"],"picked":"sneckomod:UnknownStrike","floor":22}],"player_experience":30029,"relics_obtained":[{"floor":3,"key":"Pantograph"},{"floor":7,"key":"infinitespire:Beetle Shell"},{"floor":10,"key":"hubris:TenFootPole"}],"event_choices":[{"damage_healed":0,"gold_gain":0,"player_choice":"Ignored","damage_taken":0,"max_hp_gain":0,"max_hp_loss":0,"event_name":"betterNote:BetterNote","floor":21,"gold_loss":0,"cards_obtained":["conspire:DoublingDagger"]}],"is_beta":false,"boss_relics":[{"not_picked":["aspiration:DefectSkillbook","energizedSpire:CursedPentagram"],"picked":"aspiration:MobileForge"}],"items_purged_floors":[],"is_endless":false,"potions_floor_spawned":[3,10,15,16,22],"killed_by":"Gremlin Leader","ascension_level":0}}