{"host":"qm4rv4rkpk76sbxu","time":1607623651,"event":{"mods":["BaseMod","Bestiary","Block Reminder","Keyboard Shortcuts","Minty Spire (QoL Compilation)","MonsterHotkey","Quick Restart","Relic Stats","Slay-I","StSLib","ojb\u0027s Better Paths Mod","DeckTracker","Filter the Spire","Potion Indicator Mod","Random Character Button"],"gold_per_floor":[112,112,112,37,55,91,166,166,193,231,11,24,24,40,40,129,129,150,150,171,190,115,146,146,146,146],"floor_reached":25,"playtime":1249,"items_purged":["Strike_G"],"score":508,"play_id":"6c144594-9827-4772-809c-532c5f60f271","local_time":"20201210190731","is_ascension_mode":true,"campfire_choices":[{"data":"Dash","floor":8.0,"key":"SMITH"},{"data":"Well Laid Plans","floor":15.0,"key":"SMITH"}],"circlet_count":0,"master_deck":["AscendersBane","Strike_G","Strike_G","Strike_G","Strike_G","Defend_G","Defend_G","Defend_G","Defend_G","Defend_G","Survivor","Choke","All Out Attack","Dash+1","Cloak And Dagger","Well Laid Plans+1","Cloak And Dagger","Poisoned Stab","Corpse Explosion","Dash","Masterful Stab","Good Instincts"],"special_seed":0,"relics":["Ring of the Snake","NeowsBlessing","Nunchaku","Golden Idol","Calipers","Vajra","Anchor","Snecko Eye","Paper Crane"],"acts_visited":["Exordium","TheCity"],"potions_floor_usage":[25,25],"damage_taken":[{"damage":0.0,"enemies":"Small Slimes","floor":1.0,"turns":1.0},{"damage":0.0,"enemies":"2 Louse","floor":5.0,"turns":1.0},{"damage":0.0,"enemies":"Gremlin Nob","floor":6.0,"turns":1.0},{"damage":15.0,"enemies":"3 Sentries","floor":10.0,"turns":7.0},{"damage":1.0,"enemies":"Jaw Worm","floor":12.0,"turns":4.0},{"damage":0.0,"enemies":"2 Fungi Beasts","floor":14.0,"turns":2.0},{"damage":20.0,"enemies":"The Guardian","floor":16.0,"turns":12.0},{"damage":10.0,"enemies":"Spheric Guardian","floor":18.0,"turns":6.0},{"damage":0.0,"enemies":"2 Thieves","floor":20.0,"turns":4.0},{"damage":0.0,"enemies":"3 Cultists","floor":21.0,"turns":3.0},{"damage":10.0,"enemies":"Gremlin Leader","floor":23.0,"turns":4.0},{"damage":62,"enemies":"Book of Stabbing","floor":25,"turns":5}],"seed_played":"-4996568925883908431","potions_obtained":[{"floor":5.0,"key":"Energy Potion"},{"floor":10.0,"key":"SneckoOil"},{"floor":16.0,"key":"Strength Potion"},{"floor":19.0,"key":"Regen Potion"},{"floor":19.0,"key":"Regen Potion"},{"floor":20.0,"key":"CunningPotion"},{"floor":23.0,"key":"Fruit Juice"}],"is_trial":false,"path_per_floor":["M","?","?","?","M","E","?","R","T","E","$","M","?","M","R","B",null,"M","?","M","M","$","E","?","E"],"character_chosen":"THE_SILENT","items_purchased":["Trip","Well Laid Plans","Cloak And Dagger"],"campfire_rested":0,"item_purchase_floors":[11,11,11],"current_hp_per_floor":[59,59,59,59,59,59,48,48,48,33,33,32,32,32,32,12,48,38,38,50,50,50,40,40,0,0],"gold":146,"neow_bonus":"THREE_ENEMY_KILL","is_daily":false,"chose_seed":false,"campfire_upgraded":2,"win_rate":0,"timestamp":1607623651,"path_taken":["M","?","?","?","M","E","?","R","T","E","?","M","?","?","R","BOSS","M","?","M","M","?","E","?","E"],"build_version":"2020-11-30","purchased_purges":1,"victory":false,"max_hp_per_floor":[66,66,60,60,60,60,60,60,60,60,60,60,60,60,60,60,60,60,60,60,60,60,60,60,65,65],"relic_stats":{"Nunchaku":[11],"counters":[12,50],"Golden Idol":61,"Snecko Eye":[41,41,36,39],"obtain_stats":[{"Nunchaku":2,"Anchor":10,"Calipers":6,"NeowsBlessing":0,"Golden Idol":3,"Vajra":9,"Snecko Eye":17,"Paper Crane":23,"Ring of the Snake":0},{"Nunchaku":1,"Anchor":4,"Calipers":3,"NeowsBlessing":0,"Golden Idol":1,"Vajra":3,"Snecko Eye":7,"Paper Crane":11,"Ring of the Snake":0},{"Nunchaku":1,"Anchor":10,"Calipers":3,"NeowsBlessing":0,"Golden Idol":1,"Vajra":3,"Snecko Eye":28,"Paper Crane":45,"Ring of the Snake":0}],"Ring of the Snake":[24]},"card_choices":[{"not_picked":["Cloak And Dagger","Acrobatics"],"picked":"Choke","floor":1.0},{"not_picked":["PiercingWail","Bane"],"picked":"All Out Attack","floor":5.0},{"not_picked":["Outmaneuver","Acrobatics"],"picked":"Dash","floor":6.0},{"not_picked":["Setup","Deadly Poison"],"picked":"Cloak And Dagger","floor":10.0},{"not_picked":["Bouncing Flask","Prepared","Sucker Punch"],"picked":"SKIP","floor":12.0},{"not_picked":["Sucker Punch","Acrobatics"],"picked":"Poisoned Stab","floor":14.0},{"not_picked":["Envenom","Storm of Steel"],"picked":"Corpse Explosion","floor":16.0},{"not_picked":["PiercingWail","Flying Knee","Deadly Poison"],"picked":"SKIP","floor":18.0},{"not_picked":["Terror","Blade Dance","Underhanded Strike"],"picked":"SKIP","floor":20.0},{"not_picked":["Catalyst","Finisher","Sucker Punch"],"picked":"SKIP","floor":21.0},{"not_picked":["Bane","Endless Agony"],"picked":"Dash","floor":23.0}],"player_experience":1028922,"relics_obtained":[{"floor":6.0,"key":"Calipers"},{"floor":9.0,"key":"Vajra"},{"floor":10.0,"key":"Anchor"},{"floor":23.0,"key":"Paper Crane"}],"event_choices":[{"damage_healed":0.0,"max_hp_gain":0.0,"max_hp_loss":0.0,"gold_gain":0.0,"event_name":"Big Fish","player_choice":"Box","floor":2.0,"gold_loss":0.0,"damage_taken":0.0,"relics_obtained":["Nunchaku"],"cards_obtained":["Regret"]},{"damage_healed":0.0,"max_hp_gain":0.0,"max_hp_loss":6.0,"gold_gain":0.0,"event_name":"Golden Idol","player_choice":"Lose Max HP","floor":3.0,"gold_loss":0.0,"damage_taken":0.0,"relics_obtained":["Golden Idol"]},{"cards_removed":["Regret"],"damage_healed":0.0,"max_hp_gain":0.0,"max_hp_loss":0.0,"gold_gain":0.0,"event_name":"The Cleric","player_choice":"Card Removal","floor":4.0,"gold_loss":75.0,"damage_taken":0.0},{"damage_healed":0.0,"max_hp_gain":0.0,"max_hp_loss":0.0,"gold_gain":75.0,"event_name":"World of Goop","player_choice":"Gather Gold","floor":7.0,"gold_loss":0.0,"damage_taken":11.0},{"damage_healed":0.0,"max_hp_gain":0.0,"max_hp_loss":0.0,"gold_gain":0.0,"event_name":"Match and Keep!","player_choice":"0 cards matched","floor":13.0,"gold_loss":0.0,"damage_taken":0.0,"cards_obtained":[]},{"damage_healed":0.0,"max_hp_gain":0.0,"max_hp_loss":0.0,"gold_gain":0.0,"event_name":"Lab","player_choice":"Got Potions","floor":19.0,"gold_loss":0.0,"damage_taken":0.0},{"damage_healed":0.0,"max_hp_gain":0.0,"max_hp_loss":0.0,"gold_gain":0.0,"cards_transformed":["Neutralize","Trip"],"event_name":"Drug Dealer","player_choice":"Became Test Subject","floor":24.0,"gold_loss":0.0,"damage_taken":0.0,"cards_obtained":["Masterful Stab","Good Instincts"]}],"is_beta":false,"boss_relics":[{"not_picked":["Astrolabe","Velvet Choker"],"picked":"Snecko Eye"}],"items_purged_floors":[22],"is_endless":false,"potions_floor_spawned":[5,10,16,20,23],"killed_by":"Book of Stabbing","ascension_level":20}}