{"host":"6ko66ogg91i6g7xq","time":1607634059,"event":{"mods":["BaseMod","StSLib","Downfall","Hermit","Minty Spire (QoL Compilation)","Relic Stats","AchievementEnabler","Colored Powertips","The Jungle","Quick Restart","Act Like it!","everything is the same but u backflip on backflip","Colored Map"],"gold_per_floor":[117,117,36,36,36,69,69,100,100,132,145,174,174,188,188,287,287,307,307,307,322,322,350,350,350,350],"floor_reached":25,"playtime":534,"items_purged":[],"score":325,"play_id":"9f74acfa-38bf-4653-bd3f-e967cb005a46","local_time":"20201210160059","is_ascension_mode":true,"campfire_choices":[{"floor":7,"key":"RECALL"},{"data":"Deadly Poison","floor":13,"key":"SMITH"},{"floor":15,"key":"REST"},{"floor":24,"key":"REST"}],"circlet_count":0,"master_deck":["Strike_G+1","Strike_G","Strike_G","Strike_G","Strike_G","Defend_G","Defend_G","Defend_G","Defend_G+1","Defend_G","Survivor","Neutralize","Noxious Fumes+1","Deadly Poison+1","Sucker Punch","Deadly Poison","Burst","Heel Hook","sneckomod:Bewildered","Deadly Poison+1","Sucker Punch"],"relics":["Ring of the Serpent","NeowsBlessing","Meat on the Bone","InkBottle","Akabeko","Bottled Tornado","Torii","sneckomod:BabySnecko","Nunchaku"],"acts_visited":["Exordium","TheCity"],"potions_floor_usage":[12,12,12,16,18,18],"damage_taken":[{"damage":0,"enemies":"Small Slimes","floor":1,"turns":1},{"damage":0,"enemies":"Lagavulin","floor":6,"turns":1},{"damage":0,"enemies":"3 Sentries","floor":8,"turns":1},{"damage":22,"enemies":"Gremlin Nob","floor":10,"turns":5},{"damage":0,"enemies":"Jaw Worm","floor":11,"turns":4},{"damage":15,"enemies":"Lagavulin","floor":12,"turns":4},{"damage":0,"enemies":"2 Louse","floor":14,"turns":2},{"damage":22,"enemies":"The Guardian","floor":16,"turns":8},{"damage":0,"enemies":"Spheric Guardian","floor":18,"turns":3},{"damage":12,"enemies":"3 Byrds","floor":21,"turns":4},{"damage":4,"enemies":"Book of Stabbing","floor":23,"turns":5},{"damage":0,"enemies":"Slavers","floor":25,"turns":1}],"seed_played":"7424295003920043189","potions_obtained":[{"floor":8,"key":"Strength Potion"},{"floor":11,"key":"EntropicBrew"},{"floor":14,"key":"CunningPotion"}],"is_trial":false,"path_per_floor":["M","?","$","?","$","E","R","E","T","E","M","E","R","M","R","B",null,"M","?","?","M","?","E","R","E"],"character_chosen":"THE_SILENT","items_purchased":["Noxious Fumes"],"campfire_rested":2,"item_purchase_floors":[3],"current_hp_per_floor":[70,56,56,56,56,56,56,56,56,46,46,43,43,43,64,42,70,70,70,70,58,45,41,63,63,63],"gold":350,"neow_bonus":"THREE_ENEMY_KILL","is_daily":false,"chose_seed":false,"campfire_upgraded":1,"win_rate":0.0,"timestamp":1607634059,"path_taken":["M","?","$","?","$","E","R","E","T","E","M","E","R","M","R","BOSS","M","?","?","M","?","E","R","E"],"build_version":"2020-11-30","purchased_purges":0,"victory":false,"max_hp_per_floor":[70,70,70,70,70,70,70,70,70,70,70,70,70,70,70,70,70,70,70,70,70,75,75,75,75,75],"relic_stats":{"Nunchaku":[0],"Torii":18,"counters":[12,39],"obtain_stats":[{"sneckomod:BabySnecko":19,"Nunchaku":23,"NeowsBlessing":0,"Torii":12,"Bottled Tornado":10,"InkBottle":8,"Akabeko":9,"Ring of the Serpent":17,"Ring of the Snake":0,"Meat on the Bone":6},{"sneckomod:BabySnecko":9,"Nunchaku":11,"NeowsBlessing":0,"Torii":6,"Bottled Tornado":4,"InkBottle":3,"Akabeko":3,"Ring of the Serpent":8,"Ring of the Snake":0,"Meat on the Bone":2},{"sneckomod:BabySnecko":29,"Nunchaku":38,"NeowsBlessing":0,"Torii":16,"Bottled Tornado":8,"InkBottle":3,"Akabeko":3,"Ring of the Serpent":26,"Ring of the Snake":0,"Meat on the Bone":2}],"InkBottle":[10],"Meat on the Bone":24},"card_choices":[{"not_picked":["Underhanded Strike","Outmaneuver","Acrobatics"],"picked":"SKIP","floor":1},{"not_picked":["A Thousand Cuts","Masterful Stab","Accuracy"],"picked":"SKIP","floor":6},{"not_picked":["Prepared","Reflex","Choke"],"picked":"SKIP","floor":8},{"not_picked":["Prepared","Finisher","Flying Knee"],"picked":"SKIP","floor":10},{"not_picked":["Caltrops","Flying Knee"],"picked":"Deadly Poison","floor":11},{"not_picked":["Quick Slash","Night Terror"],"picked":"Sucker Punch","floor":12},{"not_picked":["Slice","Dagger Throw"],"picked":"Deadly Poison","floor":14},{"not_picked":["Phantasmal Killer","Envenom"],"picked":"Burst","floor":16},{"not_picked":["All Out Attack+1","Dash"],"picked":"Heel Hook","floor":18},{"not_picked":["Cloak And Dagger+1","Slice"],"picked":"Deadly Poison+1","floor":21},{"not_picked":["Setup","Wraith Form v2"],"picked":"Sucker Punch","floor":23}],"player_experience":256023,"relics_obtained":[{"floor":6,"key":"Meat on the Bone"},{"floor":8,"key":"InkBottle"},{"floor":9,"key":"Akabeko"},{"floor":10,"key":"Bottled Tornado"},{"floor":12,"key":"Torii"},{"floor":23,"key":"Nunchaku"}],"event_choices":[{"damage_healed":0,"gold_gain":0,"player_choice":"Entered Light","damage_taken":14,"max_hp_gain":0,"max_hp_loss":0,"event_name":"Shining Light","floor":2,"gold_loss":0,"cards_upgraded":["Strike_G","Defend_G"]},{"damage_healed":0,"gold_gain":0,"player_choice":"Grow","damage_taken":0,"max_hp_gain":0,"max_hp_loss":0,"event_name":"Living Wall","floor":4,"gold_loss":0,"cards_upgraded":["Noxious Fumes"]},{"damage_healed":0,"gold_gain":0,"player_choice":"Ignored","damage_taken":0,"max_hp_gain":0,"max_hp_loss":0,"event_name":"Ghosts","floor":20,"gold_loss":0},{"damage_healed":0,"gold_gain":0,"player_choice":"Shed Blood","damage_taken":18,"max_hp_gain":5,"max_hp_loss":0,"event_name":"Forgotten Altar","floor":22,"gold_loss":0}],"is_beta":false,"boss_relics":[{"not_picked":["Empty Cage","HoveringKite"],"picked":"Ring of the Serpent"}],"items_purged_floors":[],"is_endless":false,"potions_floor_spawned":[8,11,14],"killed_by":"Slavers","ascension_level":2}}