{"host":"nptej036rrbiurf5","time":1607567591,"event":{"gold_per_floor":[116,41,53,68,68,68,87,87,87,104,104,104,104,116,116,188,188,198,215,234,234,16,42,56,56,106,106,138,165,65,93,93,171,221,236,255,255,272,272,300,42,42,67,84,84,84,114,131,131,131,131],"floor_reached":52,"playtime":2206,"items_purged":["Strike_G","Strike_G","Strike_G","Bouncing Flask+1"],"score":2170,"play_id":"f734e82b-0d43-434a-8e80-b7fbd6bf3820","local_time":"20201210113311","is_ascension_mode":true,"campfire_choices":[{"data":"Eviscerate","floor":6.0,"key":"SMITH"},{"data":"Acrobatics","floor":8.0,"key":"SMITH"},{"data":"Bouncing Flask","floor":12.0,"key":"SMITH"},{"floor":15.0,"key":"REST"},{"floor":25.0,"key":"REST"},{"data":"Prepared","floor":32.0,"key":"SMITH"},{"data":"Venomology","floor":42.0,"key":"SMITH"},{"data":"Grand Finale","floor":45,"key":"SMITH"},{"data":"PiercingWail","floor":49,"key":"SMITH"}],"neow_cost":"NONE","seed_source_timestamp":1287234331369500,"circlet_count":0,"master_deck":["AscendersBane","Defend_G","Defend_G","Defend_G","Survivor","Neutralize+1","Grand Finale+1","Tactician+1","Eviscerate+1","Acrobatics+1","PiercingWail+1","Dagger Throw","Venomology+1","Backflip","Prepared+1"],"special_seed":0,"relics":["Ring of the Snake","The Courier","Runic Pyramid","TheAbacus","Pocketwatch","Omamori","Akabeko","Red Mask","Pear","Tiny House","Lantern","Bag of Preparation","Art of War","Toy Ornithopter"],"potions_floor_usage":[50,50,51],"damage_taken":[{"damage":3.0,"enemies":"2 Louse","floor":1.0,"turns":4.0},{"damage":0.0,"enemies":"Cultist","floor":3.0,"turns":4.0},{"damage":9.0,"enemies":"Small Slimes","floor":4.0,"turns":5.0},{"damage":1.0,"enemies":"Looter","floor":7.0,"turns":4.0},{"damage":4.0,"enemies":"Lots of Slimes","floor":10.0,"turns":6.0},{"damage":9.0,"enemies":"Exordium Thugs","floor":14.0,"turns":6.0},{"damage":16.0,"enemies":"The Guardian","floor":16.0,"turns":8.0},{"damage":0.0,"enemies":"Spheric Guardian","floor":18.0,"turns":3.0},{"damage":7.0,"enemies":"Chosen","floor":19.0,"turns":3.0},{"damage":1.0,"enemies":"Snake Plant","floor":20.0,"turns":4.0},{"damage":0.0,"enemies":"Gremlin Leader","floor":23.0,"turns":3.0},{"damage":17.0,"enemies":"Snecko","floor":24.0,"turns":4.0},{"damage":1.0,"enemies":"Book of Stabbing","floor":28.0,"turns":5.0},{"damage":0.0,"enemies":"Masked Bandits","floor":29.0,"turns":2.0},{"damage":20.0,"enemies":"Slavers","floor":31.0,"turns":6.0},{"damage":12.0,"enemies":"Champ","floor":33.0,"turns":6.0},{"damage":0.0,"enemies":"3 Darklings","floor":35.0,"turns":1.0},{"damage":0.0,"enemies":"3 Shapes","floor":36.0,"turns":3.0},{"damage":0.0,"enemies":"Jaw Worm Horde","floor":38.0,"turns":2.0},{"damage":0.0,"enemies":"Reptomancer","floor":40.0,"turns":3.0},{"damage":0.0,"enemies":"Maw","floor":44.0,"turns":3.0},{"damage":0,"enemies":"Giant Head","floor":47,"turns":3},{"damage":0,"enemies":"Spire Growth","floor":48,"turns":2},{"damage":4,"enemies":"Awakened One","floor":50,"turns":6},{"damage":56,"enemies":"Time Eater","floor":51,"turns":5}],"seed_played":"5107898829177895097","potions_obtained":[{"floor":1.0,"key":"SteroidPotion"},{"floor":3.0,"key":"ColorlessPotion"},{"floor":7.0,"key":"Fire Potion"},{"floor":28.0,"key":"GamblersBrew"},{"floor":29.0,"key":"EssenceOfSteel"},{"floor":34.0,"key":"Swift Potion"},{"floor":35.0,"key":"SneckoOil"},{"floor":38.0,"key":"PowerPotion"},{"floor":47,"key":"GamblersBrew"}],"is_trial":false,"path_per_floor":["M","$","M","M","?","R","M","R","T","M","?","R","?","M","R","B",null,"M","M","M","?","$","E","M","R","T","?","E","?","$","E","R","B",null,"M","M","?","M","?","E","$","R","T","M","R","?","E","M","R","B","B",null],"character_chosen":"THE_SILENT","items_purchased":["TheAbacus","Bag of Preparation"],"campfire_rested":2,"item_purchase_floors":[22,41],"current_hp_per_floor":[56,56,56,47,47,47,46,46,46,42,42,42,42,33,52,36,59,59,52,51,33,33,33,16,37,37,37,36,36,36,26,26,14,69,69,69,69,69,69,69,69,69,69,69,69,69,69,69,69,75,24],"gold":131,"neow_bonus":"TRANSFORM_CARD","is_prod":false,"is_daily":false,"chose_seed":false,"campfire_upgraded":7,"win_rate":0,"timestamp":1607567591,"path_taken":["M","$","M","M","?","R","M","R","T","?","?","R","?","M","R","BOSS","M","?","M","?","$","E","M","R","T","?","E","?","$","E","R","BOSS","M","M","?","?","?","E","$","R","T","M","R","?","E","M","R","BOSS","BOSS"],"build_version":"2020-11-30","purchased_purges":4,"victory":true,"max_hp_per_floor":[66,66,66,66,66,66,66,66,66,66,66,66,66,66,66,66,66,66,66,66,71,71,71,71,71,71,71,71,71,71,81,81,81,86,86,86,86,86,86,86,86,86,86,86,86,82,82,82,82,82,82],"card_choices":[{"not_picked":["Catalyst","Flying Knee"],"picked":"Tactician","floor":1.0},{"not_picked":["Poisoned Stab","Choke"],"picked":"Eviscerate","floor":3.0},{"not_picked":["Expertise","Prepared"],"picked":"Acrobatics","floor":4.0},{"not_picked":["After Image","Quick Slash"],"picked":"PiercingWail","floor":7.0},{"not_picked":["Flechettes","Blur"],"picked":"Bouncing Flask","floor":10.0},{"not_picked":["Cloak And Dagger","Leg Sweep"],"picked":"Dagger Throw","floor":14.0},{"not_picked":["Storm of Steel","Doppelganger"],"picked":"Venomology","floor":16.0},{"not_picked":["Underhanded Strike+1","Predator","Flechettes"],"picked":"SKIP","floor":18.0},{"not_picked":["Masterful Stab","Footwork","Slice"],"picked":"SKIP","floor":19.0},{"not_picked":["Slice","Cloak And Dagger","Heel Hook"],"picked":"SKIP","floor":20.0},{"not_picked":["Backstab","Skewer","PiercingWail"],"picked":"SKIP","floor":23.0},{"not_picked":["Dodge and Roll","Dagger Spray","Flying Knee"],"picked":"SKIP","floor":24.0},{"not_picked":["Acrobatics","All Out Attack"],"picked":"Backflip","floor":28.0},{"not_picked":["Escape Plan","Malaise"],"picked":"Prepared","floor":29.0},{"not_picked":["Setup+1","Heel Hook","Cloak And Dagger"],"picked":"SKIP","floor":31.0},{"not_picked":["Crippling Poison","Masterful Stab","Escape Plan+1"],"picked":"SKIP","floor":35.0},{"not_picked":["Sucker Punch","Blade Dance","Acrobatics"],"picked":"SKIP","floor":36.0},{"not_picked":["PiercingWail","Distraction","Flying Knee"],"picked":"SKIP","floor":38.0},{"not_picked":["Bane","Outmaneuver+1","Envenom"],"picked":"SKIP","floor":40.0},{"not_picked":["Setup","Terror+1","Well Laid Plans"],"picked":"SKIP","floor":44.0},{"not_picked":["Slice","Blade Dance","Quick Slash"],"picked":"SKIP","floor":47},{"not_picked":["Concentrate","PiercingWail","Backstab+1"],"picked":"SKIP","floor":48}],"player_experience":815463,"relics_obtained":[{"floor":9.0,"key":"The Courier"},{"floor":23.0,"key":"Pocketwatch"},{"floor":26.0,"key":"Omamori"},{"floor":28.0,"key":"Akabeko"},{"floor":29.0,"key":"Red Mask"},{"floor":31.0,"key":"Pear"},{"floor":40.0,"key":"Lantern"},{"floor":43.0,"key":"Art of War"},{"floor":47,"key":"Toy Ornithopter"}],"event_choices":[{"cards_removed":["Defend_G"],"damage_healed":0.0,"max_hp_gain":0.0,"max_hp_loss":0.0,"gold_gain":0.0,"event_name":"Bonfire Elementals","player_choice":"Offered Basic","floor":5.0,"gold_loss":0.0,"damage_taken":0.0},{"damage_healed":0.0,"max_hp_gain":0.0,"max_hp_loss":0.0,"gold_gain":0.0,"event_name":"Dead Adventurer","player_choice":"Searched \u00271\u0027 times","floor":11.0,"gold_loss":0.0,"damage_taken":0.0},{"cards_removed":["Strike_G"],"damage_healed":0.0,"max_hp_gain":0.0,"max_hp_loss":0.0,"gold_gain":0.0,"event_name":"Purifier","player_choice":"Purged","floor":13.0,"gold_loss":0.0,"damage_taken":0.0},{"damage_healed":0.0,"max_hp_gain":5.0,"max_hp_loss":0.0,"gold_gain":0.0,"event_name":"Forgotten Altar","player_choice":"Shed Blood","floor":21.0,"gold_loss":0.0,"damage_taken":23.0},{"damage_healed":0.0,"max_hp_gain":0.0,"max_hp_loss":0.0,"gold_gain":0.0,"event_name":"The Mausoleum","player_choice":"Ignored","floor":27.0,"gold_loss":0.0,"damage_taken":0.0},{"damage_healed":0.0,"max_hp_gain":0.0,"max_hp_loss":0.0,"gold_gain":0.0,"event_name":"Masked Bandits","player_choice":"Fought Bandits","floor":29.0,"gold_loss":0.0,"damage_taken":0.0},{"damage_healed":0.0,"max_hp_gain":0.0,"max_hp_loss":0.0,"gold_gain":0.0,"event_name":"Accursed Blacksmith","player_choice":"Forge","floor":37.0,"gold_loss":0.0,"damage_taken":0.0,"cards_upgraded":["Tactician"]},{"cards_removed":["Defend_G"],"damage_healed":0.0,"max_hp_gain":0.0,"max_hp_loss":0.0,"gold_gain":0.0,"event_name":"Falling","player_choice":"Removed Skill","floor":39.0,"gold_loss":0.0,"damage_taken":0.0},{"damage_healed":0,"gold_gain":0,"player_choice":"Max HP","damage_taken":0,"max_hp_gain":0,"max_hp_loss":4,"event_name":"Winding Halls","floor":46,"gold_loss":0}],"is_beta":false,"boss_relics":[{"not_picked":["Velvet Choker","HoveringKite"],"picked":"Runic Pyramid"},{"not_picked":["Black Star","Coffee Dripper"],"picked":"Tiny House"}],"items_purged_floors":[2,22,30,41],"is_endless":false,"potions_floor_spawned":[1,3,7,18,28,29,35,38,47],"ascension_level":20}}