{"host":"u5hfrceatticevdm","time":1607629468,"event":{"mods":["BaseMod","StSLib","Conspire","Hubris","Minty Spire (QoL Compilation)","Act Like it!","Halation","Useless Jewels Mod","Aspiration","Energized Spire","vexMod","GifTheSpireLib","HexUI Lib","Replay The Spire","Stuff the Spire","Unceasing Turn Reminder","2.2 Compatiblity","Better Synergies","Magineer Mod","Spikes Relics","Waifu the Spire","Alarm Clock","Downfall","Spicy Shops","Humility","Small Relic Pack","Hyrulean Relics","The Construct","Friendly Minions"],"gold_per_floor":[111,0,0,19,19,19,33,33,60,60,72,82,98,98,98],"floor_reached":14,"playtime":448,"items_purged":[],"score":82,"play_id":"d192404f-3e4e-4184-ad3a-584e72834dcd","local_time":"20201210144428","is_ascension_mode":false,"campfire_choices":[{"data":"Defragment","floor":8,"key":"SMITH"},{"data":"Zap","floor":10,"key":"SMITH"}],"circlet_count":0,"master_deck":["Strike_B","Strike_B","Strike_B","Strike_B","Defend_B","Defend_B","Defend_B","Defend_B","Zap","Dualcast","StuffTheSpire:LoadUp","Rainbow","Rainbow","StuffTheSpire:LoadUp","Zap+1","Defragment+1","hubris:Ukulele","Conserve Battery","Melter","StuffTheSpire:LoadUp"],"relics":["Cracked Core","halation:EternalFortune"],"acts_visited":["Exordium"],"potions_floor_usage":[],"damage_taken":[{"damage":0,"enemies":"2 Louse","floor":1,"turns":3},{"damage":0,"enemies":"Cultist","floor":4,"turns":4},{"damage":11,"enemies":"Jaw Worm","floor":7,"turns":4},{"damage":18,"enemies":"Lots of Slimes","floor":11,"turns":2},{"damage":8,"enemies":"2 Fungi Beasts","floor":12,"turns":3},{"damage":8,"enemies":"Blue Slaver","floor":13,"turns":3},{"damage":45,"enemies":"3 Sentries","floor":14,"turns":5}],"seed_played":"-396586075475493876","potions_obtained":[{"floor":4,"key":"SteroidPotion"},{"floor":7,"key":"Weak Potion"}],"is_trial":false,"path_per_floor":["M","$","?","M","?","?","M","R","T","R","M","M","M","E"],"character_chosen":"DEFECT","items_purchased":["Rainbow"],"campfire_rested":0,"item_purchase_floors":[2],"current_hp_per_floor":[82,82,82,82,85,85,74,74,74,74,56,51,43,0,0],"gold":98,"neow_bonus":"TEN_PERCENT_HP_BONUS","is_daily":false,"chose_seed":false,"campfire_upgraded":2,"win_rate":0,"timestamp":1607629468,"path_taken":["M","$","?","?","?","?","M","R","T","R","M","M","M","E"],"build_version":"2020-11-30","purchased_purges":0,"victory":false,"max_hp_per_floor":[82,82,82,82,85,85,85,85,85,85,85,88,88,88,88],"card_choices":[{"not_picked":["Hologram","Rebound"],"picked":"StuffTheSpire:LoadUp","floor":1},{"not_picked":["Sweeping Beam","ReplaySolidLightProjector"],"picked":"StuffTheSpire:LoadUp","floor":4},{"not_picked":["Redo","ReplayGash"],"picked":"hubris:Ukulele","floor":7},{"not_picked":["Time Bomb","StuffTheSpire:ShieldGenerator"],"picked":"Conserve Battery","floor":11},{"not_picked":["StuffTheSpire:CleanHardDrive","Leap"],"picked":"Melter","floor":12},{"not_picked":["DiskWipe","Turbo"],"picked":"StuffTheSpire:LoadUp","floor":13}],"player_experience":752299,"relics_obtained":[{"floor":12,"key":"halation:EternalFortune"}],"event_choices":[{"damage_healed":0,"gold_gain":0,"player_choice":"Ignored","damage_taken":0,"max_hp_gain":0,"max_hp_loss":0,"event_name":"Transmorgrifier","floor":3,"gold_loss":0},{"damage_healed":0,"gold_gain":0,"player_choice":"2 cards matched","damage_taken":0,"max_hp_gain":0,"max_hp_loss":0,"event_name":"Match and Keep!","floor":6,"gold_loss":0,"cards_obtained":["Zap","Defragment"]}],"is_beta":false,"boss_relics":[],"items_purged_floors":[],"is_endless":false,"potions_floor_spawned":[4,7],"killed_by":"3 Sentries","ascension_level":0}}