{"host":"ecaj4hn004xnnrw9","time":1607623978,"event":{"mods":["BaseMod","AchievementEnabler","StSLib","Hermit","Quick Restart","Minty Spire (QoL Compilation)","Replay The Spire","The Cursed"],"gold_per_floor":[119,119,136,151,151,151,161,194,217,217,245,245,262,275,275,371,371,384,399,410,423,442,442,467,482,482,492,511,531,563,580,580,682,682,693,710,710,289,289,289,316,334,358,378,389,405,405,417,417,417,417,417,37,70,70,70],"floor_reached":55,"playtime":3749,"items_purged":["Pain","Strike_R"],"score":951,"play_id":"685f0762-fbf1-40ff-91b2-f61d160aba85","local_time":"20201210181258","is_ascension_mode":true,"campfire_choices":[{"data":"Bash","floor":6,"key":"SMITH"},{"data":"Immolate","floor":10,"key":"SMITH"},{"data":"True Grit","floor":15,"key":"SMITH"},{"data":"Limit Break","floor":23,"key":"SMITH"},{"floor":32,"key":"REST"},{"data":"Warcry","floor":40,"key":"SMITH"},{"data":"Disarm","floor":47,"key":"SMITH"},{"floor":49,"key":"RECALL"},{"data":"Disarm","floor":52,"key":"SMITH"}],"circlet_count":0,"master_deck":["Strike_R","Strike_R","Defend_R+1","Defend_R","Defend_R+1","Defend_R","Cleave","Headbutt","Immolate+1","Havoc","True Grit+1","Sever Soul","Limit Break+1","Warcry+1","Intimidate","Headbutt","True Grit+1","Warcry+1","Disarm+1","Shrug It Off","Sword Boomerang","Disarm+1","Feel No Pain+1","Metallicize+1","Heavy Blade+1","Metallicize+1","Secret Weapon","Shrug It Off"],"relics":["Burning Blood","NeowsBlessing","Vajra","Replay:Mystery Machine","Centennial Puzzle","StoneCalendar","WarpedTongs","Painkiller Herb","Frozen Egg 2","StrikeDummy","Incense Burner","Coffee Dripper","War Paint","Pen Nib","Membership Card","Replay:Wax Seal"],"acts_visited":["Exordium","TheCity","TheBeyond","TheEnding"],"potions_floor_usage":[14,16,24,29,33,33,33,50,50,54,55,55],"damage_taken":[{"damage":1,"enemies":"Small Slimes","floor":1,"turns":2},{"damage":0,"enemies":"Jaw Worm","floor":3,"turns":1},{"damage":0,"enemies":"Cultist","floor":4,"turns":1},{"damage":12,"enemies":"Looter","floor":7,"turns":3},{"damage":60,"enemies":"Lagavulin","floor":8,"turns":6},{"damage":6,"enemies":"Replay:BlueRogue","floor":11,"turns":3},{"damage":0,"enemies":"Lots of Slimes","floor":13,"turns":1},{"damage":0,"enemies":"Exordium Thugs","floor":14,"turns":1},{"damage":20,"enemies":"Fading Forest","floor":16,"turns":11},{"damage":14,"enemies":"Shell Parasite","floor":18,"turns":4},{"damage":12,"enemies":"2 Thieves","floor":19,"turns":2},{"damage":18,"enemies":"Snake Plant","floor":20,"turns":3},{"damage":12,"enemies":"Cultist and Chosen","floor":21,"turns":3},{"damage":0,"enemies":"3 Cultists","floor":22,"turns":2},{"damage":3,"enemies":"Gremlin Leader","floor":24,"turns":3},{"damage":26,"enemies":"Snake Plant","floor":25,"turns":2},{"damage":0,"enemies":"Centurion and Healer","floor":27,"turns":2},{"damage":8,"enemies":"3 Cultists","floor":28,"turns":3},{"damage":3,"enemies":"Snecko","floor":29,"turns":3},{"damage":11,"enemies":"Book of Stabbing","floor":30,"turns":4},{"damage":25,"enemies":"Snake Plant","floor":31,"turns":2},{"damage":8,"enemies":"Champ","floor":33,"turns":6},{"damage":1,"enemies":"Orb Walker","floor":35,"turns":2},{"damage":23,"enemies":"3 Shapes","floor":36,"turns":2},{"damage":1,"enemies":"R_Hoarder","floor":41,"turns":5},{"damage":0,"enemies":"Transient","floor":42,"turns":5},{"damage":0,"enemies":"Spire Growth","floor":44,"turns":4},{"damage":0,"enemies":"Sphere and 2 Shapes","floor":45,"turns":1},{"damage":0,"enemies":"Transient","floor":46,"turns":5},{"damage":0,"enemies":"Jaw Worm Horde","floor":48,"turns":1},{"damage":15,"enemies":"Donu and Deca","floor":50,"turns":7},{"damage":35,"enemies":"Shield and Spear","floor":54,"turns":6},{"damage":52,"enemies":"The Heart","floor":55,"turns":5}],"seed_played":"4681719995683719766","potions_obtained":[{"floor":4,"key":"Fruit Juice"},{"floor":11,"key":"Fire Potion"},{"floor":13,"key":"Elixir"},{"floor":14,"key":"ElixirPotion"},{"floor":18,"key":"Dexterity Potion"},{"floor":19,"key":"ElixirPotion"},{"floor":21,"key":"Strength Potion"},{"floor":25,"key":"SpeedPotion"},{"floor":28,"key":"Flashbang"},{"floor":31,"key":"Swift Potion"},{"floor":42,"key":"FearPotion"},{"floor":48,"key":"PowerPotion"}],"is_trial":false,"path_per_floor":["M","?","M","M","?","R","M","E","T","R","E","?","M","M","R","B",null,"?","?","?","?","?","T","E","?","T","?","?","?","E","?","T","B",null,"?","?","?","T","?","T","E","?","T","?","?","?","T","?","T","B",null,"T","T","E","B"],"character_chosen":"IRONCLAD","items_purchased":["Feel No Pain+1","War Paint","Regen Potion","Energy Potion","Membership Card","FearPotion","Fire Potion","Secret Weapon","Shrug It Off"],"campfire_rested":1,"item_purchase_floors":[38,38,38,38,53,53,53,53,53],"current_hp_per_floor":[80,80,80,80,80,80,74,20,20,20,20,20,26,32,32,26,67,59,53,41,35,41,41,44,24,24,30,28,31,26,7,31,29,67,72,55,55,55,55,55,60,66,66,72,78,80,80,80,80,71,78,78,78,49,0,0],"gold":70,"neow_bonus":"THREE_ENEMY_KILL","is_daily":false,"chose_seed":false,"campfire_upgraded":7,"win_rate":0,"timestamp":1607623978,"path_taken":["M","?","M","M","?","R","?","E","T","R","E","?","M","M","R","BOSS","?","?","?","?","?","T","E","?","T","?","?","?","E","?","T","BOSS","?","?","?","T","?","T","E","?","T","?","?","?","T","?","T","BOSS","T","T","E","BOSS"],"build_version":"2020-11-30","purchased_purges":2,"victory":false,"max_hp_per_floor":[80,80,80,80,80,80,80,80,80,80,80,80,80,80,80,80,80,80,80,80,80,80,80,80,80,80,80,80,80,80,80,80,80,80,80,80,80,80,80,80,80,80,80,80,80,80,80,80,80,80,80,80,80,80,80,80],"card_choices":[{"not_picked":["Flex","Sword Boomerang"],"picked":"Cleave","floor":1},{"not_picked":["Armaments","Rage","Reckless Charge"],"picked":"SKIP","floor":3},{"not_picked":["Run Through","Twin Strike"],"picked":"Headbutt","floor":4},{"not_picked":["Dropkick","ReplayTheSpireMod:Strike From Hell"],"picked":"Immolate","floor":7},{"not_picked":["Sentinel","Fire Breathing"],"picked":"Havoc","floor":8},{"not_picked":["Clothesline","Run Through"],"picked":"True Grit","floor":11},{"not_picked":["Heavy Blade","True Grit"],"picked":"Sever Soul","floor":13},{"not_picked":["Wild Strike","Seeing Red","Combust"],"picked":"SKIP","floor":14},{"not_picked":["Hemogenesis","Eclipse"],"picked":"Limit Break","floor":16},{"not_picked":["Twin Strike+1","Sever Soul"],"picked":"Warcry","floor":18},{"not_picked":["ReplayTheSpireMod:Limb From Limb+1","Replay:Undeath\u0027s Touch+1"],"picked":"Intimidate","floor":19},{"not_picked":["Twin Strike","Wild Strike","Combust"],"picked":"SKIP","floor":20},{"not_picked":["Anger","Flex","Heavy Blade"],"picked":"SKIP","floor":21},{"not_picked":["Twin Strike","Anger"],"picked":"Headbutt","floor":22},{"not_picked":["Replay:Undeath\u0027s Touch","Twin Strike","Body Slam"],"picked":"SKIP","floor":24},{"not_picked":["ReplayTheSpireMod:Strike From Hell","Thunderclap+1","Wild Strike"],"picked":"SKIP","floor":25},{"not_picked":["ReplayTheSpireMod:Limb From Limb","Offering"],"picked":"True Grit+1","floor":27},{"not_picked":["Infernal Blade","Clothesline"],"picked":"Warcry+1","floor":28},{"not_picked":["ReplayReversal","Run Through"],"picked":"Disarm","floor":29},{"not_picked":["Ghostly Armor","Carnage"],"picked":"Shrug It Off","floor":30},{"not_picked":["Cleave","Searing Blow"],"picked":"Sword Boomerang","floor":31},{"not_picked":["Twin Strike+1","Body Slam"],"picked":"Disarm","floor":35},{"not_picked":["Clash","Body Slam+1","Run Through"],"picked":"SKIP","floor":36},{"not_picked":["Rage","Eclipse","Fire Breathing+1"],"picked":"SKIP","floor":41},{"not_picked":["True Grit","Cleave","Wild Strike"],"picked":"SKIP","floor":42},{"not_picked":["Run Through","Reckless Charge+1"],"picked":"Metallicize+1","floor":44},{"not_picked":["Anger","Twin Strike","Carnage+1"],"picked":"SKIP","floor":45},{"not_picked":["Perfected Strike+1","Second Wind+1"],"picked":"Heavy Blade+1","floor":46},{"not_picked":["Cleave+1","Replay:Undeath\u0027s Touch+1"],"picked":"Metallicize+1","floor":48},{"not_picked":["ReplayTheSpireMod:Strike From Hell","Eclipse","Body Slam"],"picked":"SKIP","floor":54}],"player_experience":145258,"relics_obtained":[{"floor":8,"key":"Replay:Mystery Machine"},{"floor":9,"key":"Centennial Puzzle"},{"floor":11,"key":"StoneCalendar"},{"floor":24,"key":"Frozen Egg 2"},{"floor":26,"key":"StrikeDummy"},{"floor":30,"key":"Incense Burner"},{"floor":41,"key":"Pen Nib"},{"floor":54,"key":"Replay:Wax Seal"}],"event_choices":[{"cards_removed":["Strike_R"],"damage_healed":0,"gold_gain":0,"player_choice":"Forget","damage_taken":0,"max_hp_gain":0,"max_hp_loss":0,"event_name":"Living Wall","floor":2,"gold_loss":0},{"damage_healed":0,"gold_gain":0,"player_choice":"Gave Potion","damage_taken":0,"relics_obtained":["Vajra"],"max_hp_gain":0,"max_hp_loss":0,"event_name":"WeMeetAgain","floor":5,"gold_loss":0},{"damage_healed":0,"gold_gain":0,"player_choice":"Rummage","damage_taken":0,"relics_obtained":["WarpedTongs"],"max_hp_gain":0,"max_hp_loss":0,"event_name":"Accursed Blacksmith","floor":12,"gold_loss":0,"cards_obtained":["Pain"]},{"cards_removed":["Bash"],"damage_healed":0,"gold_gain":0,"player_choice":"Removed Attack","damage_taken":0,"max_hp_gain":0,"max_hp_loss":0,"event_name":"Falling","floor":37,"gold_loss":0},{"cards_removed":["Strike_R"],"damage_healed":0,"gold_gain":0,"player_choice":"Purged","damage_taken":0,"max_hp_gain":0,"max_hp_loss":0,"event_name":"Purifier","floor":39,"gold_loss":0}],"is_beta":false,"boss_relics":[{"not_picked":["Ring of Chaos","Calling Bell"],"picked":"Painkiller Herb"},{"not_picked":["Astrolabe","Kintsugi"],"picked":"Coffee Dripper"}],"items_purged_floors":[38,53],"is_endless":false,"potions_floor_spawned":[4,11,13,14,18,19,21,25,28,31,42,44,46,48],"killed_by":"The Heart","ascension_level":5}}