{"host":"zkqorkqsr6o67e8b","time":1607572537,"event":{"gold_per_floor":[118,193,212,230,230,230,255,255,255,284,298,324,324,324,324,399,399,419,419,432,443,463,463,499,499,499],"floor_reached":25,"playtime":1266,"items_purged":[],"score":480,"play_id":"e7be28fb-f860-455b-9518-90bbc56406c1","local_time":"20201210115537","is_ascension_mode":true,"campfire_choices":[{"data":"alterego_mod:BrynhildrRomantia","floor":6.0,"key":"SMITH"},{"data":"alterego_mod:Nekomimi","floor":8.0,"key":"SMITH"},{"data":"Limit Break","floor":13.0,"key":"SMITH"},{"data":"alterego_mod:TrashNCrash","floor":15.0,"key":"SMITH"},{"data":"alterego_mod:BrynhildrsRune","floor":23,"key":"SMITH"}],"neow_cost":"TEN_PERCENT_HP_LOSS","seed_source_timestamp":10767078523400,"circlet_count":0,"master_deck":["AscendersBane","alterego_mod:Defend","alterego_mod:Defend","alterego_mod:Defend","alterego_mod:Defend","alterego_mod:Impale","alterego_mod:BigMeatyClaws","alterego_mod:BrynhildrsRune+1","Limit Break+1","alterego_mod:BrynhildrRomantia+1","alterego_mod:Bounce","alterego_mod:Nekomimi+1","alterego_mod:TrashNCrash+1","Bite","Bite","Bite","Bite"],"special_seed":0,"relics":["alterego_mod:MasochisticConstitution","HornCleat","Nunchaku","CeramicFish","Runic Pyramid","Nloth\u0027s Gift"],"potions_floor_usage":[25,25],"damage_taken":[{"damage":16.0,"enemies":"2 Louse","floor":1.0,"turns":5.0},{"damage":10.0,"enemies":"Small Slimes","floor":3.0,"turns":4.0},{"damage":14.0,"enemies":"Jaw Worm","floor":4.0,"turns":2.0},{"damage":38.0,"enemies":"3 Sentries","floor":7.0,"turns":12.0},{"damage":17.0,"enemies":"Lagavulin","floor":10.0,"turns":10.0},{"damage":30.0,"enemies":"Gremlin Gang","floor":11.0,"turns":7.0},{"damage":38.0,"enemies":"Lots of Slimes","floor":12.0,"turns":11.0},{"damage":72.0,"enemies":"Slime Boss","floor":16.0,"turns":13.0},{"damage":26.0,"enemies":"Chosen","floor":18.0,"turns":4.0},{"damage":54.0,"enemies":"3 Byrds","floor":20.0,"turns":8.0},{"damage":34.0,"enemies":"Snecko","floor":21.0,"turns":6.0},{"damage":41,"enemies":"Snake Plant","floor":22,"turns":6},{"damage":42,"enemies":"Slavers","floor":25,"turns":3}],"seed_played":"-6631516653116260519","potions_obtained":[{"floor":1.0,"key":"SpeedPotion"},{"floor":10.0,"key":"Fire Potion"},{"floor":12.0,"key":"ColorlessPotion"},{"floor":22,"key":"AttackPotion"}],"is_trial":false,"path_per_floor":["M","?","M","M","?","R","E","R","T","E","M","M","R","?","R","B",null,"M","?","M","M","M","R","?","E"],"character_chosen":"The_Alterego","items_purchased":[],"campfire_rested":0,"item_purchase_floors":[],"current_hp_per_floor":[64,53,64,61,50,50,46,46,46,41,45,63,63,63,63,39,116,102,102,82,60,31,31,31,0,0],"gold":499,"neow_bonus":"THREE_RARE_CARDS","is_prod":false,"is_daily":false,"chose_seed":false,"campfire_upgraded":5,"win_rate":0,"timestamp":1607572537,"path_taken":["M","?","M","M","?","R","E","R","T","E","M","M","R","?","R","BOSS","M","?","M","?","?","R","?","E"],"build_version":"2020-11-30","purchased_purges":0,"victory":false,"max_hp_per_floor":[66,66,73,77,77,77,90,90,90,95,108,129,129,129,129,142,142,147,147,160,165,170,170,129,129,129],"card_choices":[{"not_picked":["alterego_mod:Rake","alterego_mod:VirginLaserPalladion"],"picked":"alterego_mod:BrynhildrRomantia","floor":0.0},{"not_picked":["alterego_mod:MagicResistance","alterego_mod:Mirror"],"picked":"alterego_mod:Bounce","floor":1.0},{"not_picked":["alterego_mod:Cooking","alterego_mod:1TonWallop","alterego_mod:Undulate"],"picked":"SKIP","floor":3.0},{"not_picked":["alterego_mod:BiFurious","alterego_mod:Pet","alterego_mod:Maid"],"picked":"SKIP","floor":4.0},{"not_picked":["alterego_mod:Maid","alterego_mod:DiscoLights"],"picked":"alterego_mod:Nekomimi","floor":7.0},{"not_picked":["alterego_mod:Skirt","alterego_mod:RingBreak","alterego_mod:IndependentAction"],"picked":"SKIP","floor":10.0},{"not_picked":["alterego_mod:Maid","alterego_mod:Clap","alterego_mod:Pet"],"picked":"SKIP","floor":11.0},{"not_picked":["alterego_mod:Rip","alterego_mod:PurpleHair"],"picked":"alterego_mod:TrashNCrash","floor":12.0},{"not_picked":["alterego_mod:RocketPunch","alterego_mod:Smother","alterego_mod:Clap"],"picked":"SKIP","floor":18.0},{"not_picked":["alterego_mod:GoddessCore","alterego_mod:Crossover","alterego_mod:Mirror+1"],"picked":"SKIP","floor":20.0},{"not_picked":["alterego_mod:HighServant","alterego_mod:Mirror","alterego_mod:Undulate"],"picked":"SKIP","floor":21.0},{"not_picked":["alterego_mod:Skirt","alterego_mod:BiFurious","alterego_mod:MagicResistance"],"picked":"SKIP","floor":22}],"player_experience":605182,"relics_obtained":[{"floor":7.0,"key":"Nunchaku"},{"floor":10.0,"key":"CeramicFish"}],"event_choices":[{"damage_healed":0.0,"max_hp_gain":0.0,"max_hp_loss":0.0,"gold_gain":75.0,"event_name":"World of Goop","player_choice":"Gather Gold","floor":2.0,"gold_loss":0.0,"damage_taken":11.0},{"damage_healed":0.0,"max_hp_gain":0.0,"max_hp_loss":0.0,"gold_gain":0.0,"event_name":"Scrap Ooze","player_choice":"Success","floor":5.0,"gold_loss":0.0,"damage_taken":11.0,"relics_obtained":["HornCleat"]},{"damage_healed":0.0,"max_hp_gain":0.0,"max_hp_loss":0.0,"gold_gain":0.0,"event_name":"N\u0027loth","player_choice":"Traded Relic","floor":19.0,"relics_lost":["REME_ComplimentaryCards"],"gold_loss":0.0,"damage_taken":0.0,"relics_obtained":["Nloth\u0027s Gift"]},{"damage_healed":0,"gold_gain":0,"player_choice":"Became a vampire","damage_taken":0,"max_hp_gain":0,"max_hp_loss":41,"event_name":"Vampires","floor":24,"gold_loss":0,"cards_obtained":["Bite","Bite","Bite","Bite"]}],"is_beta":false,"boss_relics":[{"not_picked":["Black Star","Pandora\u0027s Box"],"picked":"Runic Pyramid"}],"items_purged_floors":[],"is_endless":false,"potions_floor_spawned":[1,10,12,22],"killed_by":"Slavers","ascension_level":18}}