{"host":"sav7uxregyirlf69","time":1607607265,"event":{"gold_per_floor":[118,193,204,204,204,240,240,165,165,185,185,220,236,270,270,401,401,426,5,30,0,0,43,43,56,56,56,69,89,89,114,114,245,245,259,105,124,84,84,117,131,464,464,495,218,236,270,289,289,289,289,289,5,31,31],"floor_reached":56,"playtime":1376,"items_purged":["Strike_P","Defend_P","Defend_P","Strike_P"],"score":1526,"play_id":"e09a9de2-8ffe-4944-aff4-ff9fbf8de42f","local_time":"20201210223425","daily_mods":["Heirloom"],"is_ascension_mode":true,"campfire_choices":[{"data":"Eruption","floor":7.0,"key":"SMITH"},{"data":"SandsOfTime","floor":11.0,"key":"SMITH"},{"data":"1","floor":15.0,"key":"LIFT"},{"data":"MentalFortress","floor":24.0,"key":"SMITH"},{"data":"2","floor":27.0,"key":"LIFT"},{"data":"EmptyMind","floor":32.0,"key":"SMITH"},{"floor":49,"key":"RECALL"},{"data":"3","floor":52,"key":"LIFT"}],"neow_cost":"","seed_source_timestamp":63600026339206,"circlet_count":0,"master_deck":["Strike_P","Strike_P+1","Defend_P+1","Defend_P+1","Eruption+1","Vigilance","Halt","SandsOfTime+1","FlurryOfBlows+1","Indignation+1","MentalFortress+1","FearNoEvil+1","EmptyMind+1","DeusExMachina","ClearTheMind+1","Adaptation+1","Tantrum","Enlightenment"],"special_seed":0,"relics":["PureWater","Girya","Eternal Feather","War Paint","Mercury Hourglass","Potion Belt","SacredBark","Sundial","InkBottle","Pear","SlaversCollar","Medical Kit","PreservedInsect","Whetstone","Gambling Chip","Shovel","HornCleat"],"potions_floor_usage":[44,44,45,50,50,55,55,55],"damage_taken":[{"damage":2.0,"enemies":"Small Slimes","floor":1.0,"turns":3.0},{"damage":0.0,"enemies":"2 Louse","floor":3.0,"turns":1.0},{"damage":17.0,"enemies":"3 Sentries","floor":6.0,"turns":7.0},{"damage":0.0,"enemies":"Jaw Worm","floor":10.0,"turns":2.0},{"damage":21.0,"enemies":"Lagavulin","floor":12.0,"turns":6.0},{"damage":5.0,"enemies":"Exordium Thugs","floor":13.0,"turns":2.0},{"damage":24.0,"enemies":"Gremlin Nob","floor":14.0,"turns":3.0},{"damage":10.0,"enemies":"Hexaghost","floor":16.0,"turns":8.0},{"damage":0.0,"enemies":"Spheric Guardian","floor":18.0,"turns":2.0},{"damage":11.0,"enemies":"3 Byrds","floor":20.0,"turns":2.0},{"damage":42.0,"enemies":"Book of Stabbing","floor":23.0,"turns":6.0},{"damage":4.0,"enemies":"3 Cultists","floor":25.0,"turns":3.0},{"damage":16.0,"enemies":"Shelled Parasite and Fungi","floor":28.0,"turns":4.0},{"damage":0.0,"enemies":"Centurion and Healer","floor":29.0,"turns":4.0},{"damage":3.0,"enemies":"Sentry and Sphere","floor":31.0,"turns":4.0},{"damage":17.0,"enemies":"Collector","floor":33.0,"turns":5.0},{"damage":0.0,"enemies":"Orb Walker","floor":35.0,"turns":2.0},{"damage":0.0,"enemies":"3 Shapes","floor":37.0,"turns":3.0},{"damage":10.0,"enemies":"Reptomancer","floor":40.0,"turns":5.0},{"damage":0.0,"enemies":"3 Darklings","floor":41.0,"turns":4.0},{"damage":0,"enemies":"Nemesis","floor":44,"turns":3},{"damage":0,"enemies":"Jaw Worm Horde","floor":46,"turns":3},{"damage":18,"enemies":"Giant Head","floor":47,"turns":4},{"damage":0,"enemies":"Maw","floor":48,"turns":3},{"damage":34,"enemies":"Donu and Deca","floor":50,"turns":5},{"damage":0,"enemies":"Shield and Spear","floor":54,"turns":2},{"damage":82,"enemies":"The Heart","floor":55,"turns":5}],"seed_played":"-5032301893971234177","potions_obtained":[{"floor":6.0,"key":"PowerPotion"},{"floor":10.0,"key":"EntropicBrew"},{"floor":14.0,"key":"LiquidBronze"},{"floor":20.0,"key":"SneckoOil"},{"floor":25.0,"key":"SpeedPotion"},{"floor":28.0,"key":"Strength Potion"},{"floor":33.0,"key":"SpeedPotion"},{"floor":38.0,"key":"StancePotion"},{"floor":38.0,"key":"PowerPotion"},{"floor":38.0,"key":"LiquidMemories"},{"floor":44,"key":"Ancient Potion"},{"floor":47,"key":"Strength Potion"}],"is_trial":true,"path_per_floor":["M","?","M","?","?","E","R","$","T","M","R","E","M","E","R","B",null,"M","$","M","?","T","E","R","M","T","R","M","M","$","M","R","B",null,"M","$","M","?","$","E","M","?","T","E","$","M","E","M","R","B",null,"R","$","E","B",null],"character_chosen":"WATCHER","items_purchased":["MentalFortress","Sundial","Medical Kit","Fruit Juice","Weak Potion","Enlightenment","SpeedPotion"],"campfire_rested":0,"item_purchase_floors":[19,19,36,45,45,53,53],"current_hp_per_floor":[70,59,59,59,64,47,53,53,53,53,59,38,33,9,15,5,72,72,72,61,61,61,29,35,31,31,37,21,21,21,18,27,10,82,82,82,82,82,82,72,72,72,72,72,82,82,64,64,73,39,92,92,92,92,10],"gold":31,"neow_bonus":"","is_prod":false,"is_daily":false,"chose_seed":false,"campfire_upgraded":4,"win_rate":0,"timestamp":1607607265,"path_taken":["M","?","M","?","?","E","R","$","T","M","R","E","M","E","R","BOSS","M","$","M","?","?","E","R","M","T","R","M","M","$","?","R","BOSS","M","$","M","?","?","E","M","?","T","E","$","M","E","M","R","BOSS","R","$","E","BOSS"],"build_version":"2020-11-30","purchased_purges":4,"victory":true,"max_hp_per_floor":[72,72,72,67,72,72,72,72,72,72,72,72,72,72,72,72,72,72,72,72,72,72,82,82,82,82,82,82,82,82,82,82,82,82,82,82,82,82,82,82,82,82,82,82,92,92,92,92,92,92,92,92,92,92,92],"card_choices":[{"not_picked":["Evaluate","Prostrate"],"picked":"Halt","floor":1.0},{"not_picked":["Evaluate","EmptyFist"],"picked":"SandsOfTime","floor":3.0},{"not_picked":["CutThroughFate","JustLucky","ConjureBlade"],"picked":"SKIP","floor":6.0},{"not_picked":["Crescendo","BowlingBash"],"picked":"FlurryOfBlows","floor":10.0},{"not_picked":["Crescendo","Perseverance","EmptyFist"],"picked":"SKIP","floor":12.0},{"not_picked":["Wireheading","Protect","Brilliance"],"picked":"SKIP","floor":13.0},{"not_picked":["SashWhip","FollowUp","WheelKick"],"picked":"SKIP","floor":14.0},{"not_picked":["Swivel","BattleHymn+1"],"picked":"Indignation+1","floor":18.0},{"not_picked":["Protect","Prostrate","SashWhip+1"],"picked":"SKIP","floor":20.0},{"not_picked":["Crescendo","Vengeance"],"picked":"FearNoEvil+1","floor":23.0},{"not_picked":["FlurryOfBlows+1","ThirdEye","Crescendo+1"],"picked":"SKIP","floor":25.0},{"not_picked":["ThirdEye","FlyingSleeves","JustLucky"],"picked":"SKIP","floor":28.0},{"not_picked":["SashWhip","JustLucky"],"picked":"EmptyMind","floor":29.0},{"not_picked":["SashWhip","EmptyFist+1","ThirdEye"],"picked":"SKIP","floor":31.0},{"not_picked":["DevaForm","Devotion"],"picked":"DeusExMachina","floor":33.0},{"not_picked":["Prostrate","Halt+1"],"picked":"ClearTheMind+1","floor":35.0},{"not_picked":["Prostrate","FlurryOfBlows","CrushJoints"],"picked":"SKIP","floor":37.0},{"not_picked":["Prostrate","FlurryOfBlows+1","Devotion"],"picked":"SKIP","floor":40.0},{"not_picked":["Consecrate","ThirdEye+1","JustLucky+1"],"picked":"SKIP","floor":41.0},{"not_picked":["WaveOfTheHand","Devotion"],"picked":"Adaptation+1","floor":44},{"not_picked":["EmptyFist","JustLucky+1","PathToVictory+1"],"picked":"SKIP","floor":46},{"not_picked":["ClearTheMind","FlyingSleeves+1"],"picked":"Tantrum","floor":47},{"not_picked":["Swivel+1","Evaluate","FlurryOfBlows"],"picked":"SKIP","floor":48},{"not_picked":["Crescendo","LessonLearned","LikeWater"],"picked":"SKIP","floor":54}],"player_experience":913840,"relics_obtained":[{"floor":6.0,"key":"Eternal Feather"},{"floor":9.0,"key":"War Paint"},{"floor":12.0,"key":"Mercury Hourglass"},{"floor":14.0,"key":"Potion Belt"},{"floor":22.0,"key":"InkBottle"},{"floor":23.0,"key":"Pear"},{"floor":40.0,"key":"PreservedInsect"},{"floor":43.0,"key":"Whetstone"},{"floor":44,"key":"Gambling Chip"},{"floor":47,"key":"Shovel"},{"floor":54,"key":"HornCleat"}],"event_choices":[{"damage_healed":0.0,"max_hp_gain":0.0,"max_hp_loss":0.0,"gold_gain":75.0,"event_name":"World of Goop","player_choice":"Gather Gold","floor":2.0,"gold_loss":0.0,"damage_taken":11.0},{"damage_healed":0.0,"max_hp_gain":0.0,"max_hp_loss":5.0,"gold_gain":0.0,"event_name":"Golden Idol","player_choice":"Lose Max HP","floor":4.0,"gold_loss":0.0,"damage_taken":0.0,"relics_obtained":["Golden Idol"]},{"damage_healed":0.0,"max_hp_gain":5.0,"max_hp_loss":0.0,"gold_gain":0.0,"event_name":"Big Fish","player_choice":"Donut","floor":5.0,"gold_loss":0.0,"damage_taken":0.0},{"damage_healed":0.0,"max_hp_gain":0.0,"max_hp_loss":0.0,"gold_gain":0.0,"event_name":"Masked Bandits","player_choice":"Paid Fearfully","floor":21.0,"gold_loss":30.0,"damage_taken":0.0},{"damage_healed":0.0,"max_hp_gain":0.0,"max_hp_loss":0.0,"gold_gain":0.0,"event_name":"The Woman in Blue","player_choice":"Bought 3 Potions","floor":38.0,"gold_loss":0.0,"damage_taken":0.0},{"damage_healed":0.0,"max_hp_gain":0.0,"max_hp_loss":0.0,"gold_gain":333.0,"event_name":"The Moai Head","player_choice":"Gave Idol","floor":42.0,"relics_lost":["Golden Idol"],"gold_loss":0.0,"damage_taken":0.0}],"is_beta":false,"boss_relics":[{"not_picked":["HolyWater","Calling Bell"],"picked":"SacredBark"},{"not_picked":["Tiny House","Black Star"],"picked":"SlaversCollar"}],"items_purged_floors":[8,19,45,53],"is_endless":false,"potions_floor_spawned":[6,10,14,20,25,28,33,41,44,46,47,48],"ascension_level":1}}