{"host":"qt939hhvrbc28rjp","time":1607572900,"event":{"gold_per_floor":[116,116,116,128,203,232,251,251,301,327,327,327,33,51,51,126,126,146,146,146,160,210,210,210,225,249,249,249,269,281,295,295,295,295],"floor_reached":33,"playtime":988,"items_purged":["Strike_B"],"score":532,"play_id":"a150be9b-e018-42b5-96d2-ab3f8530c0b4","local_time":"20201210130140","is_ascension_mode":true,"campfire_choices":[{"data":"Zap","floor":8.0,"key":"SMITH"},{"floor":11.0,"key":"REST"},{"floor":15.0,"key":"REST"},{"data":"White Noise","floor":23.0,"key":"SMITH"},{"floor":28.0,"key":"REST"},{"floor":32.0,"key":"REST"}],"neow_cost":"NONE","seed_source_timestamp":168327711973700,"circlet_count":0,"master_deck":["AscendersBane","Strike_B","Strike_B","Strike_B","Defend_B+1","Defend_B","Zap+1","Dualcast","Beam Cell+1","Gash","Leap","Echo Form","Capacitor","Core Surge","Auto Shields","Reboot","Heatsinks","White Noise+1","Force Field","Self Repair","Compile Driver","Chill"],"special_seed":0,"relics":["Cracked Core","NeowsBlessing","WarpedTongs","Bronze Scales","Toy Ornithopter","Pen Nib","Inserter","Anchor"],"potions_floor_usage":[33],"damage_taken":[{"damage":0.0,"enemies":"Cultist","floor":1.0,"turns":1.0},{"damage":0.0,"enemies":"Jaw Worm","floor":4.0,"turns":1.0},{"damage":0.0,"enemies":"Gremlin Nob","floor":6.0,"turns":1.0},{"damage":7.0,"enemies":"2 Louse","floor":7.0,"turns":2.0},{"damage":26.0,"enemies":"3 Sentries","floor":10.0,"turns":6.0},{"damage":13.0,"enemies":"Exordium Wildlife","floor":14.0,"turns":4.0},{"damage":26.0,"enemies":"The Guardian","floor":16.0,"turns":8.0},{"damage":17.0,"enemies":"2 Thieves","floor":18.0,"turns":4.0},{"damage":2.0,"enemies":"Spheric Guardian","floor":21.0,"turns":4.0},{"damage":28.0,"enemies":"Snake Plant","floor":25.0,"turns":4.0},{"damage":16.0,"enemies":"Colosseum Slavers","floor":27.0,"turns":4.0},{"damage":41.0,"enemies":"Snecko","floor":29.0,"turns":8.0},{"damage":13.0,"enemies":"Centurion and Healer","floor":30.0,"turns":7.0},{"damage":22.0,"enemies":"Shelled Parasite and Fungi","floor":31.0,"turns":6.0},{"damage":62,"enemies":"Collector","floor":33,"turns":6}],"seed_played":"9047572985290687092","potions_obtained":[{"floor":1.0,"key":"CultistPotion"},{"floor":4.0,"key":"AttackPotion"},{"floor":16.0,"key":"DuplicationPotion"},{"floor":18.0,"key":"FearPotion"},{"floor":21.0,"key":"Weak Potion"},{"floor":25.0,"key":"LiquidBronze"},{"floor":31.0,"key":"FearPotion"}],"is_trial":false,"path_per_floor":["M","?","?","M","?","E","M","R","T","E","R","?","$","M","R","B",null,"M","?","?","M","?","R","?","M","T","?","R","M","M","M","R","B"],"character_chosen":"DEFECT","items_purchased":["Block Potion","Core Surge"],"campfire_rested":4,"item_purchase_floors":[13,13],"current_hp_per_floor":[64,43,43,43,32,32,25,25,25,4,25,18,18,5,26,5,55,43,43,43,41,41,41,41,32,32,28,49,28,29,21,42,0,0],"gold":295,"neow_bonus":"THREE_ENEMY_KILL","is_prod":false,"is_daily":false,"chose_seed":false,"campfire_upgraded":2,"win_rate":0,"timestamp":1607572900,"path_taken":["M","?","?","?","?","E","M","R","T","E","R","?","?","M","R","BOSS","M","?","?","M","?","R","?","M","T","?","R","M","?","M","R","BOSS"],"build_version":"2020-11-30","purchased_purges":1,"victory":false,"max_hp_per_floor":[71,71,71,71,71,71,71,71,71,71,71,71,71,71,71,71,71,71,71,71,71,71,71,71,71,71,71,71,71,71,71,71,71,71],"card_choices":[{"not_picked":["Go for the Eyes","Hologram"],"picked":"Beam Cell","floor":1.0},{"not_picked":["Compile Driver","Skim"],"picked":"Gash","floor":4.0},{"not_picked":["Redo","Barrage"],"picked":"Leap","floor":6.0},{"not_picked":["Undo","Defragment"],"picked":"Echo Form","floor":7.0},{"not_picked":["Coolheaded","Redo"],"picked":"Capacitor","floor":10.0},{"not_picked":["Tempest","Barrage"],"picked":"Auto Shields","floor":14.0},{"not_picked":["Multi-Cast","Meteor Strike"],"picked":"Reboot","floor":16.0},{"not_picked":["Hologram","Beam Cell+1"],"picked":"Heatsinks","floor":18.0},{"not_picked":["Redo","Leap"],"picked":"Force Field","floor":21.0},{"not_picked":["Steam Power","Hologram","Go for the Eyes"],"picked":"SKIP","floor":25.0},{"not_picked":["Sweeping Beam","Sunder+1","Auto Shields"],"picked":"SKIP","floor":29.0},{"not_picked":["Amplify","Reprogram"],"picked":"Chill","floor":30.0},{"not_picked":["Rebound","Sweeping Beam","Barrage"],"picked":"SKIP","floor":31.0}],"player_experience":1344251,"relics_obtained":[{"floor":6.0,"key":"Bronze Scales"},{"floor":9.0,"key":"Toy Ornithopter"},{"floor":10.0,"key":"Pen Nib"},{"floor":26.0,"key":"Anchor"}],"event_choices":[{"damage_healed":0.0,"max_hp_gain":0.0,"max_hp_loss":0.0,"gold_gain":0.0,"event_name":"Shining Light","player_choice":"Entered Light","floor":2.0,"gold_loss":0.0,"damage_taken":21.0,"cards_upgraded":["Defend_B","Beam Cell"]},{"damage_healed":0.0,"max_hp_gain":0.0,"max_hp_loss":0.0,"gold_gain":0.0,"event_name":"Accursed Blacksmith","player_choice":"Rummage","floor":3.0,"gold_loss":0.0,"damage_taken":0.0,"relics_obtained":["WarpedTongs"],"cards_obtained":["Pain"]},{"damage_healed":0.0,"max_hp_gain":0.0,"max_hp_loss":0.0,"gold_gain":75.0,"event_name":"World of Goop","player_choice":"Gather Gold","floor":5.0,"gold_loss":0.0,"damage_taken":11.0},{"cards_removed":["Pain"],"damage_healed":0.0,"max_hp_gain":0.0,"max_hp_loss":0.0,"gold_gain":0.0,"event_name":"Golden Wing","player_choice":"Card Removal","floor":12.0,"gold_loss":0.0,"damage_taken":7.0},{"damage_healed":0.0,"max_hp_gain":0.0,"max_hp_loss":0.0,"gold_gain":0.0,"event_name":"The Library","player_choice":"Read","floor":19.0,"gold_loss":0.0,"damage_taken":0.0,"cards_obtained":["White Noise"]},{"damage_healed":0.0,"max_hp_gain":0.0,"max_hp_loss":0.0,"gold_gain":0.0,"event_name":"Vampires","player_choice":"Ignored","floor":20.0,"gold_loss":0.0,"damage_taken":0.0},{"damage_healed":0.0,"max_hp_gain":0.0,"max_hp_loss":0.0,"gold_gain":50.0,"event_name":"Nest","player_choice":"Stole From Cult","floor":22.0,"gold_loss":0.0,"damage_taken":0.0},{"damage_healed":0.0,"max_hp_gain":0.0,"max_hp_loss":0.0,"gold_gain":0.0,"cards_transformed":["Defend_B","Defend_B"],"event_name":"Drug Dealer","player_choice":"Became Test Subject","floor":24.0,"gold_loss":0.0,"damage_taken":0.0,"cards_obtained":["Self Repair","Compile Driver"]},{"damage_healed":0.0,"max_hp_gain":0.0,"max_hp_loss":0.0,"gold_gain":0.0,"event_name":"Colosseum","player_choice":"Fight","floor":27.0,"gold_loss":0.0,"damage_taken":0.0},{"damage_healed":0.0,"max_hp_gain":0.0,"max_hp_loss":0.0,"gold_gain":0.0,"event_name":"Colosseum","player_choice":"Fled From Nobs","floor":27.0,"gold_loss":0.0,"damage_taken":0.0}],"is_beta":false,"boss_relics":[{"not_picked":["Snecko Eye","SacredBark"],"picked":"Inserter"}],"items_purged_floors":[13],"is_endless":false,"potions_floor_spawned":[1,4,16,18,21,25,31],"killed_by":"Collector","ascension_level":18}}