{"host":"8fup84v061vi31le","time":1607607927,"event":{"gold_per_floor":[99,99,99,99,99,99,99,99,99,99,69,69,69,39,39,39,39,39,39,39,39,39,39,39,39,39,39,39,39,39,39,39,39,39,39,39,39,39,39,39],"floor_reached":39,"playtime":1469,"items_purged":[],"score":463,"play_id":"ff7538fa-0002-4ce7-84c6-7a3183ae0f8c","local_time":"20201210214527","is_ascension_mode":true,"campfire_choices":[{"floor":7.0,"key":"REST"},{"floor":15.0,"key":"REST"},{"data":"Entrench","floor":23.0,"key":"SMITH"},{"floor":30.0,"key":"REST"},{"floor":32.0,"key":"REST"}],"neow_cost":"NONE","seed_source_timestamp":206493309551900,"circlet_count":0,"master_deck":["Strike_R","Defend_R","Defend_R+1","Defend_R+1","Bash+1","Flame Barrier+1","Hello World+1","Echo Form+1","Juggernaut+1","Shrug It Off","Entrench+1","Body Slam","Battle Trance","Insight","Fire Breathing+1","Dramatic Entrance","Barricade+1","Twin Strike+1","Limit Break+1","Thunderclap+1","Shrug It Off+1","Madness","Madness","Rupture+1"],"special_seed":0,"relics":["Ectoplasm","Ancient Tea Set","Frozen Egg 2","Bird Faced Urn","War Paint","Sozu","Oddly Smooth Stone","Happy Flower","Astrolabe"],"potions_floor_usage":[],"damage_taken":[{"damage":0.0,"enemies":"Small Slimes","floor":1.0,"turns":3.0},{"damage":0.0,"enemies":"2 Louse","floor":5.0,"turns":3.0},{"damage":0.0,"enemies":"Jaw Worm","floor":6.0,"turns":4.0},{"damage":12.0,"enemies":"Lagavulin","floor":8.0,"turns":5.0},{"damage":19.0,"enemies":"Exordium Thugs","floor":11.0,"turns":4.0},{"damage":5.0,"enemies":"Large Slime","floor":12.0,"turns":4.0},{"damage":0.0,"enemies":"Exordium Wildlife","floor":13.0,"turns":2.0},{"damage":0.0,"enemies":"Looter","floor":14.0,"turns":3.0},{"damage":19.0,"enemies":"Slime Boss","floor":16.0,"turns":6.0},{"damage":11.0,"enemies":"Spheric Guardian","floor":18.0,"turns":5.0},{"damage":4.0,"enemies":"Shell Parasite","floor":22.0,"turns":3.0},{"damage":49.0,"enemies":"Gremlin Leader","floor":25.0,"turns":5.0},{"damage":9.0,"enemies":"Chosen and Byrds","floor":27.0,"turns":5.0},{"damage":9.0,"enemies":"Snake Plant","floor":28.0,"turns":3.0},{"damage":0.0,"enemies":"Snecko","floor":31.0,"turns":4.0},{"damage":15.0,"enemies":"Champ","floor":33.0,"turns":8.0},{"damage":40.0,"enemies":"3 Darklings","floor":35.0,"turns":5.0},{"damage":13,"enemies":"3 Shapes","floor":38,"turns":4},{"damage":40,"enemies":"Jaw Worm Horde","floor":39,"turns":3}],"seed_played":"7628567447710919901","potions_obtained":[{"floor":8.0,"key":"FearPotion"},{"floor":12.0,"key":"Fire Potion"},{"floor":14.0,"key":"PowerPotion"},{"floor":16.0,"key":"AttackPotion"}],"is_trial":false,"path_per_floor":["M","?","?","?","M","M","R","E","T","?","M","M","M","M","R","B",null,"M","?","?","$","M","R","?","E","T","M","M","?","R","M","R","B",null,"M","?","?","M","M"],"character_chosen":"IRONCLAD","items_purchased":[],"campfire_rested":4,"item_purchase_floors":[],"current_hp_per_floor":[80,73,44,28,28,28,52,40,40,40,27,26,28,32,56,47,80,70,70,70,70,72,72,72,31,31,28,23,23,47,55,79,71,80,48,38,38,29,0,0],"gold":39,"neow_bonus":"BOSS_RELIC","is_prod":false,"is_daily":false,"chose_seed":false,"campfire_upgraded":1,"win_rate":0,"timestamp":1607607927,"path_taken":["M","?","?","?","M","M","R","E","T","?","M","?","M","M","R","BOSS","M","?","?","?","M","R","?","E","T","?","M","?","R","M","R","BOSS","M","?","?","?","M"],"build_version":"2020-11-30","purchased_purges":0,"victory":false,"max_hp_per_floor":[80,80,80,80,80,80,80,80,80,80,80,80,80,80,80,80,80,80,80,80,80,80,80,80,80,80,80,80,80,80,80,80,80,80,80,80,80,80,80,80],"card_choices":[{"not_picked":["Havoc","Warcry"],"picked":"Flame Barrier","floor":1.0},{"not_picked":["Heavy Blade","Clothesline","Twin Strike"],"picked":"SKIP","floor":5.0},{"not_picked":["Perfected Strike","Sword Boomerang","Havoc"],"picked":"SKIP","floor":6.0},{"not_picked":["True Grit","Rage"],"picked":"Juggernaut+1","floor":8.0},{"not_picked":["Dropkick","Havoc"],"picked":"Shrug It Off","floor":11.0},{"not_picked":["Flex","Sentinel","Body Slam"],"picked":"SKIP","floor":12.0},{"not_picked":["Warcry","Armaments","Body Slam"],"picked":"SKIP","floor":13.0},{"not_picked":["Pommel Strike","Headbutt"],"picked":"Entrench","floor":14.0},{"not_picked":["Sever Soul+1","Pommel Strike","True Grit"],"picked":"SKIP","floor":18.0},{"not_picked":["Anger","Wild Strike"],"picked":"Battle Trance","floor":22.0},{"not_picked":["Uppercut","Anger","Clash"],"picked":"SKIP","floor":25.0},{"not_picked":["Clash","Searing Blow+1"],"picked":"Fire Breathing+1","floor":27.0},{"not_picked":["Uppercut","Clothesline","Clash"],"picked":"SKIP","floor":28.0},{"not_picked":["Thunderclap","Seeing Red","Wild Strike"],"picked":"SKIP","floor":31.0},{"not_picked":["Corruption+1","Demon Form+1"],"picked":"Barricade+1","floor":33.0},{"not_picked":["Power Through+1","Intimidate+1"],"picked":"Shrug It Off+1","floor":35.0},{"not_picked":["Spot Weakness+1","Cleave","Body Slam+1"],"picked":"SKIP","floor":38}],"player_experience":43825,"relics_obtained":[{"floor":8.0,"key":"Bird Faced Urn"},{"floor":9.0,"key":"War Paint"},{"floor":25.0,"key":"Oddly Smooth Stone"},{"floor":26.0,"key":"Happy Flower"}],"event_choices":[{"cards_removed":["Strike_R"],"damage_healed":0.0,"max_hp_gain":0.0,"max_hp_loss":0.0,"gold_gain":0.0,"event_name":"Golden Wing","player_choice":"Card Removal","floor":2.0,"gold_loss":0.0,"damage_taken":7.0},{"damage_healed":44.0,"max_hp_gain":0.0,"max_hp_loss":80.0,"gold_gain":0.0,"event_name":"betterThird:BetterShining","player_choice":"Upgrade","floor":4.0,"gold_loss":0.0,"damage_taken":16.0,"cards_upgraded":["Bash","Defend_R"]},{"damage_healed":0.0,"max_hp_gain":0.0,"max_hp_loss":0.0,"gold_gain":0.0,"event_name":"betterThird:BetterSerpent","player_choice":"Ignored","floor":10.0,"gold_loss":0.0,"damage_taken":99.0},{"damage_healed":0.0,"max_hp_gain":0.0,"max_hp_loss":0.0,"gold_gain":0.0,"event_name":"Vampires","player_choice":"Ignored","floor":19.0,"gold_loss":0.0,"damage_taken":0.0},{"damage_healed":0.0,"max_hp_gain":0.0,"max_hp_loss":0.0,"gold_gain":0.0,"event_name":"The Library","player_choice":"Read","floor":20.0,"gold_loss":0.0,"damage_taken":0.0,"cards_obtained":["Body Slam"]},{"damage_healed":0.0,"max_hp_gain":0.0,"max_hp_loss":0.0,"gold_gain":0.0,"event_name":"betterThird:BetterWriting","player_choice":"Insight","floor":24.0,"gold_loss":0.0,"damage_taken":0.0,"cards_obtained":["Insight"]},{"damage_healed":0.0,"max_hp_gain":0.0,"max_hp_loss":0.0,"gold_gain":0.0,"event_name":"Match and Keep!","player_choice":"1 cards matched","floor":29.0,"gold_loss":0.0,"damage_taken":0.0,"cards_obtained":["Dramatic Entrance"]},{"damage_healed":0.0,"max_hp_gain":0.0,"max_hp_loss":0.0,"gold_gain":0.0,"event_name":"Winding Halls","player_choice":"Embrace Madness","floor":36.0,"gold_loss":0.0,"damage_taken":10.0,"cards_obtained":["Madness","Madness"]},{"damage_healed":0.0,"max_hp_gain":0.0,"max_hp_loss":0.0,"gold_gain":0.0,"cards_transformed":["Strike_R"],"event_name":"Transmorgrifier","player_choice":"Transformed","floor":37.0,"gold_loss":0.0,"damage_taken":0.0,"cards_obtained":["Rupture"]}],"is_beta":false,"boss_relics":[{"not_picked":["Runic Pyramid","Runic Cube"],"picked":"Sozu"},{"not_picked":["Runic Dome","Tiny House"],"picked":"Astrolabe"}],"items_purged_floors":[],"is_endless":false,"potions_floor_spawned":[8,12,14,16,18,25,27,28,33,35],"killed_by":"Jaw Worm Horde","ascension_level":3}}