{"host":"w811868i7dqaax32","time":1607601462,"event":{"gold_per_floor":[111,124,9,9,23,49,62,62,112,128,128,162,172,247,247,352,352,368,379,379,304,304,304,336,336,336,348,61,88,88,88,88,191,191,207,207,207,222,241,271,271,306,331,365,365,365,377,32,32,32],"floor_reached":51,"playtime":3790,"items_purged":[],"score":918,"play_id":"c368f1bb-4be9-492b-97c3-f98b3133a735","local_time":"20201210125742","is_ascension_mode":true,"metric_token":402,"campfire_choices":[{"data":"PokerPlayerMod:Duplicate","floor":15,"key":"SMITH"},{"data":"PokerPlayerMod:TrumpStrike","floor":23,"key":"SMITH"},{"data":"infinitespire:Collect","floor":30,"key":"SMITH"},{"data":"PokerPlayerMod:TheDieIsCast","floor":41,"key":"SMITH"},{"data":"PokerPlayerMod:FillThePot","floor":49,"key":"SMITH"}],"neow_cost":"BASIC_CARDS","seed_source_timestamp":608648471297700,"circlet_count":0,"master_deck":["PokerPlayerMod:Diamond2","PokerPlayerMod:Diamond3","PokerPlayerMod:Diamond4","PokerPlayerMod:Diamond5","PokerPlayerMod:Spade2","PokerPlayerMod:Spade3","PokerPlayerMod:Spade4","PokerPlayerMod:Club2","PokerPlayerMod:Heart2","PokerPlayerMod:TrumpStrike+1","PokerPlayerMod:BadJoker","PokerPlayerMod:Mulligan","m_Survivalism","Neutralize","PokerPlayerMod:ClubStrike","PokerPlayerMod:Heart3","PokerPlayerMod:DiamondStrike+1","PokerPlayerMod:DamnStraight","PokerPlayerMod:Configure","PokerPlayerMod:Duplicate+1","PokerPlayerMod:Heart4","PokerPlayerMod:ClubsClub","PokerPlayerMod:Diamond9","PokerPlayerMod:FillThePot+1","PokerPlayerMod:FakeSymbols","AbeCurse","PokerPlayerMod:SpadeStrike+1","PokerPlayerMod:Configure","infinitespire:Collect+1","PokerPlayerMod:JackOfSpades","PokerPlayerMod:Club10+","PokerPlayerMod:ClubStrike+1","PokerPlayerMod:MagicTrick+1","PokerPlayerMod:FakeSymbols","PokerPlayerMod:SpadeStrike","PokerPlayerMod:Heart5","PokerPlayerMod:Raise+1","PokerPlayerMod:TheDieIsCast+1","PokerPlayerMod:Club8","PokerPlayerMod:ClubDance","infinitespire:Collect+1","Sickly","PokerPlayerMod:Diamond9"],"relics":["PokerPlayerMod:DeckCase","Garlic","Dream Catcher","Regal Pillow","Durian","Abe\u0027s Treasure","Tiny Chest","Du-Vu Doll","Replay:Accelerometer","infinitespire:Golems Mask","Boot","Honey Jar","PokerPlayerMod:BrokenClock","Bag of Marbles","Replay:Ringing Soul","Replay:Wax Seal","PokerPlayerMod:ClubPass","MawBank","Ring of Searing","Ring of Peace","Bottled Tornado"],"potions_floor_usage":[12,16,29,33],"damage_taken":[{"damage":0,"enemies":"Cultist","floor":1,"turns":4},{"damage":5,"enemies":"Small Slimes","floor":2,"turns":3},{"damage":5,"enemies":"Jaw Worm","floor":5,"turns":3},{"damage":18,"enemies":"3 Sentries","floor":6,"turns":6},{"damage":0,"enemies":"Gremlin Gang","floor":7,"turns":3},{"damage":0,"enemies":"Blue Slaver","floor":10,"turns":3},{"damage":3,"enemies":"Gremlin Nob","floor":12,"turns":3},{"damage":0,"enemies":"2 Fungi Beasts","floor":13,"turns":3},{"damage":15,"enemies":"Hexaghost","floor":16,"turns":6},{"damage":0,"enemies":"Chosen","floor":18,"turns":4},{"damage":0,"enemies":"Spheric Guardian","floor":19,"turns":3},{"damage":2,"enemies":"Replay:Snechameleon","floor":24,"turns":6},{"damage":13,"enemies":"Centurion and Healer","floor":27,"turns":3},{"damage":0,"enemies":"Gremlin Leader","floor":29,"turns":6},{"damage":18,"enemies":"Automaton","floor":33,"turns":8},{"damage":5,"enemies":"3 Shapes","floor":35,"turns":3},{"damage":26,"enemies":"3 Darklings","floor":38,"turns":3},{"damage":12,"enemies":"Writhing Mass","floor":39,"turns":3},{"damage":9,"enemies":"Reptomancer","floor":40,"turns":5},{"damage":6,"enemies":"Giant Head","floor":42,"turns":6},{"damage":0,"enemies":"Nemesis","floor":44,"turns":4},{"damage":37,"enemies":"Time Eater","floor":50,"turns":6}],"seed_played":"-7240678971423743675","potions_obtained":[{"floor":5,"key":"Regen Potion"},{"floor":6,"key":"AttackPotion"},{"floor":10,"key":"PowerPotion"},{"floor":12,"key":"Swift Potion"},{"floor":19,"key":"Elixir"},{"floor":29,"key":"Block Potion"},{"floor":33,"key":"GamblersBrew"},{"floor":38,"key":"PowerPotion"},{"floor":42,"key":"AttackPotion"}],"is_trial":false,"path_per_floor":["M","M","$","?","M","E","M","?","T","M","?","E","M","?","R","B",null,"M","M","AVR","?","?","R","E","?","T","M","$","E","R","$","R","B",null,"M","T","?","M","M","E","R","E","T","E","?","T","?","$","R","B",null],"character_chosen":"THE_POKER_PLAYER","items_purchased":["PokerPlayerMod:DiamondStrike+1","PokerPlayerMod:DamnStraight","infinitespire:Golems Mask","Bottled Tornado","PokerPlayerMod:Diamond9"],"campfire_rested":0,"item_purchase_floors":[3,3,28,48,48],"current_hp_per_floor":[62,57,57,57,57,44,47,47,47,62,62,64,67,56,56,50,67,67,67,67,67,67,67,67,67,67,67,67,67,67,67,67,52,67,62,62,62,51,54,67,67,70,70,73,76,76,79,82,82,55],"gold":32,"neow_bonus":"TWENTY_PERCENT_HP_BONUS","is_prod":false,"is_daily":false,"chose_seed":false,"campfire_upgraded":5,"win_rate":0,"timestamp":1607601462,"path_taken":["M","M","?","?","?","E","M","?","T","?","?","E","M","?","R","BOSS","M","M","AVR","?","?","R","E","?","T","M","$","E","R","$","R","BOSS","M","?","?","M","?","E","R","E","T","E","?","?","?","?","R","BOSS"],"build_version":"2020-11-30","purchased_purges":0,"victory":true,"max_hp_per_floor":[62,62,62,62,62,62,62,62,62,62,62,67,67,67,67,67,67,67,67,67,67,67,67,67,67,67,67,67,67,67,67,67,67,67,67,67,67,67,67,67,67,70,70,73,76,76,79,82,82,82],"card_choices":[{"not_picked":["PokerPlayerMod:HeartStrike","PokerPlayerMod:CloakAndDiamond"],"picked":"PokerPlayerMod:ClubStrike","floor":1},{"not_picked":["PokerPlayerMod:Diamond2","PokerPlayerMod:Spade4"],"picked":"PokerPlayerMod:Heart3","floor":2},{"not_picked":["PokerPlayerMod:Fold","PokerPlayerMod:Club2"],"picked":"PokerPlayerMod:Configure","floor":5},{"not_picked":["PokerPlayerMod:HeartStrike","PokerPlayerMod:CardBurn"],"picked":"PokerPlayerMod:Duplicate","floor":6},{"not_picked":["PokerPlayerMod:Spade1","PokerPlayerMod:Fold"],"picked":"PokerPlayerMod:Heart4","floor":7},{"not_picked":["PokerPlayerMod:Raise","PokerPlayerMod:Configure"],"picked":"PokerPlayerMod:ClubsClub","floor":10},{"not_picked":["PokerPlayerMod:DiamondStrike","PokerPlayerMod:Heart5"],"picked":"PokerPlayerMod:Diamond9","floor":12},{"not_picked":["PokerPlayerMod:Heart1","PokerPlayerMod:Diamond1"],"picked":"PokerPlayerMod:FillThePot","floor":13},{"not_picked":["PokerPlayerMod:Spade8","PokerPlayerMod:GamblerForm"],"picked":"PokerPlayerMod:FakeSymbols","floor":16},{"not_picked":["PokerPlayerMod:Diamond1","PokerPlayerMod:Club5"],"picked":"PokerPlayerMod:SpadeStrike+1","floor":18},{"not_picked":["PokerPlayerMod:CloakAndDiamond","PokerPlayerMod:Spade1"],"picked":"PokerPlayerMod:Configure","floor":19},{"not_picked":["PokerPlayerMod:CardBurn","PokerPlayerMod:Fold+1"],"picked":"PokerPlayerMod:JackOfSpades","floor":24},{"not_picked":["PokerPlayerMod:Spade2","PokerPlayerMod:Spade1"],"picked":"PokerPlayerMod:ClubStrike+1","floor":27},{"not_picked":["PokerPlayerMod:Club2","PokerPlayerMod:Spade7"],"picked":"PokerPlayerMod:MagicTrick+1","floor":29},{"not_picked":["PokerPlayerMod:SecretDealer","PokerPlayerMod:Spade9"],"picked":"PokerPlayerMod:FakeSymbols","floor":33},{"not_picked":["PokerPlayerMod:Diamond3","PokerPlayerMod:Diamond4","PokerPlayerMod:Diamond1"],"picked":"PokerPlayerMod:SpadeStrike","floor":35},{"not_picked":["PokerPlayerMod:Configure+1","PokerPlayerMod:Diamond3","PokerPlayerMod:Spade8"],"picked":"PokerPlayerMod:Heart5","floor":38},{"not_picked":["PokerPlayerMod:Diamond2","PokerPlayerMod:Diamond3","PokerPlayerMod:Configure"],"picked":"PokerPlayerMod:Raise+1","floor":39},{"not_picked":["PokerPlayerMod:Spade7","PokerPlayerMod:SecondChance+1","PokerPlayerMod:RiskyBet"],"picked":"PokerPlayerMod:TheDieIsCast","floor":40},{"not_picked":["PokerPlayerMod:Harden","PokerPlayerMod:HeartStrike","PokerPlayerMod:DiamondStrike"],"picked":"PokerPlayerMod:Club8","floor":42},{"not_picked":["PokerPlayerMod:MagicTrick","PokerPlayerMod:Raise+1","PokerPlayerMod:Diamond2"],"picked":"PokerPlayerMod:ClubDance","floor":44}],"player_experience":721278,"relics_obtained":[{"floor":6,"key":"Garlic"},{"floor":9,"key":"Dream Catcher"},{"floor":11,"key":"Regal Pillow"},{"floor":12,"key":"Durian"},{"floor":24,"key":"Du-Vu Doll"},{"floor":26,"key":"Replay:Accelerometer"},{"floor":29,"key":"Boot"},{"floor":36,"key":"PokerPlayerMod:BrokenClock"},{"floor":40,"key":"Bag of Marbles"},{"floor":42,"key":"Replay:Ringing Soul"},{"floor":43,"key":"Replay:Wax Seal"},{"floor":44,"key":"PokerPlayerMod:ClubPass"},{"floor":46,"key":"MawBank"},{"floor":47,"key":"Ring of Searing"},{"floor":47,"key":"Ring of Peace"}],"event_choices":[{"cards_removed":["PokerPlayerMod:Spade1"],"damage_healed":0,"gold_gain":0,"player_choice":"Purged","damage_taken":0,"max_hp_gain":0,"max_hp_loss":0,"event_name":"Purifier","floor":4,"gold_loss":0},{"cards_removed":["PokerPlayerMod:Diamond1"],"damage_healed":0,"gold_gain":0,"player_choice":"Card Removal","damage_taken":0,"max_hp_gain":0,"max_hp_loss":0,"event_name":"Wheel of Change","floor":8,"gold_loss":0},{"damage_healed":0,"gold_gain":75,"player_choice":"Gather Gold","damage_taken":11,"max_hp_gain":0,"max_hp_loss":0,"event_name":"World of Goop","floor":14,"gold_loss":0},{"cards_removed":["PokerPlayerMod:Club1"],"damage_healed":0,"gold_gain":0,"player_choice":"Gave Gold","damage_taken":0,"max_hp_gain":0,"max_hp_loss":0,"event_name":"Beggar","floor":21,"gold_loss":75},{"damage_healed":0,"gold_gain":0,"player_choice":"Ignored","damage_taken":0,"max_hp_gain":0,"max_hp_loss":0,"event_name":"Ghosts","floor":22,"gold_loss":0},{"damage_healed":0,"gold_gain":0,"player_choice":"Read","damage_taken":0,"max_hp_gain":0,"max_hp_loss":0,"event_name":"The Library","floor":25,"gold_loss":0,"cards_obtained":["PokerPlayerMod:Club10"]},{"damage_healed":0,"gold_gain":0,"player_choice":"Ignored","damage_taken":0,"max_hp_gain":0,"max_hp_loss":0,"event_name":"SecretPortal","floor":37,"gold_loss":0},{"damage_healed":0,"gold_gain":0,"player_choice":"Copied","damage_taken":0,"max_hp_gain":0,"max_hp_loss":0,"event_name":"Duplicator","floor":45,"gold_loss":0,"cards_obtained":["infinitespire:Collect"]}],"is_beta":false,"boss_relics":[{"not_picked":["Replay:Bronze Core","Velvet Choker"],"picked":"Abe\u0027s Treasure"},{"not_picked":["Painkiller Herb","PokerPlayerMod:AceCard"],"picked":"Honey Jar"}],"items_purged_floors":[],"is_endless":false,"potions_floor_spawned":[5,6,10,12,13,19,29,33,38,42],"ascension_level":1}}