{"host":"gk9qdtkqd8dwfeg2","time":1607612694,"event":{"mods":["BaseMod","StSLib","Shop Mod","Minty Spire (QoL Compilation)","Replay The Spire","TestMod","Waifu the Spire","【东方二次创作】八云紫mod","vexMod","RumiaBox-露米娅的神秘盒子","The Cursed"],"gold_per_floor":[-99,-99,-88,-88,-70,-70,-35,-25,25,25,71,71,71,137,137,249,249,287,318,34,34,34,74,74,144,196,196,286,286,52,34,34,54,54],"floor_reached":33,"playtime":795,"items_purged":[],"score":684,"play_id":"71cadfc7-a340-472c-9482-3466d8a1f38d","local_time":"20201210230454","is_ascension_mode":true,"campfire_choices":[{"data":"Armaments","floor":6.0,"key":"SMITH"},{"floor":10.0,"key":"REST"},{"data":"Eclipse","floor":13.0,"key":"SMITH"},{"data":"Body Slam","floor":15.0,"key":"SMITH"},{"floor":27.0,"key":"REST"},{"data":"Pommel Strike","floor":29.0,"key":"SMITH"},{"data":"Feel No Pain","floor":32.0,"key":"SMITH"}],"circlet_count":0,"master_deck":["AscendersBane","Strike_R","Strike_R","Strike_R","Strike_R","Defend_R","Defend_R","Defend_R","Defend_R","Bash","Corruption","Pommel Strike+1","Rage","Armaments+1","Body Slam+1","Replay:Undeath\u0027s Touch","Eclipse+1","Berserk","CurseOfTheBell","ReplayTheSpireMod:Stacked+1","Limit Break+1","Pot Of Greed+1","Pot Of Greed+1","Feel No Pain+1"],"special_seed":0,"relics":["Burning Blood","testmod-TestBox","testmod-Fortitude","Baka","vexMod:Dragonfruit","Red Skull","Replay:Wax Seal","Iron Hammer","CultistMask","vexMod:RetaliationKit","testmod-Antiphasic","Toxic Egg 2","testmod-FatalChain","MerchantsRug","testmod-RealStoneCalender","GodSword6","Blood Vial","Quantum Egg"],"acts_visited":["Exordium","TheCity"],"potions_floor_usage":[33],"damage_taken":[{"damage":8.0,"enemies":"2 Louse","floor":1.0,"turns":4.0},{"damage":14.0,"enemies":"Small Slimes","floor":3.0,"turns":4.0},{"damage":6.0,"enemies":"Jaw Worm","floor":5.0,"turns":3.0},{"damage":37.0,"enemies":"Lagavulin","floor":7.0,"turns":7.0},{"damage":12.0,"enemies":"3 Louse","floor":8.0,"turns":3.0},{"damage":8.0,"enemies":"Gremlin Nob","floor":11.0,"turns":3.0},{"damage":0.0,"enemies":"3 Sentries","floor":14.0,"turns":4.0},{"damage":7.0,"enemies":"The Guardian","floor":16.0,"turns":7.0},{"damage":18.0,"enemies":"Chosen","floor":18.0,"turns":4.0},{"damage":16.0,"enemies":"Spheric Guardian","floor":19.0,"turns":4.0},{"damage":24.0,"enemies":"Book of Stabbing","floor":23.0,"turns":3.0},{"damage":20.0,"enemies":"Slavers","floor":25.0,"turns":4.0},{"damage":10.0,"enemies":"Gremlin Leader","floor":28.0,"turns":5.0},{"damage":47,"enemies":"Automaton","floor":33,"turns":6}],"seed_played":"-8450218724816516312","potions_obtained":[{"floor":3.0,"key":"Cursed Concoction"},{"floor":8.0,"key":"SteroidPotion"},{"floor":18.0,"key":"Adrenaline Potion"},{"floor":23.0,"key":"AttackPotion"}],"is_trial":false,"path_per_floor":["M","?","M","?","M","R","E","M","T","R","E","?","R","E","R","B",null,"M","M","$","?","?","E","T","E","T","R","E","R","$","$","R","B"],"character_chosen":"IRONCLAD","items_purchased":["MerchantsRug","Limit Break+1","Quantum Egg","Feel No Pain"],"campfire_rested":2,"item_purchase_floors":[20,20,30,31],"current_hp_per_floor":[66,53,45,45,45,45,14,8,8,32,30,30,30,36,36,35,69,57,47,47,47,47,34,34,20,20,45,43,43,43,43,43,0,0],"gold":54,"neow_bonus":"ONE_RANDOM_RARE_CARD","is_daily":false,"chose_seed":false,"campfire_upgraded":5,"win_rate":0,"timestamp":1607612694,"path_taken":["M","?","M","?","?","R","E","M","T","R","E","?","R","E","R","BOSS","M","?","$","?","?","E","?","E","T","R","E","R","?","$","R","BOSS"],"build_version":"2020-11-30","purchased_purges":0,"victory":false,"max_hp_per_floor":[75,80,80,80,80,80,80,80,80,80,80,80,80,80,80,80,80,80,80,80,80,80,85,85,85,85,85,85,85,85,85,85,85,85],"card_choices":[{"not_picked":["Run Through","Cleave","Heavy Blade"],"picked":"SKIP","floor":1.0},{"not_picked":["Heavy Blade","Infernal Blade"],"picked":"Pommel Strike","floor":3.0},{"not_picked":["True Grit","Flame Barrier"],"picked":"Armaments","floor":5.0},{"not_picked":["Entrench","ReplayTheSpireMod:Strike From Hell"],"picked":"Body Slam","floor":7.0},{"not_picked":["Wild Strike","Iron Wave"],"picked":"Replay:Undeath\u0027s Touch","floor":8.0},{"not_picked":["Clash","Ghostly Armor"],"picked":"Eclipse","floor":11.0},{"not_picked":["ReplayTheSpireMod:Strike From Hell","True Grit","Thunderclap"],"picked":"SKIP","floor":14.0},{"not_picked":["Bludgeon","Juggernaut"],"picked":"Berserk","floor":16.0},{"not_picked":["Wild Strike","Flex+1","Hemokinesis"],"picked":"SKIP","floor":18.0},{"not_picked":["Blood for Blood","Flex+1"],"picked":"ReplayTheSpireMod:Stacked+1","floor":19.0},{"not_picked":["Twin Strike","ReplayTheSpireMod:Stacked+1","ReplayTheSpireMod:Strike From Hell+1"],"picked":"SKIP","floor":23.0},{"not_picked":["Warcry+1","Perfected Strike+1","Clothesline"],"picked":"SKIP","floor":25.0},{"not_picked":["ReplayTheSpireMod:Limb From Limb","Clothesline","Corruption"],"picked":"SKIP","floor":28.0},{"not_picked":["ReplayTheSpireMod:Limb From Limb","Clothesline","Corruption"],"picked":"SKIP","floor":28.0}],"player_experience":1008537,"relics_obtained":[{"floor":1.0,"key":"Baka"},{"floor":7.0,"key":"Red Skull"},{"floor":9.0,"key":"Replay:Wax Seal"},{"floor":11.0,"key":"Iron Hammer"},{"floor":14.0,"key":"vexMod:RetaliationKit"},{"floor":17.0,"key":"testmod-Antiphasic"},{"floor":17.0,"key":"Toxic Egg 2"},{"floor":17.0,"key":"testmod-FatalChain"},{"floor":23.0,"key":"Garlic"},{"floor":24.0,"key":"testmod-RealStoneCalender"},{"floor":25.0,"key":"GodSword6"},{"floor":26.0,"key":"Blood Vial"},{"floor":28.0,"key":"Grinning Jar"}],"event_choices":[{"damage_healed":0.0,"max_hp_gain":0.0,"max_hp_loss":0.0,"gold_gain":0.0,"event_name":"Scrap Ooze","player_choice":"Success","floor":2.0,"gold_loss":0.0,"damage_taken":18.0,"relics_obtained":["vexMod:Dragonfruit"]},{"damage_healed":0.0,"max_hp_gain":0.0,"max_hp_loss":0.0,"gold_gain":0.0,"cards_transformed":["Strike_R"],"event_name":"Living Wall","player_choice":"Change","floor":4.0,"gold_loss":0.0,"damage_taken":0.0,"cards_obtained":["Rage"]},{"damage_healed":0.0,"max_hp_gain":0.0,"max_hp_loss":0.0,"gold_gain":0.0,"event_name":"FaceTrader","player_choice":"Trade","floor":12.0,"gold_loss":0.0,"damage_taken":0.0,"relics_obtained":["CultistMask"]},{"damage_healed":0.0,"max_hp_gain":0.0,"max_hp_loss":0.0,"gold_gain":0.0,"event_name":"Vampires","player_choice":"Ignored","floor":21.0,"gold_loss":0.0,"damage_taken":0.0},{"damage_healed":0.0,"max_hp_gain":0.0,"max_hp_loss":0.0,"gold_gain":0.0,"event_name":"Ghosts","player_choice":"Ignored","floor":22.0,"gold_loss":0.0,"damage_taken":0.0}],"is_beta":false,"boss_relics":[{"not_picked":["Painkiller Herb","Cursed Key"],"picked":"Calling Bell"}],"items_purged_floors":[],"is_endless":false,"potions_floor_spawned":[3,8,14,18,23],"killed_by":"Automaton","ascension_level":20}}