{"host":"lw874zp3en0pz6a7","time":1607573278,"event":{"gold_per_floor":[212,212,236,61,86,127,127,152,179,198,303,347,347,361,361,361,361],"floor_reached":16,"playtime":668,"items_purged":[],"score":112,"play_id":"2e2aeb2b-1554-4593-93f8-6f133bf3ded4","local_time":"20201210120758","is_ascension_mode":false,"campfire_choices":[{"data":"Apotheosis","floor":7.0,"key":"SMITH"},{"data":"Runesmith:Grindstone","floor":15,"key":"SMITH"}],"neow_cost":"NONE","seed_source_timestamp":41981942605700,"circlet_count":0,"master_deck":["Runesmith:Strike_RS","Runesmith:Strike_RS","Runesmith:Strike_RS","Runesmith:Strike_RS","Runesmith:Defend_RS","Runesmith:Defend_RS","Runesmith:Defend_RS","Runesmith:Defend_RS","Runesmith:CraftFirestone","Runesmith:Fortify","Apotheosis+1","Runesmith:ShiftingStrike","Runesmith:Grindstone+1","Runesmith:HammerThrow"],"special_seed":0,"relics":["Runesmith:BrokenRuby","LagranYue:RandomDrawCardRelic","Golden Idol","ReplayTheSpireMod:Lightbulb","keyreminder:keyreminder","Centennial Puzzle"],"potions_floor_usage":[],"damage_taken":[{"damage":0.0,"enemies":"Cultist","floor":1.0,"turns":4.0},{"damage":1.0,"enemies":"2 Louse","floor":3.0,"turns":3.0},{"damage":0.0,"enemies":"Small Slimes","floor":5.0,"turns":4.0},{"damage":22.0,"enemies":"3 Sentries","floor":6.0,"turns":9.0},{"damage":0.0,"enemies":"3 Louse","floor":8.0,"turns":3.0},{"damage":9.0,"enemies":"Exordium Thugs","floor":10.0,"turns":4.0},{"damage":18.0,"enemies":"Gremlin Nob","floor":12.0,"turns":4.0},{"damage":2,"enemies":"Exordium Wildlife","floor":14,"turns":4},{"damage":0,"enemies":"Slime Boss","floor":16,"turns":1}],"seed_played":"6078394669460792264","potions_obtained":[{"floor":1.0,"key":"Cursed Concoction"},{"floor":11.0,"key":"hexamod:EctoCoolerPotion"},{"floor":11.0,"key":"LifebloodPotion"},{"floor":11.0,"key":"Explosive Potion"},{"floor":12.0,"key":"Adrenaline Potion"}],"is_trial":false,"path_per_floor":["M","?","M","$","M","E","R","M","T","M","?","E","?","M","R","B"],"character_chosen":"RUNESMITH_CLASS","items_purchased":["Apotheosis"],"campfire_rested":0,"item_purchase_floors":[4],"current_hp_per_floor":[70,53,52,52,52,30,30,30,30,21,21,3,3,1,1,1,1],"gold":361,"neow_bonus":"HUNDRED_GOLD","is_prod":false,"is_daily":false,"chose_seed":false,"campfire_upgraded":2,"win_rate":0.0,"timestamp":1607573278,"path_taken":["M","?","M","$","M","E","R","M","T","M","?","E","?","M","R","BOSS"],"build_version":"2020-11-30","purchased_purges":0,"victory":false,"max_hp_per_floor":[70,70,70,70,70,70,70,70,70,70,70,70,70,70,70,70,70],"card_choices":[{"not_picked":["Runesmith:Firestorm","Runesmith:ElementalConversion","Runesmith:HeatExchange"],"picked":"SKIP","floor":1.0},{"not_picked":["Runesmith:FrozenChisel","Runesmith:UnstableHammer","Runesmith:HeatedChisel"],"picked":"SKIP","floor":3.0},{"not_picked":["Runesmith:CraftVitae","Runesmith:CraftMagma"],"picked":"Runesmith:ShiftingStrike","floor":5.0},{"not_picked":["Runesmith:BackupBattery","Runesmith:StaticCage","Runesmith:RuneHurl"],"picked":"SKIP","floor":6.0},{"not_picked":["Runesmith:MetallurgicalResearch","Runesmith:Attraction","Runesmith:ShiftingStrike"],"picked":"SKIP","floor":8.0},{"not_picked":["Runesmith:MakeshiftArmor","Runesmith:HeatedChisel"],"picked":"Runesmith:Grindstone","floor":10.0},{"not_picked":["Runesmith:HeatExchange","Runesmith:Malloc"],"picked":"Runesmith:HammerThrow","floor":11.0},{"not_picked":["Runesmith:GoWithTheFlow","Runesmith:Firestorm","Runesmith:NegativeSpace"],"picked":"SKIP","floor":12.0},{"not_picked":["Runesmith:EarthShield","Runesmith:CraftObretio","Runesmith:CraftProtectio"],"picked":"SKIP","floor":14}],"player_experience":201409,"relics_obtained":[{"floor":6.0,"key":"ReplayTheSpireMod:Lightbulb"},{"floor":12.0,"key":"Centennial Puzzle"}],"event_choices":[{"damage_healed":0.0,"max_hp_gain":0.0,"max_hp_loss":0.0,"gold_gain":0.0,"event_name":"Golden Idol","player_choice":"Take Damage","floor":2.0,"gold_loss":0.0,"damage_taken":17.0,"relics_obtained":["Golden Idol"]}],"is_beta":false,"boss_relics":[],"items_purged_floors":[],"is_endless":false,"potions_floor_spawned":[1,12],"killed_by":"Slime Boss","ascension_level":0}}