{"host":"lvf3ywlo9ittp3f6","time":1607610249,"event":{"gold_per_floor":[111,123,137,137,155,155,180,180,180,51,68,84,84,100,100,100,100],"floor_reached":16,"playtime":3079,"items_purged":["Defend_B"],"score":130,"play_id":"6d4713f4-2a6b-4888-99fa-f94b6c1c8387","local_time":"20201210172409","is_ascension_mode":true,"campfire_choices":[{"data":"Zap","floor":6.0,"key":"SMITH"},{"data":"Cold Snap","floor":8.0,"key":"SMITH"},{"data":"Beam Cell","floor":13.0,"key":"SMITH"},{"data":"Reinforced Body","floor":15,"key":"SMITH"}],"neow_cost":"NONE","seed_source_timestamp":0,"circlet_count":0,"master_deck":["Strike_B","Strike_B","Defend_B","Defend_B","Zap+1","Dualcast","Rebound+1","Amplify+1","Fission+1","Capacitor","White Noise+1","Beam Cell+1","Cold Snap+1","Leap","Coolheaded","Ball Lightning","Compile Driver","Reinforced Body+1"],"special_seed":0,"relics":["Astrolabe","Du-Vu Doll","Shovel"],"potions_floor_usage":[14],"damage_taken":[{"damage":6.0,"enemies":"Cultist","floor":1.0,"turns":3.0},{"damage":7.0,"enemies":"Small Slimes","floor":2.0,"turns":3.0},{"damage":13.0,"enemies":"Jaw Worm","floor":3.0,"turns":4.0},{"damage":7.0,"enemies":"Looter","floor":5.0,"turns":3.0},{"damage":26.0,"enemies":"3 Sentries","floor":7.0,"turns":8.0},{"damage":4.0,"enemies":"Red Slaver","floor":11.0,"turns":2.0},{"damage":0.0,"enemies":"2 Fungi Beasts","floor":12.0,"turns":3.0},{"damage":1,"enemies":"3 Louse","floor":14,"turns":2},{"damage":21,"enemies":"Slime Boss","floor":16,"turns":6}],"seed_played":"7947186623955080890","potions_obtained":[{"floor":2.0,"key":"Explosive Potion"},{"floor":3.0,"key":"Explosive Potion"},{"floor":5.0,"key":"PotionOfCapacity"},{"floor":11.0,"key":"EssenceOfDarkness"}],"is_trial":false,"path_per_floor":["M","M","M","?","M","R","E","R","T","$","M","M","R","M","R","B"],"character_chosen":"DEFECT","items_purchased":["Coolheaded"],"campfire_rested":0,"item_purchase_floors":[10],"current_hp_per_floor":[69,62,49,49,42,42,16,16,16,16,12,12,12,11,11,0,0],"gold":100,"neow_bonus":"BOSS_RELIC","is_prod":false,"is_daily":false,"chose_seed":false,"campfire_upgraded":4,"win_rate":0,"timestamp":1607610249,"path_taken":["M","M","M","?","M","R","E","R","T","$","?","M","R","M","R","BOSS"],"build_version":"2020-11-30","purchased_purges":1,"victory":false,"max_hp_per_floor":[75,75,75,75,75,75,75,75,75,75,75,75,75,75,75,75,75],"relic_stats":{"Shovel":0,"counters":[9,34],"Astrolabe":["Rebound","Amplify","Fission"],"obtain_stats":[{"Du-Vu Doll":7,"Shovel":9,"Astrolabe":0,"Cracked Core":0},{"Du-Vu Doll":5,"Shovel":5,"Astrolabe":0,"Cracked Core":0},{"Du-Vu Doll":21,"Shovel":21,"Astrolabe":0,"Cracked Core":0}]},"card_choices":[{"not_picked":["Compile Driver","Turbo"],"picked":"Capacitor","floor":1.0},{"not_picked":["Rebound","Sweeping Beam"],"picked":"White Noise","floor":2.0},{"not_picked":["Melter","Double Energy"],"picked":"Beam Cell","floor":3.0},{"not_picked":["Turbo","Scrape"],"picked":"Cold Snap","floor":5.0},{"not_picked":["Multi-Cast","Aggregate"],"picked":"Leap","floor":7.0},{"not_picked":["Stack","Capacitor"],"picked":"Ball Lightning","floor":11.0},{"not_picked":["Turbo","Reboot"],"picked":"Compile Driver","floor":12.0},{"not_picked":["Beam Cell","Stack"],"picked":"Reinforced Body","floor":14}],"player_experience":466775,"relics_obtained":[{"floor":7.0,"key":"Du-Vu Doll"},{"floor":9.0,"key":"Shovel"}],"event_choices":[{"damage_healed":0.0,"max_hp_gain":0.0,"max_hp_loss":0.0,"gold_gain":0.0,"event_name":"Upgrade Shrine","player_choice":"Upgraded","floor":4.0,"gold_loss":0.0,"damage_taken":0.0,"cards_upgraded":["White Noise"]}],"is_beta":false,"boss_relics":[],"items_purged_floors":[10],"is_endless":false,"potions_floor_spawned":[2,3,5,11],"killed_by":"Slime Boss","ascension_level":5}}