{"host":"3y2rtlgteqp2nuo3","time":1607575664,"event":{"gold_per_floor":[119,131,142,152,163,163,113,148,148,183,194,194,214,247,247,343,343,357,370,45,61,75,75,102,102,151,151,161,161,179,194,194,296,296,309,321,321,336,356,356,376,376,424,440,455,102,129,140,140,140,140],"floor_reached":50,"playtime":1626,"items_purged":["Normality"],"score":812,"play_id":"27de6d4f-6632-459c-a7e1-751ebb06375e","local_time":"20201210134744","is_ascension_mode":true,"campfire_choices":[{"data":"Zap","floor":6.0,"key":"SMITH"},{"floor":12.0,"key":"REST"},{"floor":15.0,"key":"REST"},{"floor":23.0,"key":"REST"},{"floor":29.0,"key":"REST"},{"data":"White Noise","floor":32.0,"key":"SMITH"},{"floor":40.0,"key":"REST"},{"data":"Echo Form","floor":42.0,"key":"SMITH"},{"floor":49.0,"key":"REST"}],"neow_cost":"NONE","seed_source_timestamp":1398048476505000,"circlet_count":0,"master_deck":["AscendersBane","Defend_B","Defend_B","Defend_B","Zap+1","Dualcast","Scrape","Coolheaded","Ball Lightning","Hologram","FTL","Doom and Gloom","Turbo+1","Tempest","Streamline","Compile Driver","BootSequence","Electrodynamics","Glacier","Steam Power+1","White Noise+1","Echo Form+1","Thunder Strike","Clumsy","Tempest","Biased Cognition","Skim","Seek","Turbo","Tempest+1","Capacitor","Loop+1","Panacea","Echo Form"],"special_seed":0,"relics":["Cracked Core","Ancient Tea Set","Question Card","Mummified Hand","White Beast Statue","Cursed Key","Bottled Tornado","Singing Bowl","Regal Pillow","SacredBark","Akabeko","Blood Vial","Calipers"],"potions_floor_usage":[50],"damage_taken":[{"damage":0.0,"enemies":"Small Slimes","floor":1.0,"turns":3.0},{"damage":3.0,"enemies":"2 Louse","floor":2.0,"turns":3.0},{"damage":5.0,"enemies":"Jaw Worm","floor":3.0,"turns":3.0},{"damage":9.0,"enemies":"Red Slaver","floor":4.0,"turns":3.0},{"damage":7.0,"enemies":"2 Fungi Beasts","floor":5.0,"turns":3.0},{"damage":9.0,"enemies":"Gremlin Nob","floor":8.0,"turns":3.0},{"damage":21.0,"enemies":"3 Sentries","floor":10.0,"turns":5.0},{"damage":6.0,"enemies":"Looter","floor":11.0,"turns":2.0},{"damage":3.0,"enemies":"Blue Slaver","floor":13.0,"turns":2.0},{"damage":17.0,"enemies":"Lagavulin","floor":14.0,"turns":4.0},{"damage":31.0,"enemies":"Slime Boss","floor":16.0,"turns":7.0},{"damage":0.0,"enemies":"Chosen","floor":18.0,"turns":3.0},{"damage":16.0,"enemies":"2 Thieves","floor":19.0,"turns":3.0},{"damage":12.0,"enemies":"Sentry and Sphere","floor":21.0,"turns":4.0},{"damage":9.0,"enemies":"Snake Plant","floor":22.0,"turns":3.0},{"damage":22.0,"enemies":"Book of Stabbing","floor":24.0,"turns":5.0},{"damage":12.0,"enemies":"3 Cultists","floor":28.0,"turns":3.0},{"damage":0.0,"enemies":"Centurion and Healer","floor":30.0,"turns":2.0},{"damage":0.0,"enemies":"Sentry and Sphere","floor":31.0,"turns":3.0},{"damage":40.0,"enemies":"Collector","floor":33.0,"turns":10.0},{"damage":2.0,"enemies":"3 Darklings","floor":35.0,"turns":2.0},{"damage":4.0,"enemies":"3 Shapes","floor":36.0,"turns":2.0},{"damage":8.0,"enemies":"Jaw Worm Horde","floor":38.0,"turns":2.0},{"damage":12.0,"enemies":"Transient","floor":39.0,"turns":5.0},{"damage":6.0,"enemies":"Writhing Mass","floor":41.0,"turns":2.0},{"damage":0.0,"enemies":"Jaw Worm Horde","floor":44.0,"turns":2.0},{"damage":40.0,"enemies":"Transient","floor":45.0,"turns":5.0},{"damage":29.0,"enemies":"Reptomancer","floor":47.0,"turns":5.0},{"damage":0.0,"enemies":"Sphere and 2 Shapes","floor":48.0,"turns":2.0},{"damage":57,"enemies":"Awakened One","floor":50,"turns":3}],"seed_played":"1946083112691492709","potions_obtained":[{"floor":2.0,"key":"AttackPotion"},{"floor":3.0,"key":"Weak Potion"},{"floor":8.0,"key":"Dexterity Potion"},{"floor":13.0,"key":"DistilledChaos"},{"floor":14.0,"key":"LiquidBronze"},{"floor":16.0,"key":"Swift Potion"},{"floor":24.0,"key":"Fire Potion"},{"floor":28.0,"key":"Weak Potion"},{"floor":33.0,"key":"CultistPotion"},{"floor":35.0,"key":"GamblersBrew"},{"floor":36.0,"key":"EssenceOfDarkness"},{"floor":39.0,"key":"Fire Potion"},{"floor":41.0,"key":"Explosive Potion"},{"floor":44.0,"key":"GamblersBrew"},{"floor":45.0,"key":"EssenceOfSteel"},{"floor":47.0,"key":"BlessingOfTheForge"},{"floor":48.0,"key":"Weak Potion"}],"is_trial":false,"path_per_floor":["M","M","M","M","M","R","?","E","T","E","M","R","M","E","R","B",null,"M","M","$","M","M","R","E","?","T","?","M","R","M","M","R","B",null,"M","M","?","M","M","R","M","R","T","M","M","$","E","M","R","B"],"character_chosen":"DEFECT","items_purchased":["Bottled Tornado","Glacier","Blood Vial","Panacea","AttackPotion"],"campfire_rested":6,"item_purchase_floors":[20,20,46,46,46],"current_hp_per_floor":[68,65,60,51,44,44,44,35,35,14,8,30,27,10,32,1,57,57,41,41,29,20,42,20,20,20,20,8,45,45,47,47,7,60,60,56,56,50,38,77,71,71,71,71,33,33,6,10,50,0,0],"gold":140,"neow_bonus":"TRANSFORM_CARD","is_prod":false,"is_daily":false,"chose_seed":false,"campfire_upgraded":3,"win_rate":0,"timestamp":1607575664,"path_taken":["M","M","M","M","M","R","?","E","T","E","M","R","M","E","R","BOSS","M","M","$","M","M","R","E","?","T","?","M","R","?","M","R","BOSS","M","M","?","M","M","R","?","R","T","M","M","$","E","M","R","BOSS"],"build_version":"2020-11-30","purchased_purges":1,"victory":false,"max_hp_per_floor":[75,75,75,75,75,75,75,75,75,75,75,75,75,75,75,75,75,75,75,75,75,75,75,75,75,75,75,75,75,75,77,77,77,77,79,79,79,81,81,81,81,81,81,81,83,83,83,85,85,85,85],"card_choices":[{"not_picked":["Beam Cell","Lockon"],"picked":"Coolheaded","floor":1.0},{"not_picked":["Streamline","Compile Driver"],"picked":"Ball Lightning","floor":2.0},{"not_picked":["Auto Shields","Go for the Eyes"],"picked":"Hologram","floor":3.0},{"not_picked":["Cold Snap","Glacier"],"picked":"FTL","floor":4.0},{"not_picked":["Cold Snap","Glacier"],"picked":"Doom and Gloom","floor":5.0},{"not_picked":["Reprogram","Steam"],"picked":"Turbo","floor":8.0},{"not_picked":["Compile Driver","Steam Power","Leap"],"picked":"Tempest","floor":10.0},{"not_picked":["Darkness","Sunder","Rainbow"],"picked":"Streamline","floor":11.0},{"not_picked":["Redo","Coolheaded","Go for the Eyes"],"picked":"Compile Driver","floor":13.0},{"not_picked":["Heatsinks","Glacier","Beam Cell"],"picked":"BootSequence","floor":14.0},{"not_picked":["Biased Cognition","Seek","Rainbow"],"picked":"Electrodynamics","floor":16.0},{"not_picked":["Fusion+1","Barrage","Hello World","Cold Snap"],"picked":"SKIP","floor":18.0},{"not_picked":["Hello World+1","Barrage","Beam Cell","Streamline"],"picked":"SKIP","floor":19.0},{"not_picked":["Turbo","Compile Driver+1","Beam Cell"],"picked":"Steam Power+1","floor":21.0},{"not_picked":["Auto Shields","Streamline","Hologram","Coolheaded"],"picked":"SKIP","floor":22.0},{"not_picked":["Gash","Go for the Eyes+1","Redo"],"picked":"White Noise","floor":24.0},{"not_picked":["Steam","Redo+1","Tempest"],"picked":"Biased Cognition","floor":28.0},{"not_picked":["Sweeping Beam+1","Stack","Cold Snap"],"picked":"Skim","floor":30.0},{"not_picked":["Barrage","Compile Driver","Stack","Double Energy"],"picked":"Singing Bowl","floor":31.0},{"not_picked":["All For One","Fission","Core Surge"],"picked":"Seek","floor":33.0},{"not_picked":["Conserve Battery+1","Steam+1","Compile Driver+1","Stack+1"],"picked":"Singing Bowl","floor":35.0},{"not_picked":["Lockon","Streamline","Compile Driver+1"],"picked":"Turbo","floor":36.0},{"not_picked":["Compile Driver","Auto Shields","Lockon+1","Steam"],"picked":"Singing Bowl","floor":38.0},{"not_picked":["Thunder Strike","Blizzard","Barrage"],"picked":"Tempest+1","floor":39.0},{"not_picked":["Genetic Algorithm","Redo+1","Beam Cell+1"],"picked":"Capacitor","floor":41.0},{"not_picked":["Beam Cell","Gash+1","Rebound+1"],"picked":"Loop+1","floor":44.0},{"not_picked":["Steam Power+1","Steam","Aggregate","Chill+1"],"picked":"Singing Bowl","floor":45.0},{"not_picked":["Doom and Gloom+1","Compile Driver+1","Ball Lightning+1"],"picked":"Echo Form","floor":47.0},{"not_picked":["Ball Lightning","Conserve Battery+1","Stack","Sweeping Beam"],"picked":"Singing Bowl","floor":48.0}],"player_experience":848159,"relics_obtained":[{"floor":8.0,"key":"Ancient Tea Set"},{"floor":9.0,"key":"Question Card"},{"floor":10.0,"key":"Mummified Hand"},{"floor":14.0,"key":"White Beast Statue"},{"floor":24.0,"key":"Singing Bowl"},{"floor":26.0,"key":"Regal Pillow"},{"floor":43.0,"key":"Akabeko"},{"floor":47.0,"key":"Calipers"}],"event_choices":[{"cards_removed":["Strike_B"],"damage_healed":0.0,"max_hp_gain":0.0,"max_hp_loss":0.0,"gold_gain":0.0,"event_name":"The Cleric","player_choice":"Card Removal","floor":7.0,"gold_loss":50.0,"damage_taken":0.0},{"damage_healed":0.0,"max_hp_gain":0.0,"max_hp_loss":0.0,"gold_gain":0.0,"cards_transformed":["Strike_B","Strike_B"],"event_name":"Drug Dealer","player_choice":"Became Test Subject","floor":25.0,"gold_loss":0.0,"damage_taken":0.0,"cards_obtained":["Echo Form","Thunder Strike"]},{"damage_healed":0.0,"max_hp_gain":0.0,"max_hp_loss":0.0,"gold_gain":0.0,"cards_transformed":["Defend_B"],"event_name":"Transmorgrifier","player_choice":"Transformed","floor":27.0,"gold_loss":0.0,"damage_taken":0.0,"cards_obtained":["Tempest"]},{"damage_healed":0.0,"max_hp_gain":0.0,"max_hp_loss":0.0,"gold_gain":0.0,"event_name":"Upgrade Shrine","player_choice":"Upgraded","floor":37.0,"gold_loss":0.0,"damage_taken":0.0,"cards_upgraded":["Turbo"]}],"is_beta":false,"boss_relics":[{"not_picked":["Runic Dome","Sozu"],"picked":"Cursed Key"},{"not_picked":["Runic Pyramid","Busted Crown"],"picked":"SacredBark"}],"items_purged_floors":[46],"is_endless":false,"potions_floor_spawned":[2,3,8,13,14,16,18,19,21,22,24,28,30,31,33,35,36,38,39,41,44,45,47,48],"killed_by":"Awakened One","ascension_level":11}}