{"host":"zkqorkqsr6o67e8b","time":1607578905,"event":{"gold_per_floor":[18,18,168,168,64,64,92,92,139,139,153,173,189,222,222,296,296,316,50,65,65,83,83,94,123,160,172,217,249,261,299,311,397,409,433,462,474,486,518,564,576,601,638,650,173,184,184,195,195,195,195,195,33,62,62,62],"floor_reached":55,"playtime":3263,"items_purged":["alterego_mod:Strike","alterego_mod:Strike","Confused","alterego_mod:Rip"],"score":1434,"play_id":"86927e80-a04a-494b-ad76-2ef18c3d59bd","local_time":"20201210134145","is_ascension_mode":true,"campfire_choices":[{"data":"Machine Learning","floor":6.0,"key":"SMITH"},{"data":"alterego_mod:Belts","floor":8.0,"key":"SMITH"},{"data":"alterego_mod:Stockings","floor":10.0,"key":"SMITH"},{"data":"alterego_mod:TrickOrTreatment","floor":15.0,"key":"SMITH"},{"data":"alterego_mod:BrynhildrRomantia","floor":23.0,"key":"SMITH"},{"data":"alterego_mod:IndependentAction","floor":27.0,"key":"SMITH"},{"data":"alterego_mod:Lift","floor":32.0,"key":"SMITH"},{"data":"alterego_mod:Clones","floor":41.0,"key":"SMITH"},{"data":"alterego_mod:GIGAMILK","floor":47.0,"key":"SMITH"},{"floor":49.0,"key":"RECALL"},{"data":"alterego_mod:Birthday","floor":52.0,"key":"SMITH"}],"neow_cost":"NO_GOLD","seed_source_timestamp":14799672993000,"circlet_count":0,"master_deck":["AscendersBane","alterego_mod:BrynhildrsRune","Machine Learning+1","alterego_mod:IndependentAction+1","alterego_mod:Stockings+1","alterego_mod:Birthday","alterego_mod:Bounce","alterego_mod:Belts+1","alterego_mod:TrickOrTreatment+1","alterego_mod:BrynhildrRomantia+1","alterego_mod:Cushion+1","alterego_mod:TrashNCrash","alterego_mod:TrashNCrash+1","alterego_mod:Lift+1","alterego_mod:Cycle","alterego_mod:Undulate","alterego_mod:Bloomers","alterego_mod:SakuraFive","alterego_mod:Clones+1","alterego_mod:GIGAMILK+1","alterego_mod:Birthday+1","alterego_mod:Bounce","alterego_mod:BeGentle+1"],"special_seed":0,"relics":["alterego_mod:MasochisticConstitution","REME_ComplimentaryCards","Ancient Tea Set","Gambling Chip","Empty Cage","Anchor","MawBank","Akabeko","Lantern","alterego_mod:SomeoneToFightFor","HoshigumaDish","Pandora\u0027s Box","The Courier","Boot","Frozen Eye","Sundial","Bag of Marbles"],"potions_floor_usage":[55,55],"damage_taken":[{"damage":3.0,"enemies":"2 Louse","floor":1.0,"turns":3.0},{"damage":30.0,"enemies":"3 Sentries","floor":7.0,"turns":12.0},{"damage":6.0,"enemies":"Small Slimes","floor":11.0,"turns":2.0},{"damage":0.0,"enemies":"Cultist","floor":12.0,"turns":4.0},{"damage":7.0,"enemies":"Red Slaver","floor":13.0,"turns":4.0},{"damage":22.0,"enemies":"Lagavulin","floor":14.0,"turns":10.0},{"damage":4.0,"enemies":"The Guardian","floor":16.0,"turns":10.0},{"damage":21.0,"enemies":"Shell Parasite","floor":18.0,"turns":7.0},{"damage":21.0,"enemies":"2 Thieves","floor":20.0,"turns":5.0},{"damage":24.0,"enemies":"Shelled Parasite and Fungi","floor":22.0,"turns":7.0},{"damage":12.0,"enemies":"Snake Plant","floor":24.0,"turns":6.0},{"damage":50.0,"enemies":"REME_1_Revenger","floor":25.0,"turns":6.0},{"damage":58.0,"enemies":"Slavers","floor":28.0,"turns":7.0},{"damage":8.0,"enemies":"Centurion and Healer","floor":29.0,"turns":6.0},{"damage":18.0,"enemies":"REME_1_Revenger","floor":31.0,"turns":5.0},{"damage":11.0,"enemies":"Champ","floor":33.0,"turns":10.0},{"damage":80.0,"enemies":"3 Shapes","floor":35.0,"turns":13.0},{"damage":20.0,"enemies":"Orb Walker","floor":36.0,"turns":4.0},{"damage":54.0,"enemies":"Spire Growth","floor":39.0,"turns":6.0},{"damage":14.0,"enemies":"Giant Head","floor":40.0,"turns":7.0},{"damage":94.0,"enemies":"Sphere and 2 Shapes","floor":42.0,"turns":10.0},{"damage":17.0,"enemies":"Maw","floor":46.0,"turns":6.0},{"damage":49.0,"enemies":"4 Shapes","floor":48.0,"turns":6.0},{"damage":92.0,"enemies":"Awakened One","floor":50.0,"turns":10.0},{"damage":127.0,"enemies":"Shield and Spear","floor":54.0,"turns":7.0},{"damage":77,"enemies":"The Heart","floor":55,"turns":6}],"seed_played":"7262649611290473846","potions_obtained":[{"floor":1.0,"key":"Fire Potion"},{"floor":12.0,"key":"Fire Potion"},{"floor":13.0,"key":"Fire Potion"},{"floor":18.0,"key":"SkillPotion"},{"floor":22.0,"key":"AttackPotion"},{"floor":28.0,"key":"AttackPotion"},{"floor":33.0,"key":"Strength Potion"},{"floor":40.0,"key":"RedTea"},{"floor":54.0,"key":"Ancient Potion"}],"is_trial":false,"path_per_floor":["M","?","?","?","$","R","E","R","T","R","M","M","M","E","R","B",null,"M","$","M","?","M","R","M","E","T","R","E","M","?","E","R","B",null,"M","M","?","?","M","E","R","M","T","?","$","M","R","M","R","B",null,"R","$","E","B"],"character_chosen":"The_Alterego","items_purchased":["alterego_mod:Bounce","Anchor","alterego_mod:GIGAMILK","Frozen Eye","Sundial","alterego_mod:Bounce"],"campfire_rested":0,"item_purchase_floors":[5,19,45,45,45,53],"current_hp_per_floor":[64,64,64,64,64,64,58,58,58,58,55,57,53,41,41,47,65,75,75,79,79,84,84,91,57,57,57,46,81,81,92,92,95,117,92,97,97,97,77,83,83,43,43,43,43,51,51,62,62,14,151,151,151,52,0,0],"gold":62,"neow_bonus":"TRANSFORM_TWO_CARDS","is_prod":false,"is_daily":false,"chose_seed":false,"campfire_upgraded":10,"win_rate":0,"timestamp":1607578905,"path_taken":["M","?","?","?","$","R","E","R","T","R","M","?","M","E","R","BOSS","M","$","M","?","M","R","M","E","T","R","E","M","?","E","R","BOSS","M","M","?","?","?","E","R","M","T","?","$","M","R","M","R","BOSS","R","$","E","BOSS"],"build_version":"2020-11-30","purchased_purges":4,"victory":false,"max_hp_per_floor":[66,66,66,66,66,66,67,67,67,67,68,68,69,70,70,71,71,75,75,79,79,86,86,91,92,92,92,105,114,114,119,119,124,124,137,142,142,142,147,152,152,165,165,165,165,170,170,183,183,196,196,196,196,205,205,205],"card_choices":[{"not_picked":["alterego_mod:Rip","alterego_mod:Swimsuit"],"picked":"alterego_mod:Birthday","floor":1.0},{"not_picked":["alterego_mod:Bounce","alterego_mod:IdEs"],"picked":"alterego_mod:Belts","floor":7.0},{"not_picked":["alterego_mod:DiscoLights","alterego_mod:Bunnysuit","alterego_mod:Skirt"],"picked":"SKIP","floor":11.0},{"not_picked":["alterego_mod:Undulate","alterego_mod:Skirt","alterego_mod:DeftHands"],"picked":"SKIP","floor":12.0},{"not_picked":["alterego_mod:Skirt","alterego_mod:Cooking","alterego_mod:Punishment"],"picked":"SKIP","floor":13.0},{"not_picked":["alterego_mod:DestructionOfProperty","alterego_mod:DeftHands"],"picked":"alterego_mod:TrickOrTreatment","floor":14.0},{"not_picked":["alterego_mod:Antipathy","alterego_mod:VirginLaserPalladion"],"picked":"alterego_mod:BrynhildrRomantia","floor":16.0},{"not_picked":["alterego_mod:MaintainEyeContact","alterego_mod:Complex"],"picked":"alterego_mod:Cushion","floor":18.0},{"not_picked":["alterego_mod:Skirt","alterego_mod:BeGentle","alterego_mod:DustData"],"picked":"SKIP","floor":20.0},{"not_picked":["alterego_mod:BiFurious","alterego_mod:Cooking"],"picked":"alterego_mod:TrashNCrash+1","floor":22.0},{"not_picked":["alterego_mod:GachaTicket+1","alterego_mod:Santa","alterego_mod:TrashNCrash"],"picked":"SKIP","floor":24.0},{"not_picked":["alterego_mod:Bloomers","alterego_mod:Maid+1","alterego_mod:Skirt+1"],"picked":"SKIP","floor":25.0},{"not_picked":["alterego_mod:Pet+1","alterego_mod:PurpleHair","alterego_mod:Punishment"],"picked":"SKIP","floor":28.0},{"not_picked":["alterego_mod:DiscoLights","alterego_mod:Maid+1","alterego_mod:Undulate"],"picked":"SKIP","floor":29.0},{"not_picked":["alterego_mod:Belle","alterego_mod:Bloomers+1"],"picked":"alterego_mod:Lift","floor":31.0},{"not_picked":["alterego_mod:Punishment+1","alterego_mod:BreastValley"],"picked":"alterego_mod:SakuraFive","floor":35.0},{"not_picked":["alterego_mod:Exercise","alterego_mod:Cycle","alterego_mod:GoddessCore"],"picked":"SKIP","floor":36.0},{"not_picked":["alterego_mod:MagicResistance","alterego_mod:Pet+1","alterego_mod:GoddessCore+1"],"picked":"SKIP","floor":39.0},{"not_picked":["alterego_mod:Jiggle","alterego_mod:Belts"],"picked":"alterego_mod:Clones","floor":40.0},{"not_picked":["alterego_mod:TrashNCrash","alterego_mod:GoddessCore","alterego_mod:Cycle+1"],"picked":"SKIP","floor":42.0},{"not_picked":["alterego_mod:Rip","alterego_mod:IndependentAction+1"],"picked":"alterego_mod:Birthday","floor":46.0},{"not_picked":["alterego_mod:IndependentAction","alterego_mod:DiscoLights","alterego_mod:DestructionOfProperty"],"picked":"SKIP","floor":48.0},{"not_picked":["alterego_mod:MagicResistance+1","alterego_mod:DestructionOfProperty"],"picked":"alterego_mod:BeGentle+1","floor":54.0}],"player_experience":651857,"relics_obtained":[{"floor":7.0,"key":"Ancient Tea Set"},{"floor":14.0,"key":"Gambling Chip"},{"floor":25.0,"key":"MawBank"},{"floor":26.0,"key":"Akabeko"},{"floor":28.0,"key":"Lantern"},{"floor":31.0,"key":"HoshigumaDish"},{"floor":40.0,"key":"The Courier"},{"floor":43.0,"key":"Boot"},{"floor":54.0,"key":"Bag of Marbles"}],"event_choices":[{"damage_healed":0.0,"max_hp_gain":0.0,"max_hp_loss":0.0,"gold_gain":150.0,"event_name":"Liars Game","player_choice":"AGREE","floor":3.0,"gold_loss":0.0,"damage_taken":0.0,"cards_obtained":["Doubt"]},{"cards_removed":["Doubt"],"damage_healed":0.0,"max_hp_gain":0.0,"max_hp_loss":0.0,"gold_gain":0.0,"event_name":"Fountain of Cleansing","player_choice":"Removed Curses","floor":4.0,"gold_loss":0.0,"damage_taken":0.0},{"damage_healed":0.0,"max_hp_gain":0.0,"max_hp_loss":0.0,"gold_gain":0.0,"event_name":"The Library","player_choice":"Read","floor":21.0,"gold_loss":0.0,"damage_taken":0.0,"cards_obtained":["alterego_mod:TrashNCrash"]},{"damage_healed":0.0,"max_hp_gain":0.0,"max_hp_loss":0.0,"gold_gain":0.0,"event_name":"°®µÄÉñÊ¥»¨Ô°","player_choice":"Choice 2","floor":30.0,"gold_loss":0.0,"damage_taken":0.0,"relics_obtained":["alterego_mod:SomeoneToFightFor"]},{"damage_healed":0.0,"max_hp_gain":0.0,"max_hp_loss":0.0,"gold_gain":0.0,"event_name":"Accursed Blacksmith","player_choice":"Forge","floor":38.0,"gold_loss":0.0,"damage_taken":0.0,"cards_upgraded":["alterego_mod:Cushion"]},{"damage_healed":0.0,"max_hp_gain":0.0,"max_hp_loss":0.0,"gold_gain":0.0,"event_name":"The Moai Head","player_choice":"Ignored","floor":44.0,"gold_loss":0.0,"damage_taken":0.0}],"is_beta":false,"boss_relics":[{"not_picked":["Astrolabe","Ectoplasm"],"picked":"Empty Cage"},{"not_picked":["Snecko Eye","Philosopher\u0027s Stone"],"picked":"Pandora\u0027s Box"}],"items_purged_floors":[5,19,45,53],"is_endless":false,"potions_floor_spawned":[1,12,13,18,22,28,33,40,46,54],"killed_by":"The Heart","ascension_level":18}}