{"host":"wvaiab5ya9pyia0u","time":1607632007,"event":{"mods":["BaseMod","StSLib","Hermit","Bestiary","Colored Powertips","Highlight Path","Infinite Spire","Replay The Spire","SacredBarkPlus","Shop Mod","Spicy Shops","The Cursed","The Disciple","The Hierophant","BetterRewards","Conspire","Mimic Mod","Minty Spire (QoL Compilation)","Rare Cards Sparkle","Reworked Bosses","The Runesmith","The Servant 0.9.4","Wandering Minibosses","Aspiration","Hubris","HumanHunterMod(????mod)","Humility","The Construct","The Mystic","everything is the same but u backflip on backflip","slay the spire mod where everything is the same but ironclad has a cowboy hat","Act Like it!","Elementarium","Menagerie","Quick Restart"],"gold_per_floor":[110,110,110,129,144,144,173,200,200,225,245,10,53,85,85,189,189,214,110,140,130,130,130,157,157,157,199,214,214],"floor_reached":28,"playtime":2255,"items_purged":[],"score":222,"play_id":"987c9f4c-77f7-4710-a04a-21eeb208017e","local_time":"20201210212647","is_ascension_mode":false,"campfire_choices":[{"data":"TheCursedMod:CursedWand","floor":6.0,"key":"SMITH"},{"floor":15,"key":"REST"},{"floor":23,"key":"REST"},{"data":"TheCursedMod:CollectTribute","floor":25,"key":"SMITH"}],"circlet_count":0,"master_deck":["TheCursedMod:Strike_TheCursed","TheCursedMod:Strike_TheCursed","TheCursedMod:Strike_TheCursed","TheCursedMod:Strike_TheCursed","TheCursedMod:Defend_TheCursed","TheCursedMod:Defend_TheCursed","TheCursedMod:Defend_TheCursed","TheCursedMod:Defend_TheCursed+1","TheCursedMod:CursedWand+1","TheCursedMod:CleanUpWorkshop","TheCursedMod:Dregs","TheCursedMod:FleshFromBone","TheCursedMod:Stigma","TheCursedMod:Wield","TheCursedMod:CursedBlade","TheCursedMod:ReleasedKnowledge","TheCursedMod:SurpriseAttack","TheCursedMod:FleshFromBone","TheCursedMod:DemonicPact","TheCursedMod:Stigma","TheCursedMod:SpitefulPlan","TheCursedMod:CollectTribute+1","TheCursedMod:CircleOfCorruption+1","TheCursedMod:WearCloak+1","Elementarium:GildedEssence","TheCursedMod:CursedStaff","TheCursedMod:RapidMovement+1"],"special_seed":0,"relics":["TheCursedMod:BlackMagic101","Menagerie:HuntersKnife","infinitespire:PuzzleCube","Tiny Chest","aspiration:ChemicalBlood","Ring of Chaos","Toxic Egg 2","hubris:Towel","Matryoshka","TheCursedMod:DemonicMark","aspiration:FetidBarrel","hubris:ToyBattleship","ReplayFunnel"],"acts_visited":["Exordium","Menagerie:Menagerie"],"potions_floor_usage":[16],"damage_taken":[{"damage":0.0,"enemies":"Menagerie:2_RABBITS","floor":1.0,"turns":4.0},{"damage":0.0,"enemies":"Menagerie:MonstrousExperiment","floor":4.0,"turns":6.0},{"damage":0.0,"enemies":"Menagerie:StygianBoar","floor":5.0,"turns":3.0},{"damage":2.0,"enemies":"Menagerie:MENAGERIE_WILDLIFE","floor":7.0,"turns":9.0},{"damage":11.0,"enemies":"Menagerie:Hydra","floor":8.0,"turns":5.0},{"damage":21.0,"enemies":"Menagerie:BEAST_MAGE_AND_PROWLING_AMALGAM","floor":10.0,"turns":33.0},{"damage":0,"enemies":"Menagerie:KEEPER_AND_YOUNG_SUNEATER","floor":11,"turns":6},{"damage":3,"enemies":"Menagerie:MENAGERIE_WILDLIFE","floor":13,"turns":8},{"damage":3,"enemies":"Menagerie:3_RABBITS","floor":14,"turns":5},{"damage":3,"enemies":"Menagerie:Suneater","floor":16,"turns":14},{"damage":13,"enemies":"Elementarium:VoidCorruption","floor":18,"turns":7},{"damage":13,"enemies":"Elementarium:2_ELEMENTALS","floor":20,"turns":4},{"damage":14,"enemies":"Elementarium:STONE_GOLEMS","floor":24,"turns":7},{"damage":4,"enemies":"Elementarium:3_ELEMENTALS","floor":27,"turns":8},{"damage":60,"enemies":"Elementarium:3_ELEMENTALS","floor":28,"turns":7}],"seed_played":"8475857368310089886","potions_obtained":[{"floor":4.0,"key":"Milkshake"},{"floor":5.0,"key":"Milkshake"},{"floor":8.0,"key":"ColorlessPotion"},{"floor":13,"key":"Weak Potion"},{"floor":16,"key":"PowerPotion"}],"is_trial":false,"path_per_floor":["M","?","?","M","M","R","M","E","T","M","M","$","M","M","R","B",null,"M","?","M","?","?","R","M","R","T","MIM","M"],"character_chosen":"THE_CURSED","items_purchased":["TheCursedMod:DemonicPact","aspiration:ChemicalBlood"],"campfire_rested":2,"item_purchase_floors":[12,12],"current_hp_per_floor":[82,77,76,76,76,76,74,63,63,42,42,42,39,36,58,55,76,63,63,50,50,50,72,58,58,58,54,0,0],"gold":214,"neow_bonus":"TEN_PERCENT_HP_BONUS","is_daily":false,"chose_seed":false,"campfire_upgraded":2,"win_rate":0.0,"timestamp":1607632007,"path_taken":["M","?","?","M","M","R","M","E","T","M","M","$","M","M","R","BOSS","M","?","M","?","?","R","M","R","T","?","M"],"build_version":"2020-11-30","purchased_purges":0,"victory":false,"max_hp_per_floor":[82,82,76,76,76,76,76,76,76,76,76,76,76,76,76,76,76,76,76,76,76,76,76,76,76,76,76,76,76],"card_choices":[{"not_picked":["TheCursedMod:CursedSpellbook","TheCursedMod:CursedMace"],"picked":"TheCursedMod:FleshFromBone","floor":1.0},{"not_picked":["TheCursedMod:CircleOfFlame","TheCursedMod:SmokeScreen"],"picked":"TheCursedMod:Stigma","floor":4.0},{"not_picked":["TheCursedMod:RavingStaff","TheCursedMod:RapidMovement"],"picked":"TheCursedMod:Wield","floor":5.0},{"not_picked":["TheCursedMod:Wield","TheCursedMod:CircleOfCorruption"],"picked":"TheCursedMod:CursedBlade","floor":7.0},{"not_picked":["TheCursedMod:EmpowerCircles","TheCursedMod:NeowsMight"],"picked":"TheCursedMod:ReleasedKnowledge","floor":8.0},{"not_picked":["TheCursedMod:TroublousMinions","TheCursedMod:CursedArmor"],"picked":"TheCursedMod:SurpriseAttack","floor":10.0},{"not_picked":["TheCursedMod:ReleasedKnowledge","TheCursedMod:WearCloak"],"picked":"TheCursedMod:FleshFromBone","floor":11},{"not_picked":["TheCursedMod:CircleOfFocus","TheCursedMod:TacticalStrike"],"picked":"TheCursedMod:Stigma","floor":13},{"not_picked":["TheCursedMod:Wield","TheCursedMod:ManaBullet"],"picked":"TheCursedMod:SpitefulPlan","floor":14},{"not_picked":["TheCursedMod:AntiAging","TheCursedMod:ParallelWorld"],"picked":"TheCursedMod:CollectTribute","floor":16},{"not_picked":["TheCursedMod:SmokeScreen+1","TheCursedMod:Stigma+1"],"picked":"TheCursedMod:CircleOfCorruption+1","floor":18},{"not_picked":["TheCursedMod:TacticalStrike","TheCursedMod:SpitefulStrike"],"picked":"TheCursedMod:WearCloak+1","floor":20},{"not_picked":["TheCursedMod:CircleOfFocus+1","TheCursedMod:CursedAmulet+1"],"picked":"TheCursedMod:CursedStaff","floor":24},{"not_picked":["TheCursedMod:SoulReap","TheCursedMod:TacticalStrike"],"picked":"TheCursedMod:RapidMovement+1","floor":27}],"player_experience":161401,"relics_obtained":[{"floor":8.0,"key":"infinitespire:PuzzleCube"},{"floor":9.0,"key":"Tiny Chest"},{"floor":26,"key":"Matryoshka"},{"floor":27,"key":"TheCursedMod:DemonicMark"},{"floor":27,"key":"aspiration:FetidBarrel"},{"floor":27,"key":"hubris:ToyBattleship"},{"floor":27,"key":"ReplayFunnel"}],"event_choices":[{"damage_healed":0.0,"max_hp_gain":0.0,"max_hp_loss":5.0,"gold_gain":0.0,"event_name":"Menagerie:HarrowingRitual","player_choice":"Accept","floor":2.0,"gold_loss":0.0,"damage_taken":0.0,"cards_upgraded":["TheCursedMod:Defend_TheCursed"]},{"damage_healed":0.0,"max_hp_gain":0.0,"max_hp_loss":6.0,"gold_gain":0.0,"event_name":"Menagerie:BigGameHunter","player_choice":"Take","floor":3.0,"gold_loss":0.0,"damage_taken":0.0,"relics_obtained":["Menagerie:HuntersKnife"]},{"damage_healed":0,"gold_gain":0,"player_choice":"Gold","damage_taken":0,"relics_obtained":["Toxic Egg 2"],"max_hp_gain":0,"max_hp_loss":0,"event_name":"Elementarium:ShatteredPortal","floor":19,"gold_loss":104},{"damage_healed":0,"gold_gain":0,"player_choice":"Toss","damage_taken":0,"max_hp_gain":0,"max_hp_loss":0,"event_name":"Elementarium:OnrushingOffering","floor":21,"gold_loss":10,"cards_obtained":["Elementarium:GildedEssence"]}],"is_beta":false,"boss_relics":[{"not_picked":["conspire:SpecialSausage","infinitespire:Cupcake"],"picked":"Ring of Chaos"}],"items_purged_floors":[],"is_endless":false,"potions_floor_spawned":[4,5,8,13,16,18,24],"killed_by":"Elementarium:3_ELEMENTALS","ascension_level":0}}