{"host":"krw8blyxua7at9ak","time":1607569702,"event":{"gold_per_floor":[116,116,116,127,127,158,158,170,170,203,203,228,272,99,99,194,194,194],"floor_reached":17,"playtime":508,"items_purged":[],"score":396,"play_id":"f6b348a4-72af-496d-8654-aa1ff9bcac93","local_time":"20201210040822","is_ascension_mode":true,"campfire_choices":[{"floor":7,"key":"REST"},{"data":"Noxious Fumes","floor":15,"key":"SMITH"}],"neow_cost":"NONE","seed_source_timestamp":634252100154300,"circlet_count":0,"master_deck":["AscendersBane","Survivor","Neutralize","Backstab","Sucker Punch","Underhanded Strike","Dagger Throw","Adrenaline","Noxious Fumes+1","Cloak And Dagger","Escape Plan","Venomology","Backflip","Eviscerate","Grand Finale","Tactician","Flechettes","Acrobatics","Die Die Die","Quick Slash","Dagger Throw"],"relics":["Ring of the Snake","NeowsBlessing","Prayer Wheel","Mummified Hand","StrikeDummy","Pen Nib","Golden Idol","Bird Faced Urn","OrangePellets","Pandora\u0027s Box"],"potions_floor_usage":[10,16,16,16],"damage_taken":[{"damage":0,"enemies":"Small Slimes","floor":1,"turns":1},{"damage":0,"enemies":"2 Louse","floor":4,"turns":1},{"damage":0,"enemies":"Gremlin Nob","floor":6,"turns":1},{"damage":0,"enemies":"Jaw Worm","floor":8,"turns":2},{"damage":5,"enemies":"3 Sentries","floor":10,"turns":6},{"damage":0,"enemies":"Blue Slaver","floor":12,"turns":2},{"damage":7,"enemies":"Lagavulin","floor":13,"turns":7},{"damage":13,"enemies":"The Guardian","floor":16,"turns":7}],"seed_played":"-1090673130029753565","potions_obtained":[{"floor":1,"key":"SkillPotion"},{"floor":4,"key":"EntropicBrew"},{"floor":16,"key":"DistilledChaos"}],"is_trial":false,"path_per_floor":["M","?","?","M","?","E","R","M","T","E","?","M","E","$","R","B",null],"character_chosen":"THE_SILENT","items_purchased":["OrangePellets"],"campfire_rested":1,"item_purchase_floors":[14],"current_hp_per_floor":[59,33,26,26,6,6,25,25,25,20,20,20,13,13,13,2,46,46],"gold":194,"neow_bonus":"THREE_ENEMY_KILL","is_prod":false,"is_daily":false,"chose_seed":false,"campfire_upgraded":1,"win_rate":0,"timestamp":1607569702,"path_taken":["M","?","?","M","?","E","R","M","T","E","?","M","E","$","R","BOSS"],"build_version":"2020-11-30","purchased_purges":0,"victory":false,"max_hp_per_floor":[66,66,66,66,66,66,66,66,66,66,60,60,60,60,60,60,60,60],"card_choices":[{"not_picked":["Blade Dance","Outmaneuver"],"picked":"Backstab","floor":1},{"not_picked":["Escape Plan","Bane"],"picked":"Sucker Punch","floor":4},{"not_picked":["Quick Slash","Heel Hook"],"picked":"Underhanded Strike","floor":4},{"not_picked":["Reflex","Cloak And Dagger"],"picked":"Dagger Throw","floor":6},{"not_picked":["Flying Knee","All Out Attack"],"picked":"Adrenaline","floor":8},{"not_picked":["Caltrops","Blade Dance"],"picked":"Noxious Fumes","floor":8},{"not_picked":["Outmaneuver","Sucker Punch"],"picked":"Cloak And Dagger","floor":10},{"not_picked":["Dagger Throw","Acrobatics"],"picked":"Escape Plan","floor":12},{"not_picked":["Riddle With Holes","Deadly Poison","Dagger Spray"],"picked":"SKIP","floor":12},{"not_picked":["Malaise","Caltrops","Dagger Spray"],"picked":"SKIP","floor":13},{"not_picked":["Glass Knife","Storm of Steel"],"picked":"Venomology","floor":16}],"player_experience":320152,"relics_obtained":[{"floor":6,"key":"Mummified Hand"},{"floor":9,"key":"StrikeDummy"},{"floor":10,"key":"Pen Nib"},{"floor":13,"key":"Bird Faced Urn"}],"event_choices":[{"damage_healed":0,"gold_gain":0,"player_choice":"Success","damage_taken":26,"relics_obtained":["Prayer Wheel"],"max_hp_gain":0,"max_hp_loss":0,"event_name":"Scrap Ooze","floor":2,"gold_loss":0},{"cards_removed":["Strike_G"],"damage_healed":0,"gold_gain":0,"player_choice":"Card Removal","damage_taken":7,"max_hp_gain":0,"max_hp_loss":0,"event_name":"Golden Wing","floor":3,"gold_loss":0},{"damage_healed":0,"gold_gain":0,"player_choice":"Entered Light","damage_taken":20,"max_hp_gain":0,"max_hp_loss":0,"event_name":"Shining Light","floor":5,"gold_loss":0,"cards_upgraded":["Defend_G","Strike_G"]},{"damage_healed":0,"gold_gain":0,"player_choice":"Lose Max HP","damage_taken":0,"relics_obtained":["Golden Idol"],"max_hp_gain":0,"max_hp_loss":6,"event_name":"Golden Idol","floor":11,"gold_loss":0}],"is_beta":false,"boss_relics":[{"not_picked":["Runic Pyramid","Ring of the Serpent"],"picked":"Pandora\u0027s Box"}],"items_purged_floors":[],"is_endless":false,"potions_floor_spawned":[1,4,16],"ascension_level":20}}