{"host":"n4f6h2mlrt4e12he","time":1607630536,"event":{"mods":["BaseMod","StSLib","Minty Spire (QoL Compilation)","Colored Map","2.2 Compatiblity","Hubris","Infinite Spire","Replay The Spire","Shop Mod"],"gold_per_floor":[115,115,126,126,126,165,180,214,241,241,241,268,61,61,61,77,77,203,203,231,231,252,282,282,282,292,292],"floor_reached":26,"playtime":1271,"items_purged":["Decay"],"score":227,"play_id":"40d6fbb1-b181-41cd-aebe-4f18bafffff2","local_time":"20201210150216","is_ascension_mode":true,"campfire_choices":[{"data":"Fire Breathing","floor":10,"key":"SMITH"},{"floor":17,"key":"DIG"},{"floor":25,"key":"REST"}],"circlet_count":0,"master_deck":["Strike_R","Strike_R","Strike_R","Strike_R","Strike_R","Defend_R","Defend_R","Defend_R","Defend_R","Bash","Fire Breathing+1","Wild Strike","Carnage","Headbutt","Pommel Strike","Shrug It Off","Reaper","Demon Form","Shrug It Off","hubris:ReadiedAction","Shrug It Off","infinitespire:Punishment"],"relics":["Burning Blood","NeowsBlessing","ReplayTheSpireMod:Ring of Collecting","hubris:Icosahedron","Golden Idol","Blood Vial","infinitespire:Joker Card","ReplayTheSpireMod:Spearhead","MawBank","Lee\u0027s Waffle","Replay:Bandana","Black Star"],"acts_visited":["Exordium","TheCity"],"potions_floor_usage":[8,18,26,26],"damage_taken":[{"damage":0,"enemies":"Cultist","floor":1,"turns":1},{"damage":0,"enemies":"Small Slimes","floor":3,"turns":1},{"damage":2,"enemies":"3 Sentries","floor":6,"turns":2},{"damage":6,"enemies":"Jaw Worm","floor":7,"turns":2},{"damage":28,"enemies":"Lagavulin","floor":8,"turns":5},{"damage":10,"enemies":"Looter","floor":12,"turns":3},{"damage":1,"enemies":"Exordium Wildlife","floor":16,"turns":2},{"damage":56,"enemies":"Hexaghost","floor":18,"turns":10},{"damage":21,"enemies":"Shell Parasite","floor":20,"turns":5},{"damage":24,"enemies":"Spheric Guardian","floor":22,"turns":5},{"damage":51,"enemies":"Snake Plant","floor":23,"turns":6},{"damage":42,"enemies":"Gremlin Leader","floor":26,"turns":5}],"seed_played":"8757718495403316121","potions_obtained":[{"floor":3,"key":"AttackPotion"},{"floor":16,"key":"BlessingOfTheForge"},{"floor":18,"key":"GamblersBrew"},{"floor":23,"key":"Block Potion"}],"is_trial":false,"path_per_floor":["M","?","M","?","?","E","M","E","T","R","?","M","$","PTL","PTL","M","R_BF","B",null,"M","?","M","M","AVR","R","E"],"character_chosen":"IRONCLAD","items_purchased":["Lee\u0027s Waffle"],"campfire_rested":1,"item_purchase_floors":[13],"current_hp_per_floor":[80,80,80,80,60,64,66,46,46,46,46,44,87,87,87,87,87,37,87,72,72,56,13,13,39,0,0],"gold":292,"neow_bonus":"THREE_ENEMY_KILL","is_daily":false,"chose_seed":false,"campfire_upgraded":1,"win_rate":0,"timestamp":1607630536,"path_taken":["M","?","M","?","?","E","?","E","T","R","?","M","$","PTL","PTL","M","R_BF","BOSS","M","?","M","M","AVR","R","E"],"build_version":"2020-11-30","purchased_purges":1,"victory":false,"max_hp_per_floor":[80,80,80,80,80,80,80,80,80,80,80,80,87,87,87,87,87,87,87,87,87,87,87,87,87,87,87],"card_choices":[{"not_picked":["Searing Blow","Pommel Strike"],"picked":"Fire Breathing","floor":1},{"not_picked":["Twin Strike","Sword Boomerang"],"picked":"Wild Strike","floor":3},{"not_picked":["Eclipse","Replay:Undeath\u0027s Touch"],"picked":"Carnage","floor":6},{"not_picked":["Rage","Sword Boomerang"],"picked":"Headbutt","floor":7},{"not_picked":["Carnage","Twin Strike"],"picked":"Pommel Strike","floor":8},{"not_picked":["Flex","Heavy Blade"],"picked":"Shrug It Off","floor":12},{"not_picked":["True Grit","Whirlwind"],"picked":"Reaper","floor":16},{"not_picked":["Bludgeon","Eclipse"],"picked":"Demon Form","floor":18},{"not_picked":["Flex","ReplayTheSpireMod:Corrosion Curse"],"picked":"Shrug It Off","floor":20},{"not_picked":["Run Through+1","ReplayTheSpireMod:Strike From Hell"],"picked":"hubris:ReadiedAction","floor":22},{"not_picked":["Sword Boomerang+1","ReplayTheSpireMod:Corrosion Curse"],"picked":"Shrug It Off","floor":23}],"player_experience":1313432,"relics_obtained":[{"floor":2,"key":"ReplayTheSpireMod:Ring of Collecting"},{"floor":6,"key":"Blood Vial"},{"floor":8,"key":"infinitespire:Joker Card"},{"floor":9,"key":"ReplayTheSpireMod:Spearhead"},{"floor":11,"key":"MawBank"},{"floor":17,"key":"Replay:Bandana"}],"event_choices":[{"damage_healed":0,"gold_gain":0,"player_choice":"Take Damage","damage_taken":20,"relics_obtained":["Golden Idol"],"max_hp_gain":0,"max_hp_loss":0,"event_name":"Golden Idol","floor":5,"gold_loss":0},{"damage_healed":0,"gold_gain":0,"player_choice":"Ignored","damage_taken":0,"max_hp_gain":0,"max_hp_loss":0,"event_name":"Ghosts","floor":21,"gold_loss":0}],"is_beta":false,"boss_relics":[{"not_picked":["Replay:Grab Bag","Runic Dome"],"picked":"Black Star"}],"items_purged_floors":[13],"is_endless":false,"potions_floor_spawned":[1,3,16,18,23],"killed_by":"Gremlin Leader","ascension_level":1}}