{"host":"dz1qwalix8eproj8","time":1607568480,"event":{"gold_per_floor":[116,116,127,127,138,170,184,184,184,213,230,230,255,266,266,365,365,382,307,321,321,401,435,468,498,498,498,125,140,140,173,173,276,276,288,288,306,306,317,348,365,365,433,461,478,16,346,346,346,346],"floor_reached":51,"playtime":5239,"items_purged":["Strike_B","Defend_B"],"score":1281,"play_id":"0ee4f90f-b294-4a8e-8c66-0ec7d5c49d74","local_time":"20201210034800","is_ascension_mode":true,"campfire_choices":[{"floor":8.0,"key":"REST"},{"data":"Chaos","floor":12.0,"key":"SMITH"},{"data":"Hologram","floor":15.0,"key":"SMITH"},{"floor":27,"key":"REST"},{"data":"Reboot","floor":30,"key":"SMITH"},{"data":"Zap","floor":32,"key":"SMITH"},{"floor":42,"key":"REST"},{"floor":49,"key":"REST"}],"neow_cost":"NONE","seed_source_timestamp":43106860096100,"circlet_count":0,"master_deck":["Defend_B","Defend_B","Defend_B","Zap+1","Dualcast","Auto Shields","Hologram+1","Melter","Doom and Gloom","Coolheaded","Chaos+1","Rip and Tear+1","Gash+1","Cold Snap+1","Conserve Battery","Gash+1","Blizzard+1","Hyperbeam+1","Gash+1","Turbo+1","Go for the Eyes+1","Rebound+1","Compile Driver+1","BootSequence+1","Coolheaded+1","Lockon+1","Reboot+1","Ball Lightning+1","Buffer","CurseOfTheBell","White Noise","Reinforced Body","Defragment","Tempest","Rip and Tear+1","Ball Lightning+1","Beam Cell+1"],"special_seed":0,"relics":["Cracked Core","Vajra","Molten Egg 2","Prayer Wheel","Letter Opener","Black Star","Pantograph","MealTicket","Bag of Preparation","Red Mask","Strawberry","Ancient Tea Set","Incense Burner","PreservedInsect","Nunchaku","White Beast Statue","Mango","Calling Bell","FossilizedHelix","Happy Flower","InkBottle","Toy Ornithopter","Ornamental Fan","Bottled Flame","Smiling Mask","Cables","Pen Nib","Chemical X","Old Coin","Gambling Chip"],"potions_floor_usage":[18,23,23,33,44,50,50],"damage_taken":[{"damage":0.0,"enemies":"2 Louse","floor":1.0,"turns":2.0},{"damage":0.0,"enemies":"Cultist","floor":3.0,"turns":3.0},{"damage":1.0,"enemies":"Jaw Worm","floor":5.0,"turns":4.0},{"damage":30.0,"enemies":"Lagavulin","floor":6.0,"turns":7.0},{"damage":7.0,"enemies":"3 Louse","floor":7.0,"turns":4.0},{"damage":5.0,"enemies":"Gremlin Nob","floor":10.0,"turns":3.0},{"damage":6.0,"enemies":"Blue Slaver","floor":11.0,"turns":3.0},{"damage":12.0,"enemies":"Lagavulin","floor":13.0,"turns":5.0},{"damage":4.0,"enemies":"Looter","floor":14.0,"turns":3.0},{"damage":0.0,"enemies":"Slime Boss","floor":16.0,"turns":6.0},{"damage":7,"enemies":"3 Byrds","floor":18,"turns":3},{"damage":0,"enemies":"Chosen","floor":20,"turns":4},{"damage":9,"enemies":"Book of Stabbing","floor":23,"turns":4},{"damage":29,"enemies":"Masked Bandits","floor":24,"turns":3},{"damage":19,"enemies":"Slavers","floor":25,"turns":4},{"damage":8,"enemies":"Centurion and Healer","floor":29,"turns":3},{"damage":5,"enemies":"Book of Stabbing","floor":31,"turns":4},{"damage":61,"enemies":"Collector","floor":33,"turns":10},{"damage":0,"enemies":"Orb Walker","floor":35,"turns":3},{"damage":0,"enemies":"3 Shapes","floor":37,"turns":3},{"damage":7,"enemies":"Writhing Mass","floor":39,"turns":8},{"damage":44,"enemies":"Reptomancer","floor":40,"turns":5},{"damage":13,"enemies":"Spire Growth","floor":41,"turns":5},{"damage":2,"enemies":"Nemesis","floor":44,"turns":5},{"damage":0,"enemies":"Jaw Worm Horde","floor":45,"turns":2},{"damage":0,"enemies":"Giant Head","floor":47,"turns":7},{"damage":24,"enemies":"Time Eater","floor":50,"turns":9}],"seed_played":"-7480216591867699724","potions_obtained":[{"floor":1.0,"key":"LiquidMemories"},{"floor":7.0,"key":"AttackPotion"},{"floor":10.0,"key":"Ancient Potion"},{"floor":11.0,"key":"LiquidBronze"},{"floor":14.0,"key":"Explosive Potion"},{"floor":20,"key":"Block Potion"},{"floor":23,"key":"FairyPotion"},{"floor":29,"key":"Energy Potion"},{"floor":33,"key":"FairyPotion"},{"floor":35,"key":"Swift Potion"},{"floor":40,"key":"Explosive Potion"},{"floor":44,"key":"SpeedPotion"},{"floor":45,"key":"ColorlessPotion"}],"is_trial":false,"path_per_floor":["M","?","M","?","M","E","M","R","T","E","M","R","E","M","R","B",null,"M","?","M","?","T","E","?","E","T","R","$","M","R","E","R","B",null,"M","?","M","?","M","E","M","R","T","E","M","$","E","?","R","B",null],"character_chosen":"DEFECT","items_purchased":["PreservedInsect","Nunchaku","Pen Nib","Chemical X","FocusPotion","Dexterity Potion"],"campfire_rested":4,"item_purchase_floors":[28,28,46,46,46,46],"current_hp_per_floor":[75,75,75,75,74,44,37,61,61,56,50,50,38,34,34,34,70,63,63,63,47,47,38,9,27,27,55,70,62,62,71,71,35,90,90,90,90,90,83,39,26,58,58,61,61,76,76,76,108,84],"gold":346,"neow_bonus":"TEN_PERCENT_HP_BONUS","is_prod":false,"is_daily":false,"chose_seed":false,"campfire_upgraded":4,"win_rate":0,"timestamp":1607568480,"path_taken":["M","?","M","?","?","E","?","R","T","E","M","R","E","M","R","BOSS","M","?","M","?","?","E","?","E","T","R","$","M","R","E","R","BOSS","M","?","?","?","M","E","M","R","T","E","M","$","E","?","R","BOSS"],"build_version":"2020-11-30","purchased_purges":2,"victory":true,"max_hp_per_floor":[82,82,82,82,82,82,82,82,82,82,82,82,82,82,82,82,82,82,82,82,87,87,87,87,94,94,94,94,94,94,108,108,108,108,108,108,108,108,108,108,108,108,108,108,108,108,108,108,108,108],"relic_stats":{"Happy Flower":[15],"counters":[27,122],"PreservedInsect":271,"Pen Nib":[2],"Bag of Preparation":[28],"Letter Opener":[141],"Smiling Mask":50,"Cables":[15,6,2,6,1],"Nunchaku":[15],"Ornamental Fan":[44],"Pantograph":25,"Gambling Chip":[2],"Prayer Wheel":10,"MealTicket":30,"Black Star":6,"Chemical X":[3],"obtain_stats":[{"Vajra":6,"Mango":31,"Bag of Preparation":23,"Incense Burner":26,"Ancient Tea Set":25,"Smiling Mask":44,"Old Coin":47,"Nunchaku":28,"Pantograph":22,"Strawberry":25,"Gambling Chip":47,"Prayer Wheel":10,"MealTicket":23,"Red Mask":24,"Chemical X":46,"Cracked Core":0,"InkBottle":34,"Happy Flower":34,"PreservedInsect":28,"Pen Nib":46,"Letter Opener":13,"White Beast Statue":31,"Cables":44,"Calling Bell":34,"Bottled Flame":43,"Ornamental Fan":40,"Molten Egg 2":9,"Black Star":17,"FossilizedHelix":34,"Toy Ornithopter":40},{"Vajra":4,"Mango":17,"Bag of Preparation":13,"Incense Burner":15,"Ancient Tea Set":15,"Smiling Mask":24,"Old Coin":26,"Nunchaku":15,"Pantograph":12,"Strawberry":15,"Gambling Chip":26,"Prayer Wheel":6,"MealTicket":13,"Red Mask":14,"Chemical X":25,"Cracked Core":0,"InkBottle":18,"Happy Flower":18,"PreservedInsect":15,"Pen Nib":25,"Letter Opener":8,"White Beast Statue":17,"Cables":24,"Calling Bell":18,"Bottled Flame":23,"Ornamental Fan":22,"Molten Egg 2":5,"Black Star":10,"FossilizedHelix":18,"Toy Ornithopter":22},{"Vajra":16,"Mango":65,"Bag of Preparation":51,"Incense Burner":58,"Ancient Tea Set":58,"Smiling Mask":104,"Old Coin":113,"Nunchaku":58,"Pantograph":47,"Strawberry":58,"Gambling Chip":113,"Prayer Wheel":23,"MealTicket":51,"Red Mask":54,"Chemical X":106,"Cracked Core":0,"InkBottle":75,"Happy Flower":75,"PreservedInsect":58,"Pen Nib":106,"Letter Opener":31,"White Beast Statue":65,"Cables":104,"Calling Bell":75,"Bottled Flame":99,"Ornamental Fan":94,"Molten Egg 2":20,"Black Star":40,"FossilizedHelix":75,"Toy Ornithopter":94}],"InkBottle":[20],"Toy Ornithopter":5},"card_choices":[{"not_picked":["Turbo","Beam Cell"],"picked":"Auto Shields","floor":1.0},{"not_picked":["Blizzard","Conserve Battery"],"picked":"Hologram","floor":3.0},{"not_picked":["Turbo","Consume"],"picked":"Doom and Gloom","floor":5.0},{"not_picked":["Turbo","Creative AI"],"picked":"Coolheaded","floor":6.0},{"not_picked":["Scrape","Redo"],"picked":"Chaos","floor":7.0},{"not_picked":["Self Repair","Rebound+1"],"picked":"Rip and Tear+1","floor":10.0},{"not_picked":["Aggregate","Leap"],"picked":"Gash+1","floor":11.0},{"not_picked":["Storm","Coolheaded"],"picked":"Cold Snap+1","floor":11.0},{"not_picked":["Darkness","Steam"],"picked":"Conserve Battery","floor":13.0},{"not_picked":["Storm","All For One+1"],"picked":"Gash+1","floor":14.0},{"not_picked":["Cold Snap+1","Reprogram"],"picked":"Blizzard+1","floor":14.0},{"not_picked":["Meteor Strike+1","Amplify"],"picked":"Hyperbeam+1","floor":16.0},{"not_picked":["Blizzard+1","Steam+1"],"picked":"Gash+1","floor":18},{"not_picked":["Hello World","Conserve Battery"],"picked":"Turbo+1","floor":18},{"not_picked":["Chaos","Redo"],"picked":"Go for the Eyes+1","floor":20},{"not_picked":["Chaos","Streamline+1"],"picked":"Rebound+1","floor":20},{"not_picked":["Reboot","Lockon+1"],"picked":"Compile Driver+1","floor":23},{"not_picked":["Cold Snap+1","Hologram+1"],"picked":"BootSequence+1","floor":24},{"not_picked":["Skim","Melter+1"],"picked":"Coolheaded+1","floor":25},{"not_picked":["Blizzard+1","Hologram+1"],"picked":"Lockon+1","floor":29},{"not_picked":["Genetic Algorithm","Leap"],"picked":"Reboot","floor":29},{"not_picked":["Conserve Battery","Streamline+1"],"picked":"Ball Lightning+1","floor":31},{"not_picked":["Machine Learning","Hyperbeam+1"],"picked":"Buffer","floor":33},{"not_picked":["Cold Snap+1","Self Repair"],"picked":"White Noise","floor":35},{"not_picked":["Skim+1","Rebound+1","Go for the Eyes+1"],"picked":"SKIP","floor":35},{"not_picked":["Leap+1","Stack"],"picked":"Static Discharge+1","floor":37},{"not_picked":["Sweeping Beam+1","Cold Snap+1","White Noise"],"picked":"SKIP","floor":37},{"not_picked":["Turbo","Streamline+1"],"picked":"Defragment","floor":39},{"not_picked":["Machine Learning","Redo+1"],"picked":"Tempest","floor":39},{"not_picked":["Stack","Go for the Eyes+1","Redo"],"picked":"SKIP","floor":40},{"not_picked":["Conserve Battery","Hologram+1","Coolheaded"],"picked":"SKIP","floor":41},{"not_picked":["Force Field+1","Leap+1","Turbo+1"],"picked":"SKIP","floor":41},{"not_picked":["Reboot","Static Discharge","Chill+1"],"picked":"SKIP","floor":44},{"not_picked":["Beam Cell+1","Hologram+1"],"picked":"Rip and Tear+1","floor":45},{"not_picked":["Coolheaded+1","Gash+1"],"picked":"Ball Lightning+1","floor":45},{"not_picked":["Chill+1","Cold Snap+1"],"picked":"Beam Cell+1","floor":47}],"player_experience":549351,"relics_obtained":[{"floor":6.0,"key":"Vajra"},{"floor":9.0,"key":"Molten Egg 2"},{"floor":10.0,"key":"Prayer Wheel"},{"floor":13.0,"key":"Letter Opener"},{"floor":22,"key":"Pantograph"},{"floor":23,"key":"MealTicket"},{"floor":23,"key":"Bag of Preparation"},{"floor":24,"key":"Red Mask"},{"floor":25,"key":"Strawberry"},{"floor":25,"key":"Ancient Tea Set"},{"floor":26,"key":"Incense Burner"},{"floor":31,"key":"White Beast Statue"},{"floor":31,"key":"Mango"},{"floor":34,"key":"FossilizedHelix"},{"floor":34,"key":"Happy Flower"},{"floor":34,"key":"InkBottle"},{"floor":40,"key":"Toy Ornithopter"},{"floor":40,"key":"Ornamental Fan"},{"floor":43,"key":"Bottled Flame"},{"floor":44,"key":"Smiling Mask"},{"floor":44,"key":"Cables"},{"floor":47,"key":"Old Coin"},{"floor":47,"key":"Gambling Chip"}],"event_choices":[{"damage_healed":0.0,"max_hp_gain":0.0,"max_hp_loss":0.0,"gold_gain":0.0,"cards_transformed":["Strike_B"],"event_name":"Living Wall","player_choice":"Change","floor":2.0,"gold_loss":0.0,"damage_taken":0.0,"cards_obtained":["Auto Shields"]},{"damage_healed":0.0,"max_hp_gain":0.0,"max_hp_loss":0.0,"gold_gain":0.0,"cards_transformed":["Auto Shields"],"event_name":"Transmorgrifier","player_choice":"Transformed","floor":4.0,"gold_loss":0.0,"damage_taken":0.0,"cards_obtained":["Melter"]},{"cards_removed":["Strike_B"],"damage_healed":0,"gold_gain":0,"player_choice":"Gave Gold","damage_taken":0,"max_hp_gain":0,"max_hp_loss":0,"event_name":"Beggar","floor":19,"gold_loss":75},{"damage_healed":0,"gold_gain":0,"player_choice":"Shed Blood","damage_taken":21,"max_hp_gain":5,"max_hp_loss":0,"event_name":"Forgotten Altar","floor":21,"gold_loss":0},{"damage_healed":0,"gold_gain":0,"player_choice":"Fought Bandits","damage_taken":0,"max_hp_gain":0,"max_hp_loss":0,"event_name":"Masked Bandits","floor":24,"gold_loss":0},{"damage_healed":0,"gold_gain":0,"cards_transformed":["Strike_B"],"player_choice":"Transformed","damage_taken":0,"max_hp_gain":0,"max_hp_loss":0,"event_name":"Transmorgrifier","floor":36,"gold_loss":0,"cards_obtained":["Reinforced Body"]},{"cards_removed":["Static Discharge"],"damage_healed":0,"gold_gain":0,"player_choice":"Removed Power","damage_taken":0,"max_hp_gain":0,"max_hp_loss":0,"event_name":"Falling","floor":38,"gold_loss":0},{"damage_healed":0,"gold_gain":0,"player_choice":"Memory 1","damage_taken":0,"max_hp_gain":0,"max_hp_loss":0,"event_name":"SensoryStone","floor":48,"gold_loss":0}],"is_beta":false,"boss_relics":[{"not_picked":["Philosopher\u0027s Stone","Runic Pyramid"],"picked":"Black Star"},{"not_picked":["FrozenCore","Snecko Eye"],"picked":"Calling Bell"}],"items_purged_floors":[28,46],"is_endless":false,"potions_floor_spawned":[1,7,10,11,14,20,23,29,33,35,37,39,40,41,44,45,47],"ascension_level":7}}