{"host":"jcc708ahli6wuwir","time":1607621454,"event":{"mods":["BaseMod","AchievementEnabler","Colored Map","Colored Powertips","Highlight Path","Shop Mod","StSLib","Better Match","Better Note","Better Sensory Stone","Better Skull","Better Third Choice","Better Vampires","Block Reminder","Displayed Cursed Tome","BetterRewards","Minty Spire (QoL Compilation)","Rare Cards Sparkle"],"gold_per_floor":[117,117,134,134,58,58,74,74,147,71,71,99,26,46,46,144,144,160,160,179,179,179],"floor_reached":21,"playtime":1154,"items_purged":[],"score":167,"play_id":"f9665969-9034-4e60-8c83-b14c410eaf73","local_time":"20201210183054","is_ascension_mode":false,"campfire_choices":[{"data":"Eruption","floor":6.0,"key":"SMITH"},{"data":"SandsOfTime","floor":8.0,"key":"SMITH"},{"data":"ReachHeaven","floor":15.0,"key":"SMITH"}],"circlet_count":0,"master_deck":["Strike_P","Strike_P","Strike_P","Strike_P","Defend_P","Defend_P","Defend_P","Defend_P","Eruption+1","Vigilance","Judgement","SandsOfTime+1","Regret","Crescendo","Pray+1","SandsOfTime","Pray","Swivel","ReachHeaven+1","ReachHeaven","DevaForm+1","Prostrate","Wallop+1"],"special_seed":0,"relics":["PureWater","Frozen Egg 2","Question Card","Gremlin Horn","Odd Mushroom","Philosopher\u0027s Stone"],"acts_visited":["TheCity"],"potions_floor_usage":[21],"damage_taken":[{"damage":0.0,"enemies":"2 Louse","floor":1.0,"turns":1.0},{"damage":0.0,"enemies":"Small Slimes","floor":3.0,"turns":1.0},{"damage":0.0,"enemies":"Jaw Worm","floor":7.0,"turns":2.0},{"damage":5.0,"enemies":"The Mushroom Lair","floor":12.0,"turns":3.0},{"damage":4.0,"enemies":"Exordium Wildlife","floor":14.0,"turns":4.0},{"damage":10.0,"enemies":"Slime Boss","floor":16.0,"turns":4.0},{"damage":58,"enemies":"3 Byrds","floor":18,"turns":4},{"damage":11,"enemies":"Chosen","floor":20,"turns":3},{"damage":8,"enemies":"Shelled Parasite and Fungi","floor":21,"turns":1}],"seed_played":"2235657684683186115","potions_obtained":[{"floor":3.0,"key":"Block Potion"},{"floor":12.0,"key":"Block Potion"},{"floor":20,"key":"LiquidMemories"}],"is_trial":false,"path_per_floor":["M","?","M","?","$","R","M","R","T","$","?","?","$","M","R","B",null,"M","?","M","M"],"character_chosen":"WATCHER","items_purchased":["Pray","Pray","ReachHeaven"],"campfire_rested":0,"item_purchase_floors":[5,10,13],"current_hp_per_floor":[72,72,72,69,69,69,69,69,69,69,69,64,64,60,60,50,72,14,14,3,0,0],"gold":179,"neow_bonus":"ONE_RANDOM_RARE_CARD","is_daily":false,"chose_seed":false,"campfire_upgraded":3,"win_rate":0.0,"timestamp":1607621454,"path_taken":["M","?","M","?","$","R","M","R","T","$","?","?","?","?","R","BOSS","M","?","M","M"],"build_version":"2020-11-30","purchased_purges":0,"victory":false,"max_hp_per_floor":[72,72,72,72,72,72,72,72,72,72,72,72,72,72,72,72,72,72,72,72,72,72],"card_choices":[{"not_picked":["CutThroughFate","Crescendo"],"picked":"SandsOfTime","floor":1.0},{"not_picked":["CutThroughFate","FlurryOfBlows"],"picked":"Crescendo","floor":3.0},{"not_picked":["Fasting2+1","ThirdEye","BowlingBash"],"picked":"SandsOfTime","floor":7.0},{"not_picked":["Adaptation+1","SandsOfTime","FlurryOfBlows"],"picked":"Swivel","floor":12.0},{"not_picked":["InnerPeace","Consecrate","LikeWater+1"],"picked":"ReachHeaven","floor":14.0},{"not_picked":["Devotion+1","LessonLearned","Judgement"],"picked":"DevaForm+1","floor":16.0},{"not_picked":["EmptyBody+1","EmptyFist","Crescendo"],"picked":"Prostrate","floor":18},{"not_picked":["Swivel+1","Indignation","PathToVictory+1"],"picked":"Wallop+1","floor":20}],"player_experience":96669,"relics_obtained":[{"floor":9.0,"key":"Gremlin Horn"},{"floor":12.0,"key":"Odd Mushroom"}],"event_choices":[{"damage_healed":0.0,"max_hp_gain":0.0,"max_hp_loss":0.0,"gold_gain":0.0,"event_name":"Big Fish","player_choice":"Box","floor":2.0,"gold_loss":0.0,"damage_taken":0.0,"relics_obtained":["Frozen Egg 2"],"cards_obtained":["Regret"]},{"damage_healed":0.0,"max_hp_gain":0.0,"max_hp_loss":0.0,"gold_gain":0.0,"event_name":"betterThird:BetterScrap","player_choice":"Relic ","floor":4.0,"gold_loss":0.0,"damage_taken":3.0,"cards_obtained":["Blood for Blood"]},{"damage_healed":0.0,"max_hp_gain":0.0,"max_hp_loss":0.0,"gold_gain":0.0,"event_name":"Living Wall","player_choice":"Grow","floor":11.0,"gold_loss":0.0,"damage_taken":0.0,"cards_upgraded":["Pray"]},{"damage_healed":0.0,"max_hp_gain":0.0,"max_hp_loss":0.0,"gold_gain":0.0,"event_name":"Mushrooms","player_choice":"Fought Mushrooms","floor":12.0,"gold_loss":0.0,"damage_taken":0.0},{"cards_removed":["ReachHeaven"],"damage_healed":0,"gold_gain":0,"player_choice":"Give","damage_taken":0,"max_hp_gain":0,"max_hp_loss":0,"event_name":"betterNote:BetterNote","floor":19,"gold_loss":0,"cards_obtained":["Defend_G"]}],"is_beta":false,"boss_relics":[{"not_picked":["Cursed Key","Runic Dome"],"picked":"Philosopher\u0027s Stone"}],"items_purged_floors":[],"is_endless":false,"potions_floor_spawned":[3,12,20],"killed_by":"Shelled Parasite and Fungi","ascension_level":0}}