{"host":"c1eyolnqlwr8bi2x","time":1607579021,"event":{"gold_per_floor":[112,19,19,94,113,113,139,150,201,201,211,211,242,258,258,258,258],"floor_reached":16,"playtime":2266,"items_purged":[],"score":135,"play_id":"2c8e1790-3d07-4d9c-a201-b1835f3625e1","local_time":"20201209224341","is_ascension_mode":false,"campfire_choices":[{"data":"Hidden Blade","floor":6,"key":"SMITH"},{"data":"Caltrops","floor":10,"key":"SMITH"},{"floor":15,"key":"REST"}],"neow_cost":"NONE","seed_source_timestamp":198616188249200,"circlet_count":0,"master_deck":["Strike_G","Strike_G","Strike_G","Strike_G","Strike_G","Defend_G","Defend_G","Defend_G","Defend_G","Defend_G+1","Survivor","Neutralize+1","Hidden Blade+1","Flying Knee","Backstab","Caltrops+1","Adrenaline","A Thousand Cuts","Dodge and Roll"],"relics":["Ring of the Snake","NeowsBlessing","hubris:TenFootPole","infinitespire:BottledMercury","Boot","Sundial"],"potions_floor_usage":[13,13,14],"damage_taken":[{"damage":0,"enemies":"Jaw Worm","floor":1,"turns":1},{"damage":0,"enemies":"Cultist","floor":5,"turns":1},{"damage":0,"enemies":"Gremlin Nob","floor":7,"turns":1},{"damage":0,"enemies":"2 Louse","floor":8,"turns":2},{"damage":9,"enemies":"2 Fungi Beasts","floor":11,"turns":3},{"damage":5,"enemies":"Lagavulin","floor":13,"turns":4},{"damage":0,"enemies":"Looter","floor":14,"turns":2},{"damage":76,"enemies":"Fading Forest","floor":16,"turns":10}],"seed_played":"-5322577608711743127","potions_obtained":[{"floor":5,"key":"Poison Potion"},{"floor":8,"key":"Explosive Potion"},{"floor":13,"key":"LifebloodPotion"}],"is_trial":false,"path_per_floor":["M","?","$","?","M","R","E","M","T","R","M","?","E","M","R","B"],"character_chosen":"THE_SILENT","items_purchased":[],"campfire_rested":1,"item_purchase_floors":[],"current_hp_per_floor":[70,70,70,65,65,65,65,65,65,65,56,49,44,44,65,1,1],"gold":258,"neow_bonus":"THREE_ENEMY_KILL","is_prod":false,"is_daily":false,"chose_seed":false,"campfire_upgraded":2,"win_rate":0.0,"timestamp":1607579021,"path_taken":["M","?","?","?","M","R","E","M","T","R","M","?","E","M","R","BOSS"],"build_version":"2020-11-30","purchased_purges":0,"victory":false,"max_hp_per_floor":[70,70,70,70,70,70,70,70,70,70,70,70,70,70,70,70,70],"card_choices":[{"not_picked":["ReplayTheSpireMod:Shiv Toss","Dodge and Roll"],"picked":"Hidden Blade","floor":1},{"not_picked":["ReplayTheSpireMod:Exploit Weakness","hubris:TrickCloak"],"picked":"Flying Knee","floor":5},{"not_picked":["Riddle With Holes","Hidden Blade"],"picked":"Backstab","floor":7},{"not_picked":["Sucker Punch","Dagger Throw"],"picked":"Caltrops","floor":8},{"not_picked":["Endless Agony","Prepared"],"picked":"Adrenaline","floor":11},{"not_picked":["Eviscerate","Deflect"],"picked":"A Thousand Cuts","floor":13},{"not_picked":["Deflect","Well Laid Plans"],"picked":"Dodge and Roll","floor":14}],"player_experience":0,"relics_obtained":[{"floor":7,"key":"infinitespire:BottledMercury"},{"floor":9,"key":"Boot"},{"floor":13,"key":"Sundial"}],"event_choices":[{"damage_healed":0,"gold_gain":0,"player_choice":"Paid Gold","damage_taken":0,"relics_obtained":["hubris:TenFootPole"],"max_hp_gain":0,"max_hp_loss":0,"event_name":"WeMeetAgain","floor":2,"gold_loss":93},{"damage_healed":0,"gold_gain":75,"player_choice":"Gather Gold","damage_taken":11,"max_hp_gain":0,"max_hp_loss":0,"event_name":"World of Goop","floor":4,"gold_loss":0},{"damage_healed":0,"gold_gain":0,"player_choice":"Entered Light","damage_taken":14,"max_hp_gain":0,"max_hp_loss":0,"event_name":"Shining Light","floor":12,"gold_loss":0,"cards_upgraded":["Neutralize","Defend_G"]}],"is_beta":false,"boss_relics":[],"items_purged_floors":[],"is_endless":false,"potions_floor_spawned":[5,8,13],"killed_by":"Fading Forest","ascension_level":0}}