{"host":"5mo0809oo9tcrmpl","time":1607565634,"event":{"gold_per_floor":[117,136,148,148,223,223,254,266,304,316,342,385,447,477,489,572,584,611,642,77,77,38,38,38],"floor_reached":23,"playtime":1133,"items_purged":[],"score":398,"play_id":"f67648c9-2d1a-469c-b676-c115ef30f5f1","local_time":"20201209200034","is_ascension_mode":true,"campfire_choices":[{"data":"Eruption","floor":6,"key":"SMITH"},{"floor":8,"key":"REST"},{"data":"TalkToTheHand","floor":10,"key":"SMITH"},{"data":"ClearTheMind","floor":15,"key":"SMITH"}],"neow_cost":"NONE","seed_source_timestamp":951211427211300,"circlet_count":0,"master_deck":["AscendersBane","Eruption+1","Vigilance+1","EmptyFist","CutThroughFate","Wallop","TalkToTheHand+1","WaveOfTheHand","ClearTheMind+1","JustLucky","Devotion","WaveOfTheHand","SignatureMove","Nirvana","Collect","Establishment","LikeWater","Blasphemy","Nirvana","ThirdEye+1","BattleHymn","HandOfGreed","LikeWater"],"relics":["PureWater","MawBank","Blood Vial","Bag of Marbles","Pandora\u0027s Box","Membership Card","TeardropLocket","Mummified Hand"],"potions_floor_usage":[7,12,19],"damage_taken":[{"damage":1,"enemies":"Small Slimes","floor":1,"turns":4},{"damage":0,"enemies":"2 Louse","floor":2,"turns":4},{"damage":0,"enemies":"Cultist","floor":3,"turns":2},{"damage":14,"enemies":"3 Sentries","floor":7,"turns":5},{"damage":0,"enemies":"Red Slaver","floor":11,"turns":3},{"damage":7,"enemies":"Gremlin Nob","floor":12,"turns":4},{"damage":0,"enemies":"2 Fungi Beasts","floor":14,"turns":2},{"damage":20,"enemies":"The Guardian","floor":16,"turns":17},{"damage":9,"enemies":"3 Byrds","floor":18,"turns":8},{"damage":29,"enemies":"2 Thieves","floor":19,"turns":5},{"damage":34,"enemies":"Book of Stabbing","floor":23,"turns":2}],"seed_played":"-1646008443748355095","potions_obtained":[{"floor":2,"key":"Explosive Potion"},{"floor":3,"key":"Block Potion"},{"floor":7,"key":"Ancient Potion"},{"floor":19,"key":"LiquidMemories"}],"is_trial":false,"path_per_floor":["M","M","M","?","?","R","E","R","T","R","M","E","?","M","R","B",null,"M","M","$","?","$","E"],"character_chosen":"WATCHER","items_purchased":["Membership Card","TeardropLocket","Mummified Hand","BattleHymn","HandOfGreed","LikeWater"],"campfire_rested":1,"item_purchase_floors":[20,20,20,20,20,22],"current_hp_per_floor":[66,66,66,44,33,33,19,41,41,41,43,38,38,40,40,22,61,54,27,27,27,27,0,0],"gold":38,"neow_bonus":"TEN_PERCENT_HP_BONUS","is_prod":false,"is_daily":false,"chose_seed":false,"campfire_upgraded":3,"win_rate":0,"timestamp":1607565634,"path_taken":["M","M","M","?","?","R","E","R","T","R","M","E","?","M","R","BOSS","M","?","?","?","$","E"],"build_version":"2020-11-30","purchased_purges":0,"victory":false,"max_hp_per_floor":[74,74,74,74,74,74,74,74,74,74,74,74,74,74,74,74,74,74,74,74,74,74,74,74],"relic_stats":{"Blood Vial":14,"counters":[11,56],"Mummified Hand":[1],"Pandora\u0027s Box":["WaveOfTheHand","SignatureMove","Nirvana","Collect","Establishment","LikeWater","Blasphemy","Nirvana"],"MawBank":156,"obtain_stats":[{"Blood Vial":9,"Mummified Hand":20,"Pandora\u0027s Box":17,"Bag of Marbles":12,"Membership Card":20,"TeardropLocket":20,"PureWater":0,"MawBank":7},{"Blood Vial":4,"Mummified Hand":10,"Pandora\u0027s Box":8,"Bag of Marbles":6,"Membership Card":10,"TeardropLocket":10,"PureWater":0,"MawBank":4},{"Blood Vial":15,"Mummified Hand":54,"Pandora\u0027s Box":41,"Bag of Marbles":22,"Membership Card":54,"TeardropLocket":54,"PureWater":0,"MawBank":15}]},"card_choices":[{"not_picked":["Protect","Perseverance"],"picked":"EmptyFist","floor":1},{"not_picked":["WaveOfTheHand","Vengeance"],"picked":"CutThroughFate","floor":2},{"not_picked":["Prostrate","CutThroughFate"],"picked":"Wallop","floor":3},{"not_picked":["Brilliance","Swivel"],"picked":"TalkToTheHand","floor":7},{"not_picked":["Halt","ReachHeaven"],"picked":"WaveOfTheHand","floor":11},{"not_picked":["CarveReality","WaveOfTheHand"],"picked":"ClearTheMind","floor":12},{"not_picked":["BattleHymn","FollowUp"],"picked":"JustLucky","floor":14},{"not_picked":["Ragnarok","ConjureBlade"],"picked":"Devotion","floor":16},{"not_picked":["WindmillStrike","CrushJoints+1"],"picked":"ThirdEye+1","floor":18},{"not_picked":["Halt","BowlingBash","ClearTheMind+1"],"picked":"SKIP","floor":19}],"player_experience":1239538,"relics_obtained":[{"floor":7,"key":"MawBank"},{"floor":9,"key":"Blood Vial"},{"floor":12,"key":"Bag of Marbles"}],"event_choices":[{"damage_healed":0,"gold_gain":0,"player_choice":"Entered Light","damage_taken":22,"max_hp_gain":0,"max_hp_loss":0,"event_name":"Shining Light","floor":4,"gold_loss":0,"cards_upgraded":["Defend_P","Vigilance"]},{"damage_healed":0,"gold_gain":75,"player_choice":"Gather Gold","damage_taken":11,"max_hp_gain":0,"max_hp_loss":0,"event_name":"World of Goop","floor":5,"gold_loss":0},{"damage_healed":0,"gold_gain":50,"player_choice":"Pray","damage_taken":0,"max_hp_gain":0,"max_hp_loss":0,"event_name":"Golden Shrine","floor":13,"gold_loss":0},{"damage_healed":0,"gold_gain":0,"player_choice":"Ignored","damage_taken":0,"max_hp_gain":0,"max_hp_loss":0,"event_name":"Ghosts","floor":21,"gold_loss":0}],"is_beta":false,"boss_relics":[{"not_picked":["Black Star","Snecko Eye"],"picked":"Pandora\u0027s Box"}],"items_purged_floors":[],"is_endless":false,"potions_floor_spawned":[2,3,7,19],"killed_by":"Book of Stabbing","ascension_level":20}}