{"host":"tyfpg4h531zkrrpn","time":1607574823,"event":{"gold_per_floor":[110,110,110,129,182,182,197,224,272,281,299,327,327,352,352,456,456,471,471,471],"floor_reached":19,"playtime":495,"items_purged":["Strike_B","Strike_B"],"score":247,"play_id":"96fedff6-83f0-4823-8412-0047bb4f5873","local_time":"20201209203343","is_ascension_mode":true,"campfire_choices":[{"data":"Madness","floor":6.0,"key":"SMITH"},{"data":"MostiFishMod:ReadyAimFire","floor":13.0,"key":"SMITH"},{"data":"MostiFishMod:TheEndOfMoonlight","floor":15.0,"key":"SMITH"}],"neow_cost":"NONE","seed_source_timestamp":0,"circlet_count":0,"master_deck":["Strike_B","Strike_B","Defend_B","Defend_B","Defend_B","Defend_B","Zap+1","Dualcast","Streamline","Panache","Madness+1","Recycle","Leap","BootSequence","MostiFishMod:ButterFly","MostiFishMod:Kaleido","MostiFishMod:ReadyAimFire+1","MostiFishMod:TheEndOfMoonlight+1","MostiFishMod:Overload"],"special_seed":0,"relics":["Cracked Core","DaveBox","DiscerningMonocle","Question Card","SentryEyes","SynthV:C4","Tiny Chest","Toolbox","Chemical X","CeramicFish","Darkstone Periapt","MealTicket","Potion Belt","Nunchaku","Frozen Eye","Odd Mushroom","Eternal Feather","ImportantClient","Coffee Dripper"],"potions_floor_usage":[],"damage_taken":[{"damage":12.0,"enemies":"Jaw Worm","floor":1.0,"turns":3.0},{"damage":0.0,"enemies":"Small Slimes","floor":4.0,"turns":2.0},{"damage":0.0,"enemies":"2 Louse","floor":7.0,"turns":1.0},{"damage":0.0,"enemies":"Looter","floor":11.0,"turns":2.0},{"damage":0.0,"enemies":"The Mushroom Lair","floor":12.0,"turns":2.0},{"damage":0.0,"enemies":"3 Sentries","floor":14.0,"turns":1.0},{"damage":3.0,"enemies":"The Guardian","floor":16.0,"turns":3.0},{"damage":0,"enemies":"Shell Parasite","floor":18,"turns":1},{"damage":0,"enemies":"2 Thieves","floor":19,"turns":1}],"seed_played":"4205747671482300894","potions_obtained":[{"floor":4.0,"key":"Swift Potion"}],"is_trial":false,"path_per_floor":["M","?","$","M","?","R","M","$","T","$","M","?","R","E","R","B",null,"M","M"],"character_chosen":"DEFECT","items_purchased":["SynthV:C4","Tiny Chest","Toolbox","DuplicationPotion","FearPotion","SkillPotion","Panache","Madness","Recycle","Chemical X","CeramicFish","Darkstone Periapt","MostiFishMod:ButterFly","MostiFishMod:Kaleido","MostiFishMod:ReadyAimFire","Potion Belt","Nunchaku","Frozen Eye","Energy Potion","BlessingOfTheForge","MostiFishMod:TheEndOfMoonlight"],"campfire_rested":0,"item_purchase_floors":[3,3,3,3,3,3,3,3,3,8,8,8,8,8,8,10,10,10,10,10,10],"current_hp_per_floor":[56,44,44,45,45,45,45,45,45,60,68,68,68,68,75,72,74,75,75,75],"gold":471,"neow_bonus":"UPGRADE_CARD","is_prod":false,"is_daily":false,"chose_seed":false,"campfire_upgraded":3,"win_rate":0,"timestamp":1607574823,"path_taken":["M","?","$","M","?","R","M","?","T","$","M","?","R","E","R","BOSS","M","M"],"build_version":"2020-11-30","purchased_purges":2,"victory":false,"max_hp_per_floor":[75,75,75,75,75,75,75,75,75,75,75,75,75,75,75,75,75,75,75,75],"card_choices":[{"not_picked":["Stack","Steam Power"],"picked":"Streamline","floor":1.0},{"not_picked":["Barrage","Stack","Static Discharge"],"picked":"Leap","floor":4.0},{"not_picked":["Hologram","Steam Power","Loop"],"picked":"BootSequence","floor":7.0},{"not_picked":["Loop","Coolheaded","Doom and Gloom","Force Field"],"picked":"SKIP","floor":11.0},{"not_picked":["Sweeping Beam","Self Repair","Redo","Biased Cognition"],"picked":"SKIP","floor":14.0},{"not_picked":["MostiFishMod:GoodWordForIt","MostiFishMod:InterfaceCompatibility","Seek"],"picked":"MostiFishMod:Overload","floor":16.0},{"not_picked":["Ball Lightning","Chaos","Hello World+1","Cold Snap"],"picked":"SKIP","floor":18}],"player_experience":552598,"relics_obtained":[{"floor":1.0,"key":"Question Card"},{"floor":9.0,"key":"MealTicket"},{"floor":12.0,"key":"Odd Mushroom"},{"floor":14.0,"key":"Eternal Feather"},{"floor":16.0,"key":"ImportantClient"}],"event_choices":[{"damage_healed":0.0,"max_hp_gain":0.0,"max_hp_loss":0.0,"gold_gain":0.0,"event_name":"Scrap Ooze","player_choice":"Success","floor":2.0,"gold_loss":0.0,"damage_taken":12.0,"relics_obtained":["SentryEyes"]},{"damage_healed":0.0,"max_hp_gain":0.0,"max_hp_loss":0.0,"gold_gain":53.0,"event_name":"Golden Wing","player_choice":"Gained Gold","floor":5.0,"gold_loss":0.0,"damage_taken":0.0},{"damage_healed":0.0,"max_hp_gain":0.0,"max_hp_loss":0.0,"gold_gain":0.0,"event_name":"Mushrooms","player_choice":"Fought Mushrooms","floor":12.0,"gold_loss":0.0,"damage_taken":0.0}],"is_beta":false,"boss_relics":[{"not_picked":["Pandora\u0027s Box","SacredBark"],"picked":"Coffee Dripper"}],"items_purged_floors":[3,10],"is_endless":false,"potions_floor_spawned":[4,11,12,14],"killed_by":"2 Thieves","ascension_level":6}}