{"host":"fbqvzfq8f1yzoo4u","time":1607608752,"event":{"mods":["BaseMod","StSLib","Minty Spire (QoL Compilation)","Replay The Spire"],"gold_per_floor":[114,114,114,174,21,83,160,160,160,160,185,196,346,375,387,473,485,538,730,754,138,201,201,215,175,201,213,258,314,314,371,371,443,443,463,526,587,643,341,382,382,35,85,85,85,104,135,48,48,48,48],"floor_reached":52,"playtime":4060,"items_purged":["Shame","ReplayTheSpireMod:Restless Dread","Doubt","Strike_B"],"score":1639,"play_id":"28724cfd-8b29-4100-b03b-99671ba1f2ae","local_time":"20201210215912","is_ascension_mode":true,"campfire_choices":[{"floor":8.0,"key":"REST"},{"data":"ReplayTheSpireMod:Calculation Training","floor":10.0,"key":"SMITH"},{"floor":15.0,"key":"REST"},{"floor":23.0,"key":"REST"},{"data":"BasicCrystalCard","floor":30.0,"key":"SMITH"},{"floor":32.0,"key":"REST"},{"data":"Hologram","floor":41.0,"key":"SMITH"},{"data":"Hologram","floor":44.0,"key":"SMITH"},{"data":"Conserve Battery","floor":49.0,"key":"SMITH"}],"circlet_count":0,"master_deck":["AscendersBane","Defend_B+1","Defend_B+1","Zap+1","Dualcast+1","ReplayTheSpireMod:Calculation Training+1","Defragment+1","Ball Lightning+1","Reinforced Body+1","Self Repair+1","ReplayTheSpireMod:Calculation Training+1","Rebound+1","Stack+1","Capacitor+1","Cold Snap+1","Aggregate+1","Consume+1","Hello World+1","Compile Driver+1","Hologram+1","Conserve Battery+1","Aggregate+1","Reinforced Body+1","Ball Lightning+1","Machine Learning+1","Ball Lightning+1","Leap+1","Capacitor+1","Chill+1","Seek+1","Aggregate+1","BasicCrystalCard+1","Amplify+1","Aggregate+1","Reinforced Body+1","ReplayTheSpireMod:Calculation Training+1","Chill+1","Time Bomb+1","Glacier+1","Hologram+1","BasicCrystalCard+1","Glacier+1","Impatience+1","Crystallizer+1","Capacitor+1","Undo+1","Conserve Battery+1"],"special_seed":0,"relics":["Cracked Core","Garlic","ReplayTheSpireMod:Ring of Addiction","Potion Belt","ReplayTheSpireMod:Ring of Challenge","White Beast Statue","Solar Panel","Kunai","Tiny Chest","MawBank","Astrolabe","Prayer Wheel","Pet Ghost","Guide Book","Blood Vial","ReplayTheSpireMod:CursedCoin","War Paint","Smiling Mask","Orichalcum","SacredBark","Blue Candle","Centennial Puzzle","Replay:Frozen Program","PreservedInsect","Mark of the Bloom","Nunchaku"],"acts_visited":[],"potions_floor_usage":[50,51,51],"damage_taken":[{"damage":1.0,"enemies":"2 Louse","floor":1.0,"turns":2.0},{"damage":7.0,"enemies":"Jaw Worm","floor":4.0,"turns":3.0},{"damage":0.0,"enemies":"Cultist","floor":6.0,"turns":4.0},{"damage":23.0,"enemies":"Gremlin Nob","floor":7.0,"turns":4.0},{"damage":20.0,"enemies":"3 Sentries","floor":11.0,"turns":5.0},{"damage":1.0,"enemies":"Looter","floor":12.0,"turns":3.0},{"damage":31.0,"enemies":"Replay:BlueRogue","floor":14.0,"turns":4.0},{"damage":23.0,"enemies":"Hexaghost","floor":16.0,"turns":10.0},{"damage":30.0,"enemies":"Spheric Guardian","floor":18.0,"turns":7.0},{"damage":2.0,"enemies":"Chosen","floor":20.0,"turns":4.0},{"damage":24.0,"enemies":"Snecko","floor":22.0,"turns":6.0},{"damage":24.0,"enemies":"Centurion and Healer","floor":24.0,"turns":6.0},{"damage":11.0,"enemies":"Snake Plant","floor":27.0,"turns":4.0},{"damage":0.0,"enemies":"Sentry and Sphere","floor":29.0,"turns":4.0},{"damage":22.0,"enemies":"Shelled Parasite and Fungi","floor":31.0,"turns":12.0},{"damage":22.0,"enemies":"Automaton","floor":33.0,"turns":10.0},{"damage":44.0,"enemies":"3 Darklings","floor":35.0,"turns":7.0},{"damage":6.0,"enemies":"Orb Walker","floor":36.0,"turns":5.0},{"damage":5.0,"enemies":"4 Shapes","floor":37.0,"turns":3.0},{"damage":47.0,"enemies":"Spire Growth","floor":38.0,"turns":8.0},{"damage":8.0,"enemies":"R_Hoarder","floor":40.0,"turns":9.0},{"damage":17.0,"enemies":"Transient","floor":46.0,"turns":6.0},{"damage":0.0,"enemies":"Giant Head","floor":47.0,"turns":8.0},{"damage":7,"enemies":"Awakened One","floor":50,"turns":9},{"damage":23,"enemies":"Replay:Hell Engine","floor":51,"turns":13}],"seed_played":"-7018025171117935801","potions_obtained":[{"floor":1.0,"key":"Venom Potion"},{"floor":3.0,"key":"Swift Potion"},{"floor":3.0,"key":"Block Potion"},{"floor":3.0,"key":"SpeedPotion"},{"floor":4.0,"key":"Milkshake"},{"floor":6.0,"key":"Fire Potion"},{"floor":7.0,"key":"FearPotion"},{"floor":11.0,"key":"Elixir"},{"floor":12.0,"key":"Block Potion"},{"floor":14.0,"key":"SteroidPotion"},{"floor":16.0,"key":"SteroidPotion"},{"floor":18.0,"key":"Adrenaline Potion"},{"floor":20.0,"key":"Adrenaline Potion"},{"floor":22.0,"key":"Explosive Potion"},{"floor":24.0,"key":"Regen Potion"},{"floor":27.0,"key":"Strength Potion"},{"floor":29.0,"key":"LifebloodPotion"},{"floor":31.0,"key":"Languid Potion"},{"floor":33.0,"key":"LifebloodPotion"},{"floor":35.0,"key":"GamblersBrew"},{"floor":36.0,"key":"Toxic Potion"},{"floor":37.0,"key":"EssenceOfDarkness"},{"floor":38.0,"key":"Toxic Potion"},{"floor":40.0,"key":"LiquidBronze"},{"floor":46.0,"key":"Death Potion"}],"is_trial":false,"path_per_floor":["M","?","?","M","$","M","E","R","T","R","E","M","?","E","R","B",null,"M","?","M","$","M","R","M","$","T","M","T","M","R","M","R","B",null,"M","M","M","M","$","E","R","$","T","R","?","M","E","$","R","B","B",null],"character_chosen":"DEFECT","items_purchased":["Self Repair","Guide Book","Blood Vial","Reinforced Body","Ball Lightning","Machine Learning","ReplayTheSpireMod:CursedCoin","Chill","Glacier","Regen Potion","Impatience","Replay:Frozen Program","Capacitor","Dexterity Potion","GamblersBrew"],"campfire_rested":4,"item_purchase_floors":[5,21,21,21,21,21,25,25,39,39,39,42,42,42,48],"current_hp_per_floor":[63,52,52,45,45,52,36,57,57,57,50,60,60,40,60,50,64,43,24,35,35,28,48,39,39,39,48,48,50,50,43,63,60,65,38,50,49,15,15,61,61,61,61,61,61,44,44,44,44,37,14],"gold":48,"neow_bonus":"TRANSFORM_TWO_CARDS","is_daily":false,"chose_seed":false,"campfire_upgraded":5,"win_rate":0,"timestamp":1607608752,"path_taken":["M","?","?","M","$","?","E","R","T","R","E","M","?","E","R","BOSS","M","?","M","$","M","R","?","$","T","M","?","M","R","M","R","BOSS","M","M","M","M","$","E","R","$","T","R","?","M","E","$","R","BOSS","BOSS"],"build_version":"2020-11-30","purchased_purges":4,"victory":true,"max_hp_per_floor":[71,71,71,71,71,71,71,71,71,71,69,69,69,69,69,69,69,69,69,69,69,69,69,69,69,69,69,69,69,69,69,69,67,67,67,67,67,67,67,67,67,67,67,65,65,65,65,65,65,65,65],"card_choices":[{"not_picked":["Sweeping Beam","Conserve Battery"],"picked":"Ball Lightning","floor":1.0},{"not_picked":["Rebound","Ball Lightning"],"picked":"Reinforced Body","floor":4.0},{"not_picked":["Tempest","Self Repair"],"picked":"ReplayTheSpireMod:Calculation Training","floor":6.0},{"not_picked":["Gash","Crystallizer"],"picked":"Rebound","floor":7.0},{"not_picked":["Go for the Eyes","Conserve Battery"],"picked":"Stack","floor":11.0},{"not_picked":["Recycle","Self Repair"],"picked":"Capacitor","floor":12.0},{"not_picked":["Darkness","Double Energy"],"picked":"Cold Snap","floor":14.0},{"not_picked":["Core Surge","Buffer"],"picked":"ReplayTheSpireMod:Fabricate Wheel","floor":16.0},{"not_picked":["Steam Power","Conserve Battery"],"picked":"Compile Driver","floor":18.0},{"not_picked":["Sweeping Beam","Gash+1"],"picked":"Hologram","floor":18.0},{"not_picked":["Consume","Doom and Gloom+1"],"picked":"Conserve Battery","floor":20.0},{"not_picked":["Doom and Gloom+1","Rebound","Aggregate+1"],"picked":"SKIP","floor":20.0},{"not_picked":["Doom and Gloom+1","Rebound"],"picked":"Aggregate+1","floor":20.0},{"not_picked":["Doom and Gloom","Consume"],"picked":"Ball Lightning+1","floor":22.0},{"not_picked":["Ball Lightning","Sweeping Beam","Melter"],"picked":"SKIP","floor":22.0},{"not_picked":["Rebound","Sunder"],"picked":"Leap","floor":24.0},{"not_picked":["Ball Lightning","Coolheaded","Capacitor"],"picked":"SKIP","floor":24.0},{"not_picked":["Ball Lightning","Coolheaded"],"picked":"Capacitor","floor":24.0},{"not_picked":["ReplayTheSpireMod:Repulse","Ball Lightning+1"],"picked":"Seek","floor":27.0},{"not_picked":["Auto Shields","Sweeping Beam","Redo"],"picked":"SKIP","floor":27.0},{"not_picked":["Recycle","FTL"],"picked":"Aggregate","floor":29.0},{"not_picked":["Compile Driver","Consume"],"picked":"BasicCrystalCard","floor":29.0},{"not_picked":["Consume","Steam","Panic Button"],"picked":"SKIP","floor":31.0},{"not_picked":["Go for the Eyes","Barrage+1","ReplaySolidLightProjector"],"picked":"SKIP","floor":31.0},{"not_picked":["Rainbow","Echo Form"],"picked":"Amplify","floor":33.0},{"not_picked":["Sweeping Beam","Panic Button"],"picked":"Aggregate","floor":35.0},{"not_picked":["Ball Lightning","Panic Button"],"picked":"Reinforced Body","floor":35.0},{"not_picked":["Sunder+1","Creative AI"],"picked":"ReplayTheSpireMod:Calculation Training","floor":36.0},{"not_picked":["Cold Snap","Ball Lightning"],"picked":"Chill","floor":36.0},{"not_picked":["Gash","Compile Driver+1"],"picked":"Time Bomb","floor":37.0},{"not_picked":["Cold Snap","Barrage"],"picked":"Glacier","floor":37.0},{"not_picked":["Compile Driver","Ball Lightning"],"picked":"Hologram","floor":38.0},{"not_picked":["Streamline","Lockon"],"picked":"BasicCrystalCard","floor":38.0},{"not_picked":["ReplayTheSpireMod:Reroute Power+1","Auto Shields"],"picked":"Crystallizer+1","floor":40.0},{"not_picked":["Scrape","Rip and Tear+1"],"picked":"Undo+1","floor":46.0},{"not_picked":["Streamline+1","Steam"],"picked":"Conserve Battery","floor":46.0},{"not_picked":["BasicCrystalCard","BootSequence","ReplayTheSpireMod:Fabricate Wheel"],"picked":"SKIP","floor":47.0}],"player_experience":551920,"relics_obtained":[{"floor":3.0,"key":"ReplayTheSpireMod:Ring of Addiction"},{"floor":3.0,"key":"Potion Belt"},{"floor":3.0,"key":"ReplayTheSpireMod:Ring of Challenge"},{"floor":3.0,"key":"White Beast Statue"},{"floor":7.0,"key":"Solar Panel"},{"floor":9.0,"key":"Kunai"},{"floor":11.0,"key":"Tiny Chest"},{"floor":14.0,"key":"MawBank"},{"floor":18.0,"key":"Pet Ghost"},{"floor":26.0,"key":"War Paint"},{"floor":28.0,"key":"Smiling Mask"},{"floor":31.0,"key":"Orichalcum"},{"floor":40.0,"key":"Blue Candle"},{"floor":40.0,"key":"Centennial Puzzle"},{"floor":43.0,"key":"PreservedInsect"},{"floor":47.0,"key":"Nunchaku"}],"event_choices":[{"damage_healed":0.0,"max_hp_gain":0.0,"max_hp_loss":0.0,"gold_gain":0.0,"event_name":"Scrap Ooze","player_choice":"Success","floor":2.0,"gold_loss":0.0,"damage_taken":11.0,"relics_obtained":["Garlic"]},{"damage_healed":0.0,"max_hp_gain":0.0,"max_hp_loss":0.0,"gold_gain":150.0,"event_name":"Liars Game","player_choice":"AGREE","floor":13.0,"gold_loss":0.0,"damage_taken":0.0,"cards_obtained":["Doubt"]},{"damage_healed":0.0,"max_hp_gain":0.0,"max_hp_loss":0.0,"gold_gain":180.0,"event_name":"Knowing Skull","player_choice":"GOLD GOLD ","floor":19.0,"potions_obtained":[],"gold_loss":0.0,"damage_taken":19.0,"cards_obtained":[]},{"damage_healed":0.0,"max_hp_gain":0.0,"max_hp_loss":0.0,"gold_gain":0.0,"event_name":"MindBloom","player_choice":"Upgrade","floor":45.0,"gold_loss":0.0,"damage_taken":0.0,"cards_upgraded":["Defend_B","Defend_B","Dualcast","Ball Lightning","Self Repair","ReplayTheSpireMod:Calculation Training","Rebound","Stack","Capacitor","Cold Snap","Compile Driver","Conserve Battery","Reinforced Body","Ball Lightning","Machine Learning","Capacitor","Chill","Seek","Aggregate","Amplify","Aggregate","Reinforced Body","ReplayTheSpireMod:Calculation Training","Chill","Time Bomb","Glacier","BasicCrystalCard","Glacier","Impatience","Capacitor"],"relics_obtained":["Mark of the Bloom"]}],"is_beta":false,"boss_relics":[{"not_picked":["Velvet Choker","SlaversCollar"],"picked":"Astrolabe"},{"not_picked":["Black Star","Calling Bell"],"picked":"SacredBark"}],"items_purged_floors":[5,25,39,42],"is_endless":false,"potions_floor_spawned":[1,4,6,7,11,12,14,16,18,20,22,24,27,29,31,33,35,36,37,38,40,46,47],"ascension_level":20}}