{"host":"xodzlm10r37577ou","time":1607572014,"event":{"gold_per_floor":[117,137,62,18,168,168,201,201,201,201,214,255,255,275,275,275,275],"floor_reached":16,"playtime":472,"items_purged":["Doubt"],"score":228,"play_id":"adcdc360-692a-4e43-9c61-d8f8b972ab78","local_time":"20201210114654","is_ascension_mode":true,"campfire_choices":[{"data":"Dark Embrace","floor":6,"key":"SMITH"},{"data":"Havoc","floor":8,"key":"SMITH"},{"data":"ReplayTheSpireMod:LeadingStrike","floor":13,"key":"SMITH"},{"data":"Limit Break","floor":15,"key":"SMITH"}],"neow_cost":"NONE","seed_source_timestamp":417738247896800,"circlet_count":0,"master_deck":["AscendersBane","Strike_R","Strike_R","Strike_R","Defend_R","Defend_R","Defend_R","Defend_R","Bash","Havoc+1","ReplayTheSpireMod:LeadingStrike+1","True Grit+1","Dark Embrace+1","Doubt","Dropkick","Limit Break+1","Clothesline","Bludgeon","Carnage"],"relics":["Burning Blood","NeowsBlessing","ReplayTheSpireMod:CursedCoin","Peace Pipe","Replay:Bottled Flurry","Gremlin Horn"],"potions_floor_usage":[],"damage_taken":[{"damage":0,"enemies":"Cultist","floor":1,"turns":1},{"damage":0,"enemies":"Jaw Worm","floor":2,"turns":1},{"damage":0,"enemies":"3 Sentries","floor":7,"turns":2},{"damage":6,"enemies":"Small Slimes","floor":11,"turns":5},{"damage":14,"enemies":"Red Slaver","floor":14,"turns":2},{"damage":21,"enemies":"The Guardian","floor":16,"turns":10}],"seed_played":"-2965927730585609710","potions_obtained":[{"floor":1,"key":"Elixir"},{"floor":7,"key":"BlessingOfTheForge"},{"floor":12,"key":"LiquidMemories"}],"is_trial":false,"path_per_floor":["M","M","?","$","?","R","E","R","T","?","M","?","R","M","R","B"],"character_chosen":"IRONCLAD","items_purchased":["ReplayTheSpireMod:CursedCoin","True Grit+1","Dark Embrace"],"campfire_rested":0,"item_purchase_floors":[4,4,4],"current_hp_per_floor":[74,75,75,75,75,75,75,75,75,75,75,51,51,43,43,22,22],"gold":275,"neow_bonus":"THREE_ENEMY_KILL","is_prod":false,"is_daily":false,"chose_seed":false,"campfire_upgraded":4,"win_rate":0,"timestamp":1607572014,"path_taken":["M","?","?","$","?","R","E","R","T","?","?","?","R","M","R","BOSS"],"build_version":"2020-11-30","purchased_purges":1,"victory":false,"max_hp_per_floor":[75,75,75,75,75,75,75,75,75,75,75,75,75,75,75,75,75],"card_choices":[{"not_picked":["Blood for Blood","Body Slam"],"picked":"Havoc","floor":1},{"not_picked":["Shrug It Off","Flex"],"picked":"ReplayTheSpireMod:LeadingStrike","floor":2},{"not_picked":["Dark Embrace","Heavy Blade"],"picked":"Dropkick","floor":7},{"not_picked":["Pommel Strike","Pummel"],"picked":"Clothesline","floor":11},{"not_picked":["Thunderclap","Metallicize"],"picked":"Bludgeon","floor":12},{"not_picked":["Body Slam","Thunderclap"],"picked":"Carnage","floor":14}],"player_experience":410750,"relics_obtained":[{"floor":7,"key":"Peace Pipe"},{"floor":9,"key":"Replay:Bottled Flurry"},{"floor":12,"key":"Gremlin Horn"}],"event_choices":[{"cards_removed":["Strike_R"],"damage_healed":0,"gold_gain":0,"player_choice":"Card Removal","damage_taken":0,"max_hp_gain":0,"max_hp_loss":0,"event_name":"The Cleric","floor":3,"gold_loss":75},{"damage_healed":0,"gold_gain":150,"player_choice":"AGREE","damage_taken":0,"max_hp_gain":0,"max_hp_loss":0,"event_name":"Liars Game","floor":5,"gold_loss":0,"cards_obtained":["Doubt"]},{"damage_healed":0,"gold_gain":0,"cards_transformed":["Strike_R"],"player_choice":"Transformed","damage_taken":0,"max_hp_gain":0,"max_hp_loss":0,"event_name":"Transmorgrifier","floor":10,"gold_loss":0,"cards_obtained":["Limit Break"]}],"is_beta":false,"boss_relics":[],"items_purged_floors":[4],"is_endless":false,"potions_floor_spawned":[1,7,14],"killed_by":"The Guardian","ascension_level":17}}