{"host":"zkqorkqsr6o67e8b","time":1607593568,"event":{"gold_per_floor":[110,185,185,198,27,27,62,62,62,62,62,91,91,120,120,215,215,226,239,239,239],"floor_reached":20,"playtime":1280,"items_purged":["Strike_YM"],"score":216,"play_id":"2812f0cb-3114-4fd1-81e3-e5ff76c29fb4","local_time":"20201210174608","is_ascension_mode":true,"campfire_choices":[{"data":"Tools of the Trade","floor":6,"key":"SMITH"},{"data":"SwordExtraction","floor":10,"key":"SMITH"},{"data":"Trip","floor":15,"key":"SMITH"}],"neow_cost":"CURSE","seed_source_timestamp":32082685490900,"circlet_count":0,"master_deck":["Strike_YM","Strike_YM","Strike_YM","Defend_YM","Defend_YM","Defend_YM","SlashOfPresentWorld","WheelOfPainOfLivingAndDead","Tools of the Trade+1","Clumsy","HellFireSword+1","Trip+1","SwordExtraction+1","PhosphoricSlash","SuddenDivineSeveringOfKarmicWind","SlashOfDepartureFromHesitation","PreachingAvici"],"relics":["MiniYoumu","REME_ComplimentaryCards","Pocketwatch","Toy Ornithopter","InkBottle","Happy Flower","StoneCalendar"],"potions_floor_usage":[12],"damage_taken":[{"damage":19,"enemies":"2 Louse","floor":1,"turns":3},{"damage":3,"enemies":"Jaw Worm","floor":4,"turns":5},{"damage":10,"enemies":"3 Sentries","floor":7,"turns":9},{"damage":29,"enemies":"Gremlin Nob","floor":12,"turns":4},{"damage":5,"enemies":"Lagavulin","floor":14,"turns":5},{"damage":17,"enemies":"Slime Boss","floor":16,"turns":7},{"damage":13,"enemies":"Shell Parasite","floor":18,"turns":4},{"damage":40,"enemies":"2 Thieves","floor":19,"turns":4},{"damage":29,"enemies":"Masked Bandits","floor":20,"turns":2}],"seed_played":"-7456610388341440129","potions_obtained":[{"floor":1,"key":"GamblersBrew"},{"floor":14,"key":"Strength Potion"}],"is_trial":false,"path_per_floor":["M","?","?","M","$","R","E","$","T","R","?","E","?","E","R","B",null,"M","M","?"],"character_chosen":"YOUMU","items_purchased":["Trip"],"campfire_rested":0,"item_purchase_floors":[5],"current_hp_per_floor":[56,45,75,72,72,72,62,62,62,62,55,31,31,26,26,9,75,62,22,0,0],"gold":239,"neow_bonus":"ONE_RARE_RELIC","is_prod":false,"is_daily":false,"chose_seed":false,"campfire_upgraded":3,"win_rate":0,"timestamp":1607593568,"path_taken":["M","?","?","?","$","R","E","$","T","R","?","E","?","E","R","BOSS","M","M","?"],"build_version":"2020-11-30","purchased_purges":1,"victory":false,"max_hp_per_floor":[75,75,75,75,75,75,75,75,75,75,75,75,75,75,75,75,75,75,75,75,75],"card_choices":[{"not_picked":["SpiritCuttingSword","LightFlashOfTheNetherworld","HumanKnowledgeSword"],"picked":"SKIP","floor":1},{"not_picked":["DispleasureOfTheSevenHakus","FlashingScatteredFlowers"],"picked":"HellFireSword","floor":4},{"not_picked":["HellGodSword","PreachingAvici"],"picked":"SwordExtraction","floor":7},{"not_picked":["IrresoluteSoul","TwoHundredYojanaInOneSlash","ThreeKonsSevenHakus"],"picked":"SKIP","floor":12},{"not_picked":["SwordOfBindingDesires","SlashOfDelusionalInnerEye"],"picked":"PhosphoricSlash","floor":14},{"not_picked":["IrresoluteSoul","GreatEnlightenmentAppearingAndDisappearing"],"picked":"SuddenDivineSeveringOfKarmicWind","floor":16},{"not_picked":["SwordExtraction+1","DispleasureOfTheSevenHakus"],"picked":"SlashOfDepartureFromHesitation","floor":18},{"not_picked":["TenKingsRetributionOnThePreta","ConstancyOfTheConventionalTruth"],"picked":"PreachingAvici","floor":19}],"player_experience":417993,"relics_obtained":[{"floor":7,"key":"Toy Ornithopter"},{"floor":9,"key":"InkBottle"},{"floor":12,"key":"Happy Flower"},{"floor":14,"key":"StoneCalendar"}],"event_choices":[{"damage_healed":0,"gold_gain":75,"player_choice":"Gather Gold","damage_taken":11,"max_hp_gain":0,"max_hp_loss":0,"event_name":"World of Goop","floor":2,"gold_loss":0},{"damage_healed":30,"gold_gain":0,"player_choice":"Full Heal","damage_taken":0,"max_hp_gain":0,"max_hp_loss":0,"event_name":"Wheel of Change","floor":3,"gold_loss":0},{"cards_removed":["Defend_YM"],"damage_healed":0,"gold_gain":0,"player_choice":"Card Removal","damage_taken":7,"max_hp_gain":0,"max_hp_loss":0,"event_name":"Golden Wing","floor":11,"gold_loss":0},{"damage_healed":0,"gold_gain":0,"player_choice":"Grow","damage_taken":0,"max_hp_gain":0,"max_hp_loss":0,"event_name":"Living Wall","floor":13,"gold_loss":0,"cards_upgraded":["HellFireSword"]},{"damage_healed":0,"gold_gain":0,"player_choice":"Fought Bandits","damage_taken":0,"max_hp_gain":0,"max_hp_loss":0,"event_name":"Masked Bandits","floor":20,"gold_loss":0}],"is_beta":false,"boss_relics":[{"not_picked":["Fusion Hammer","Sozu"],"picked":"MiniYoumu"}],"items_purged_floors":[5],"is_endless":false,"potions_floor_spawned":[1,14],"killed_by":"Masked Bandits","ascension_level":3}}