{"host":"6z6y4ky8uzsz1dpj","time":1607609601,"event":{"gold_per_floor":[110,145,155,170,160,152,152],"floor_reached":6,"playtime":293,"items_purged":[],"score":42,"play_id":"22eed725-8084-4be8-89c4-1145e09dd288","local_time":"20201210091321","is_ascension_mode":true,"campfire_choices":[],"neow_cost":"","seed_source_timestamp":345359124713500,"circlet_count":0,"master_deck":["hierophant:Strike_Hierophant","hierophant:Strike_Hierophant","hierophant:Strike_Hierophant","hierophant:Strike_Hierophant","hierophant:Punish","hierophant:Defend_Hierophant","hierophant:Defend_Hierophant","hierophant:Defend_Hierophant","hierophant:Defend_Hierophant","hierophant:ChurchCoffers","hierophant:RustyCrate","hierophant:Doubloon","hierophant:Doubloon","hierophant:OrnateBuckler","hierophant:RepressedViolence","hierophant:Doubloon","hierophant:Remorse"],"relics":["hierophant:PropheticMaskRelic","Question Card","Replay:Arrowhead"],"potions_floor_usage":[6],"damage_taken":[{"damage":7,"enemies":"Small Slimes","floor":1,"turns":4},{"damage":5,"enemies":"Cultist","floor":2,"turns":4},{"damage":8,"enemies":"Jaw Worm","floor":3,"turns":4},{"damage":12,"enemies":"Gremlin Gang","floor":4,"turns":4},{"damage":5,"enemies":"Looter","floor":5,"turns":5},{"damage":49,"enemies":"Gremlin Nob","floor":6,"turns":4}],"seed_played":"-1441488405352105695","potions_obtained":[{"floor":1,"key":"Doom Potion"},{"floor":3,"key":"Weak Potion"}],"is_trial":false,"path_per_floor":["M","M","M","M","M","E"],"character_chosen":"HIEROPHANT","items_purchased":["Question Card"],"campfire_rested":0,"item_purchase_floors":[0],"current_hp_per_floor":[68,63,55,43,38,0,0],"gold":152,"neow_bonus":"","is_prod":false,"is_daily":false,"chose_seed":false,"campfire_upgraded":0,"win_rate":0,"timestamp":1607609601,"path_taken":["M","M","M","M","M","E"],"build_version":"2020-11-30","purchased_purges":0,"victory":false,"max_hp_per_floor":[75,75,75,75,75,75,75],"card_choices":[{"not_picked":["hierophant:Upheaval","hierophant:ThreeLashes","hierophant:FieryStrike"],"picked":"hierophant:RustyCrate","floor":1},{"not_picked":["hierophant:Shelter","hierophant:Encroach","hierophant:FlamingChariot","hierophant:DisplayOfPower"],"picked":"SKIP","floor":2},{"not_picked":["hierophant:Glossolalia","hierophant:Empathy","hierophant:AuricBeam"],"picked":"hierophant:OrnateBuckler","floor":3},{"not_picked":["hierophant:DisplayOfPower","hierophant:Purify","hierophant:Sermon"],"picked":"hierophant:RepressedViolence","floor":4},{"not_picked":["hierophant:Exaltation","hierophant:SealAway","hierophant:Smite"],"picked":"hierophant:Remorse","floor":5}],"player_experience":165825,"relics_obtained":[],"event_choices":[],"is_beta":false,"boss_relics":[],"items_purged_floors":[],"is_endless":false,"potions_floor_spawned":[1,3],"killed_by":"Gremlin Nob","ascension_level":1}}