{"host":"p7j7o00jacnw7qzt","time":1607571584,"event":{"gold_per_floor":[109,126,126,142,142,142,182,182,207,207,226,259,273,342,342,435,498,514,564,577,167,167,167,210,210,210,235,250,250,250,250],"floor_reached":30,"playtime":1440,"items_purged":["Strike_G"],"score":541,"play_id":"b8a1f428-4d96-4b88-bf58-1b4e84b60cf9","local_time":"20201209223944","is_ascension_mode":true,"campfire_choices":[{"data":"Neutralize","floor":6.0,"key":"SMITH"},{"data":"Reflex","floor":8.0,"key":"SMITH"},{"floor":10.0,"key":"REST"},{"data":"Eviscerate","floor":15.0,"key":"SMITH"},{"data":"Ghostly","floor":23.0,"key":"SMITH"},{"data":"Prepared","floor":29.0,"key":"SMITH"}],"neow_cost":"NONE","seed_source_timestamp":0,"circlet_count":0,"master_deck":["AscendersBane","Strike_G","Strike_G","Strike_G","Defend_G+1","Defend_G","Defend_G","Defend_G","Defend_G","Survivor","Neutralize+1","Concentrate","Reflex+1","Eviscerate+1","Blade Dance","Backflip","Footwork","Ghostly+1","Ghostly","Ghostly","Wraith Form v2","Ghostly+1","Prepared+1"],"special_seed":0,"relics":["Runic Pyramid","Golden Idol","Omamori","Regal Pillow","Orichalcum","Prayer Wheel","Tiny House","TheAbacus","Akabeko","Unceasing Top"],"potions_floor_usage":[],"damage_taken":[{"damage":1.0,"enemies":"Cultist","floor":1.0,"turns":4.0},{"damage":0.0,"enemies":"Jaw Worm","floor":2.0,"turns":5.0},{"damage":1.0,"enemies":"Small Slimes","floor":4.0,"turns":4.0},{"damage":29.0,"enemies":"3 Sentries","floor":7.0,"turns":13.0},{"damage":4.0,"enemies":"3 Louse","floor":11.0,"turns":3.0},{"damage":2.0,"enemies":"Lagavulin","floor":12.0,"turns":5.0},{"damage":4.0,"enemies":"Gremlin Gang","floor":13.0,"turns":4.0},{"damage":3.0,"enemies":"Gremlin Nob","floor":14.0,"turns":3.0},{"damage":13.0,"enemies":"The Guardian","floor":16.0,"turns":12.0},{"damage":16.0,"enemies":"Shell Parasite","floor":18.0,"turns":6.0},{"damage":12.0,"enemies":"2 Thieves","floor":20.0,"turns":5.0},{"damage":5.0,"enemies":"Book of Stabbing","floor":24.0,"turns":7.0},{"damage":6.0,"enemies":"Snecko","floor":27.0,"turns":9.0},{"damage":3.0,"enemies":"Chosen and Byrds","floor":28.0,"turns":9.0},{"damage":0,"enemies":"Gremlin Leader","floor":30,"turns":1}],"seed_played":"-7824161260574154850","potions_obtained":[{"floor":1.0,"key":"CultistPotion"},{"floor":4.0,"key":"FearPotion"},{"floor":7.0,"key":"GamblersBrew"},{"floor":12.0,"key":"AttackPotion"},{"floor":14.0,"key":"SmokeBomb"},{"floor":17.0,"key":"SteroidPotion"}],"is_trial":false,"path_per_floor":["M","M","?","M","?","R","E","R","T","R","M","E","M","?","R","B",null,"M","?","M","$","?","R","E","?","T","M","M","R","E"],"character_chosen":"THE_SILENT","items_purchased":["TheAbacus","Akabeko"],"campfire_rested":1,"item_purchase_floors":[21,21],"current_hp_per_floor":[58,58,51,50,50,50,21,21,21,54,50,48,44,41,41,28,57,41,41,29,29,29,29,24,24,24,18,15,15,15,15],"gold":250,"neow_bonus":"BOSS_RELIC","is_prod":false,"is_daily":false,"chose_seed":false,"campfire_upgraded":5,"win_rate":0,"timestamp":1607571584,"path_taken":["M","M","?","M","?","R","E","R","T","R","M","E","M","?","R","BOSS","M","?","?","$","?","R","E","?","T","?","M","R","E"],"build_version":"2020-11-30","purchased_purges":1,"victory":false,"max_hp_per_floor":[66,66,66,66,60,60,60,60,60,60,60,60,60,60,60,60,65,65,65,65,65,32,32,32,32,32,32,32,32,32,32],"relic_stats":{"Regal Pillow":15,"TheAbacus":[54],"counters":[14,89],"Golden Idol":85,"Prayer Wheel":4,"Orichalcum":[48],"obtain_stats":[{"Regal Pillow":9,"Tiny House":17,"TheAbacus":21,"Golden Idol":5,"Prayer Wheel":14,"Omamori":7,"Orichalcum":12,"Akabeko":21,"Unceasing Top":24,"Ring of the Snake":0,"Runic Pyramid":0},{"Regal Pillow":4,"Tiny House":9,"TheAbacus":11,"Golden Idol":3,"Prayer Wheel":7,"Omamori":4,"Orichalcum":6,"Akabeko":11,"Unceasing Top":12,"Ring of the Snake":0,"Runic Pyramid":0},{"Regal Pillow":26,"Tiny House":53,"TheAbacus":64,"Golden Idol":13,"Prayer Wheel":38,"Omamori":26,"Orichalcum":34,"Akabeko":64,"Unceasing Top":71,"Ring of the Snake":0,"Runic Pyramid":0}],"Unceasing Top":[0]},"card_choices":[{"not_picked":["Noxious Fumes","Poisoned Stab","Underhanded Strike"],"picked":"SKIP","floor":1.0},{"not_picked":["All Out Attack","Quick Slash"],"picked":"Concentrate","floor":2.0},{"not_picked":["Predator","Finisher"],"picked":"Reflex","floor":4.0},{"not_picked":["Finisher","Choke"],"picked":"Eviscerate","floor":7.0},{"not_picked":["Reflex","Crippling Poison"],"picked":"Blade Dance","floor":11.0},{"not_picked":["Bane","Poisoned Stab","Cloak And Dagger"],"picked":"SKIP","floor":12.0},{"not_picked":["Dodge and Roll","Underhanded Strike"],"picked":"Backflip","floor":13.0},{"not_picked":["Masterful Stab","Blade Dance"],"picked":"Footwork","floor":18.0},{"not_picked":["Poisoned Stab","Infinite Blades","Distraction"],"picked":"SKIP","floor":18.0},{"not_picked":["Cloak And Dagger","Noxious Fumes","Sucker Punch"],"picked":"SKIP","floor":20.0},{"not_picked":["Storm of Steel","Outmaneuver","PiercingWail"],"picked":"SKIP","floor":20.0},{"not_picked":["Flechettes","Sucker Punch+1"],"picked":"Wraith Form v2","floor":24.0},{"not_picked":["Finisher","Cloak And Dagger"],"picked":"Prepared","floor":27.0},{"not_picked":["Catalyst","Outmaneuver","Heel Hook"],"picked":"SKIP","floor":27.0},{"not_picked":["Deflect+1","Bullet Time","Poisoned Stab"],"picked":"SKIP","floor":28.0},{"not_picked":["Cloak And Dagger","Quick Slash+1","Sucker Punch"],"picked":"SKIP","floor":28.0}],"player_experience":720348,"relics_obtained":[{"floor":7.0,"key":"Omamori"},{"floor":9.0,"key":"Regal Pillow"},{"floor":12.0,"key":"Orichalcum"},{"floor":24.0,"key":"Unceasing Top"}],"event_choices":[{"cards_removed":["Strike_G"],"damage_healed":0.0,"max_hp_gain":0.0,"max_hp_loss":0.0,"gold_gain":0.0,"event_name":"Golden Wing","player_choice":"Card Removal","floor":3.0,"gold_loss":0.0,"damage_taken":7.0},{"damage_healed":0.0,"max_hp_gain":0.0,"max_hp_loss":6.0,"gold_gain":0.0,"event_name":"Golden Idol","player_choice":"Lose Max HP","floor":5.0,"gold_loss":0.0,"damage_taken":0.0,"relics_obtained":["Golden Idol"]},{"damage_healed":0.0,"max_hp_gain":0.0,"max_hp_loss":0.0,"gold_gain":30.0,"event_name":"Dead Adventurer","player_choice":"Searched \u00273\u0027 times","floor":14.0,"gold_loss":0.0,"damage_taken":0.0,"relics_obtained":["Prayer Wheel"]},{"damage_healed":0.0,"max_hp_gain":0.0,"max_hp_loss":0.0,"gold_gain":100.0,"event_name":"The Joust","player_choice":"Bet on Murderer","floor":19.0,"gold_loss":50.0,"damage_taken":0.0},{"damage_healed":0.0,"max_hp_gain":0.0,"max_hp_loss":33.0,"gold_gain":0.0,"event_name":"Ghosts","player_choice":"Became a Ghost","floor":22.0,"gold_loss":0.0,"damage_taken":0.0,"cards_obtained":["Ghostly","Ghostly","Ghostly"]},{"damage_healed":0.0,"max_hp_gain":0.0,"max_hp_loss":0.0,"gold_gain":0.0,"event_name":"Duplicator","player_choice":"Copied","floor":25.0,"gold_loss":0.0,"damage_taken":0.0,"cards_obtained":["Ghostly"]}],"is_beta":false,"boss_relics":[{"not_picked":["Busted Crown","Ectoplasm"],"picked":"Tiny House"}],"items_purged_floors":[21],"is_endless":false,"potions_floor_spawned":[1,4,7,12,14,18],"killed_by":"Gremlin Leader","ascension_level":20}}