{"host":"m98e3ia7l93qbhre","time":1607609045,"event":{"gold_per_floor":[117,117,142,92,92,135,159,203,226,242,257,295,295,336,336,425,425,438,348,369,387,19,19,37,8,8,31,31,31,31,31,31,126,126,141,241,256,172,172,172,72,115,115,115,138,7,20,20,20,20],"floor_reached":51,"playtime":4398,"items_purged":["Strike_R","Pain"],"score":1262,"play_id":"70c4ee31-061c-4595-8f2d-922d3fcf1e25","local_time":"20201210220405","is_ascension_mode":true,"campfire_choices":[{"data":"Bash","floor":15.0,"key":"SMITH"},{"data":"Limit Break","floor":23.0,"key":"SMITH"},{"floor":28.0,"key":"REST"},{"floor":32.0,"key":"REST"},{"data":"Body Slam","floor":40,"key":"SMITH"},{"floor":49,"key":"REST"}],"neow_cost":"NONE","seed_source_timestamp":1370781651713993,"circlet_count":0,"master_deck":["AscendersBane","Strike_R+1","Strike_R+1","Strike_R+1","Defend_R","Defend_R","Defend_R","Bash+1","Impervious","Metallicize","Thunderclap","Flex","Shrug It Off","Flame Barrier","Heavy Blade","Juggernaut","CurseOfTheBell","Body Slam+1","Inflame","Limit Break+1","Berserk","Pummel+1","Metallicize","Seeing Red","Apotheosis"],"special_seed":0,"relics":["Burning Blood","Baka","Golden Idol","Toy Ornithopter","MagicDraw4","Ccalipers","HornCleat","Bag of Marbles","GodSword7","Tiny Chest","Calling Bell","Bronze Scales","Gremlin Horn","Thread and Needle","Lantern","ZombieArmy","Mercury Hourglass","Pocketwatch","Ginger","SlaversCollar","WarpedTongs","Whetstone","Molten Egg 2","Potion Belt","InkBottle"],"potions_floor_usage":[50,50,50],"damage_taken":[{"damage":5.0,"enemies":"Small Slimes","floor":1.0,"turns":3.0},{"damage":16.0,"enemies":"Gremlin Nob","floor":6.0,"turns":2.0},{"damage":6.0,"enemies":"Jaw Worm","floor":7.0,"turns":3.0},{"damage":13.0,"enemies":"3 Sentries","floor":8.0,"turns":7.0},{"damage":2.0,"enemies":"2 Louse","floor":10.0,"turns":4.0},{"damage":0.0,"enemies":"Looter","floor":11.0,"turns":3.0},{"damage":6.0,"enemies":"Gremlin Nob","floor":12.0,"turns":5.0},{"damage":4.0,"enemies":"3 Sentries","floor":14.0,"turns":6.0},{"damage":60.0,"enemies":"Hexaghost","floor":16.0,"turns":14.0},{"damage":26.0,"enemies":"3 Byrds","floor":18.0,"turns":2.0},{"damage":0.0,"enemies":"Chosen","floor":20.0,"turns":2.0},{"damage":11.0,"enemies":"Snake Plant","floor":21.0,"turns":2.0},{"damage":0.0,"enemies":"Snecko","floor":24.0,"turns":4.0},{"damage":49.0,"enemies":"Slavers","floor":25.0,"turns":5.0},{"damage":4.0,"enemies":"Shelled Parasite and Fungi","floor":27.0,"turns":5.0},{"damage":52.0,"enemies":"Champ","floor":33.0,"turns":9.0},{"damage":12,"enemies":"3 Shapes","floor":35,"turns":4},{"damage":22,"enemies":"3 Darklings","floor":37,"turns":6},{"damage":13,"enemies":"4 Shapes","floor":38,"turns":4},{"damage":11,"enemies":"Reptomancer","floor":42,"turns":3},{"damage":0,"enemies":"Spire Growth","floor":45,"turns":2},{"damage":30,"enemies":"Transient","floor":47,"turns":5},{"damage":36,"enemies":"Donu and Deca","floor":50,"turns":4}],"seed_played":"-7816249911039675066","potions_obtained":[{"floor":6.0,"key":"Dexterity Potion"},{"floor":10.0,"key":"FearPotion"},{"floor":18.0,"key":"SkillPotion"},{"floor":27.0,"key":"CultistPotion"},{"floor":35,"key":"SmokeBomb"},{"floor":38,"key":"BloodPotion"},{"floor":45,"key":"BloodPotion"}],"is_trial":false,"path_per_floor":["M","?","T","?","T","E","M","E","T","M","M","E","?","E","R","B",null,"M","?","M","M","$","R","M","E","T","M","R","T","$","T","R","B",null,"M","?","M","M","?","R","$","E","T","T","M","$","M","?","R","B",null],"character_chosen":"IRONCLAD","items_purchased":["Limit Break","Lantern","Metallicize","BlessingOfTheForge"],"campfire_rested":3,"item_purchase_floors":[22,22,46,46],"current_hp_per_floor":[69,69,69,69,69,59,59,69,69,69,69,69,69,69,69,15,56,36,36,42,39,39,39,45,7,7,16,36,36,36,36,56,10,54,48,48,69,62,62,62,62,59,59,59,65,65,41,41,61,57],"gold":20,"neow_bonus":"ONE_RANDOM_RARE_CARD","is_prod":false,"is_daily":false,"chose_seed":false,"campfire_upgraded":3,"win_rate":0,"timestamp":1607609045,"path_taken":["M","?","?","?","?","E","M","E","T","?","M","E","?","E","R","BOSS","M","?","M","M","$","R","?","E","T","M","R","?","$","?","R","BOSS","M","?","M","?","?","R","$","E","T","?","M","$","?","?","R","BOSS"],"build_version":"2020-11-30","purchased_purges":2,"victory":true,"max_hp_per_floor":[75,69,69,69,69,69,69,69,69,69,69,69,69,69,69,69,69,69,69,69,69,69,69,69,69,69,69,69,69,69,69,69,69,69,69,69,69,69,69,69,69,69,69,69,69,69,69,69,69,69],"card_choices":[{"not_picked":["Warcry","Intimidate","Clash"],"picked":"SKIP","floor":1.0},{"not_picked":["Rage","Sentinel"],"picked":"Metallicize","floor":6.0},{"not_picked":["Uppercut","Sword Boomerang"],"picked":"Thunderclap","floor":7.0},{"not_picked":["Thunderclap","True Grit"],"picked":"Flex","floor":8.0},{"not_picked":["Heavy Blade","Carnage"],"picked":"Shrug It Off","floor":10.0},{"not_picked":["Inflame","Intimidate"],"picked":"Flame Barrier","floor":11.0},{"not_picked":["Blood for Blood","Twin Strike"],"picked":"Heavy Blade","floor":12.0},{"not_picked":["Twin Strike","Heavy Blade","Anger"],"picked":"SKIP","floor":14.0},{"not_picked":["Immolate","Feed"],"picked":"Juggernaut","floor":16.0},{"not_picked":["Iron Wave","Sentinel","Thunderclap"],"picked":"SKIP","floor":18.0},{"not_picked":["Shrug It Off","Juggernaut"],"picked":"Body Slam","floor":20.0},{"not_picked":["Shockwave","Pommel Strike+1"],"picked":"Inflame","floor":21.0},{"not_picked":["Rampage","Warcry","Thunderclap+1"],"picked":"SKIP","floor":24.0},{"not_picked":["Searing Blow","Dropkick","Double Tap"],"picked":"SKIP","floor":25.0},{"not_picked":["Blood for Blood","Heavy Blade","Anger"],"picked":"SKIP","floor":27.0},{"not_picked":["Bludgeon","Impervious"],"picked":"Berserk","floor":33.0},{"not_picked":["Warcry","Searing Blow","Perfected Strike"],"picked":"SKIP","floor":35},{"not_picked":["Wild Strike+1","Thunderclap+1","Havoc"],"picked":"SKIP","floor":37},{"not_picked":["Anger+1","Dark Embrace","Bludgeon"],"picked":"SKIP","floor":38},{"not_picked":["Perfected Strike","Thunderclap"],"picked":"Pummel+1","floor":42},{"not_picked":["Combust","Second Wind+1","Dark Embrace+1"],"picked":"SKIP","floor":45},{"not_picked":["Shrug It Off","Perfected Strike+1"],"picked":"Seeing Red","floor":47},{"not_picked":["Impatience","Dark Shackles"],"picked":"Apotheosis","floor":48}],"player_experience":347556,"relics_obtained":[{"floor":1.0,"key":"Baka"},{"floor":3.0,"key":"Toy Ornithopter"},{"floor":5.0,"key":"MagicDraw4"},{"floor":6.0,"key":"Ccalipers"},{"floor":8.0,"key":"HornCleat"},{"floor":9.0,"key":"Bag of Marbles"},{"floor":12.0,"key":"GodSword7"},{"floor":14.0,"key":"Tiny Chest"},{"floor":17.0,"key":"Bronze Scales"},{"floor":17.0,"key":"Gremlin Horn"},{"floor":17.0,"key":"Thread and Needle"},{"floor":25.0,"key":"ZombieArmy"},{"floor":26.0,"key":"Mercury Hourglass"},{"floor":29.0,"key":"Pocketwatch"},{"floor":31.0,"key":"Ginger"},{"floor":42,"key":"Whetstone"},{"floor":43,"key":"Molten Egg 2"},{"floor":44,"key":"Potion Belt"},{"floor":47,"key":"InkBottle"}],"event_choices":[{"damage_healed":0.0,"max_hp_gain":0.0,"max_hp_loss":6.0,"gold_gain":0.0,"event_name":"Golden Idol","player_choice":"Lose Max HP","floor":2.0,"gold_loss":0.0,"damage_taken":0.0,"relics_obtained":["Golden Idol"]},{"cards_removed":["Defend_R"],"damage_healed":0.0,"max_hp_gain":0.0,"max_hp_loss":0.0,"gold_gain":0.0,"event_name":"The Cleric","player_choice":"Card Removal","floor":4.0,"gold_loss":50.0,"damage_taken":0.0},{"damage_healed":0.0,"max_hp_gain":0.0,"max_hp_loss":0.0,"gold_gain":0.0,"event_name":"The Woman in Blue","player_choice":"Bought 0 Potions","floor":13.0,"gold_loss":0.0,"damage_taken":0.0},{"cards_removed":["Strike_R"],"damage_healed":0.0,"max_hp_gain":0.0,"max_hp_loss":0.0,"gold_gain":0.0,"event_name":"Designer","player_choice":"Upgrade and Remove","floor":19.0,"gold_loss":90.0,"damage_taken":0.0,"cards_upgraded":["Strike_R"]},{"damage_healed":0,"gold_gain":100,"player_choice":"Pray","damage_taken":0,"max_hp_gain":0,"max_hp_loss":0,"event_name":"Golden Shrine","floor":36,"gold_loss":0},{"damage_healed":0,"gold_gain":0,"player_choice":"Rummage","damage_taken":0,"relics_obtained":["WarpedTongs"],"max_hp_gain":0,"max_hp_loss":0,"event_name":"Accursed Blacksmith","floor":39,"gold_loss":0,"cards_obtained":["Pain"]},{"damage_healed":0,"gold_gain":0,"player_choice":"Memory 1","damage_taken":0,"max_hp_gain":0,"max_hp_loss":0,"event_name":"SensoryStone","floor":48,"gold_loss":0}],"is_beta":false,"boss_relics":[{"not_picked":["Black Star","Tiny House"],"picked":"Calling Bell"},{"not_picked":["SacredBark","Pandora\u0027s Box"],"picked":"SlaversCollar"}],"items_purged_floors":[22,41],"is_endless":false,"potions_floor_spawned":[6,10,12,14,18,24,27,35,38,42,45],"ascension_level":14}}