{"host":"0azimyi6n3ugndj4","time":1607633017,"event":{"mods":["BaseMod","StSLib","Curses Come First","Conspire","Hyrulean Relics","Infinite Spire","Minty Spire (QoL Compilation)","Relic Stats","Replay The Spire","Uncapped","¡¼?Úª?ø«¡½REMEMod","Bestiary","Defuse TimeMaze Blight","SuperFastMode"],"gold_per_floor":[141,180,20,92,92,182,182,182,208,50,104,191,191,272,563,785,785,818,857,857,857,496,496,496,589,637,637,637,35,110,167,167,286,286,337,337,387,474,72,72,174,174,199,277,77,77],"floor_reached":45,"playtime":968,"items_purged":["Crescendo"],"score":1713,"play_id":"98867029-c07d-418c-85c1-059bbe4f15f6","local_time":"20201211054337","daily_mods":["Draft","Hoarder","Insanity","Chimera","Specialized","Vintage","ControlledChaos","Allstar","Diverse","Colorless Cards","Heirloom","Time Dilation","Flight","Binary","Elite Swarm","Lethality","Midas","Night Terrors","Binary"],"is_ascension_mode":true,"campfire_choices":[{"floor":7.0,"key":"REST"},{"floor":23.0,"key":"DIG"},{"floor":28.0,"key":"REST"},{"data":"Crescendo","floor":32.0,"key":"PURGE"},{"data":"Wraith Form v2","floor":40.0,"key":"SMITH"}],"circlet_count":0,"master_deck":["Demon Form","Wraith Form v2+1","Echo Form","DevaForm","AscendersBane","Bash","Survivor","Zap","Eruption","Strike_R","Strike_G","Strike_B","Defend_R","Defend_G","Defend_P","Pommel Strike","Panic Button","JustLucky","Coolheaded","Hologram","ReplayTheSpireMod:GoodbyeWorld","Cold Snap","Skewer","Choke","conspire:PoisonWeapons","Carnage","Prostrate","ReplayGash","Cold Snap","Pommel Strike","conspire:Banana","Backstab","BowlingBash","Iron Wave","Blur","Dagger Spray","REME_TheoryOfElimination","Panic Button","Reckless Charge","Leap","Calculated Gamble","Steam","REME_SelfUpgrade","EmptyFist","BasicCrystalCard","Havoc","Deadly Poison","Leg Sweep","REME_ShadowStrike","Armaments","Evaluate","ReplayTheSpireMod:GoodbyeWorld","Conserve Battery","Collect","Go for the Eyes","Sneak Up","Rebound","Body Slam","REME_Compress","Dagger Throw","ReplayTheSpireMod:GoodbyeWorld","Tantrum","Brilliance","Brilliance","Brilliance","Brilliance","Brilliance","Brilliance","Brilliance","Brilliance","Brilliance","Brilliance","Brilliance","Brilliance","Brilliance","Brilliance","Brilliance","Redo","Redo","Redo","Underhanded Strike","Underhanded Strike","Underhanded Strike","Steam","Steam","Steam","Streamline","Streamline","Streamline","Beam Cell","Beam Cell","Beam Cell","Expertise","Expertise","Expertise","ReplayTheSpireMod:The Works","ReplayTheSpireMod:The Works","ReplayTheSpireMod:The Works","Sweeping Beam","Sweeping Beam","Sweeping Beam","Entrench","Entrench","Entrench","Deflect","Deflect","Deflect","FlurryOfBlows","FlurryOfBlows","FlurryOfBlows","Inflame","Inflame","Inflame","Backstab","Backstab","Backstab","Hidden Blade","Hidden Blade","Hidden Blade","REME_Whirling","REME_Whirling","REME_Whirling","ReplayTheSpireMod:Brewmster","ReplayTheSpireMod:Brewmster","ReplayTheSpireMod:Brewmster","Rebound+1","Rebound+1","Rebound+1","ReplayTheSpireMod:IOU","ReplayTheSpireMod:IOU","Languid","Languid","Languid","Halt+1","Halt+1","Halt+1","ReplayTheSpireMod:IOU","ReplayTheSpireMod:IOU","ReplayTheSpireMod:IOU","ReplayTheSpireMod:IOU","ReplayTheSpireMod:IOU","Pain","Pain","Pain","Regret","Regret","Regret","Brilliance+1","Brilliance+1","Brilliance+1","Voices","Voices","Voices","conspire:Blindness","conspire:Blindness","conspire:Blindness","Shame","Shame","Shame"],"special_seed":0,"relics":["Cracked Core","Frozen Eye","Busted Crown","REME_ComplimentaryCards","Dead Branch","PreservedInsect","Centennial Puzzle","REME_CardOfGreed","zeldaRelics:CourageTriforce","REME_OnlineShoppingPlatform","Bag of Preparation","zeldaRelics:WisdomTriforce","Cursed Key","Ornamental Fan","ReplayFunnel","Nuclear Battery","Replay:Multitool","Replay:Wax Seal","FossilizedHelix","Replay:Rubber Ducky","zeldaRelics:PowerTriforce","Replay:Frozen Program","Pet Ghost","White Beast Statue","Geode","SacredBark","CaptainsWheel","ReplayTheSpireMod:Ring of Exchange","Ring of Greed","MawBank","Golden Egg","Emotion Chip","ClockworkSouvenir","Molten Egg 2","Pen Nib","Pear","ReplayTheSpireMod:TigerMarble","Lantern"],"acts_visited":["Exordium","TheCity","TheBeyond"],"potions_floor_usage":[45,45,45,45,45],"damage_taken":[{"damage":5.0,"enemies":"Cultist","floor":1.0,"turns":3.0},{"damage":0.0,"enemies":"Jaw Worm","floor":2.0,"turns":1.0},{"damage":34.0,"enemies":"Lagavulin","floor":6.0,"turns":4.0},{"damage":0.0,"enemies":"2 Louse","floor":11.0,"turns":2.0},{"damage":0.0,"enemies":"Gremlin Nob","floor":12.0,"turns":1.0},{"damage":0.0,"enemies":"Lagavulin","floor":14.0,"turns":1.0},{"damage":34.0,"enemies":"The Guardian","floor":16.0,"turns":4.0},{"damage":0.0,"enemies":"Spheric Guardian","floor":18.0,"turns":1.0},{"damage":1.0,"enemies":"Chosen","floor":19.0,"turns":4.0},{"damage":34.0,"enemies":"Nightmare","floor":25.0,"turns":7.0},{"damage":0.0,"enemies":"Gremlin Leader","floor":30.0,"turns":2.0},{"damage":0.0,"enemies":"Sentry and Sphere","floor":31.0,"turns":2.0},{"damage":0.0,"enemies":"conspire:MysteriousRune","floor":33.0,"turns":5.0},{"damage":0.0,"enemies":"Orb Walker","floor":35.0,"turns":2.0},{"damage":0.0,"enemies":"Mind Bloom Boss Battle","floor":38.0,"turns":3.0},{"damage":0.0,"enemies":"Reptomancer","floor":41.0,"turns":2.0},{"damage":0.0,"enemies":"Nemesis","floor":44.0,"turns":1.0},{"damage":10,"enemies":"infinitespire:Three Voidlings","floor":45,"turns":2},{"damage":123,"enemies":"Nightmare_Alpha","floor":45,"turns":7}],"seed_played":"3996229650653537496","potions_obtained":[{"floor":6.0,"key":"AttackPotion"}],"is_trial":true,"path_per_floor":["M","M","$","T","WH","E","R","$","T","$","M","E","?","E","R","B",null,"M","M","AVR","?","$","R","WH","NM","T","?","R","$","E","M","R","B",null,"M","?","?","?","$","R","E","T","T","E","?"],"character_chosen":"DEFECT","items_purchased":["REME_CardOfGreed","REME_OnlineShoppingPlatform","Replay:Wax Seal","FossilizedHelix","Replay:Frozen Program","Pet Ghost","White Beast Statue","ClockworkSouvenir","Molten Egg 2","Pen Nib"],"campfire_rested":2,"item_purchase_floors":[3,10,22,22,29,29,29,39,39,39],"current_hp_per_floor":[59,59,59,59,66,32,73,73,73,73,73,73,73,73,73,39,65,65,64,64,43,43,43,50,16,16,7,80,80,80,81,81,81,81,81,81,81,83,83,83,83,93,93,93,0,0],"gold":77,"neow_bonus":"TEN_PERCENT_HP_BONUS","is_daily":false,"chose_seed":false,"campfire_upgraded":1,"win_rate":0,"timestamp":1607633017,"path_taken":["?","?","?","?","WH","E","R","$","T","?","?","E","?","E","R","BOSS","M","M","AVR","?","$","R","WH","NM","T","?","R","?","E","?","R","BOSS","M","?","?","?","$","R","E","?","T","E","?"],"build_version":"2020-11-30","purchased_purges":1,"victory":false,"max_hp_per_floor":[71,71,71,71,78,78,73,73,73,73,73,73,73,73,73,73,73,73,73,73,78,78,78,85,85,85,85,80,80,80,81,81,81,81,81,81,81,83,83,83,83,93,93,93,94,94],"relic_stats":{"Centennial Puzzle":[14],"Emotion Chip":[14,5,2,0,7],"Busted Crown":30,"counters":[19,54],"Ornamental Fan":[100],"Dead Branch":[183],"PreservedInsect":399,"Pen Nib":[4],"Bag of Preparation":[31],"Cursed Key":3,"MawBank":24,"obtain_stats":[{"ReplayFunnel":19,"ReplayTheSpireMod:Ring of Exchange":37,"Golden Egg":37,"Lantern":44,"SacredBark":34,"Bag of Preparation":11,"Replay:Multitool":20,"Cursed Key":17,"zeldaRelics:WisdomTriforce":25,"Pet Ghost":29,"Replay:Rubber Ducky":23,"ClockworkSouvenir":39,"Frozen Eye":0,"Centennial Puzzle":2,"Emotion Chip":38,"Replay:Frozen Program":29,"zeldaRelics:CouragePiece":4,"Replay:Wax Seal":22,"Cracked Core":0,"REME_OnlineShoppingPlatform":10,"zeldaRelics:PowerPiece":26,"zeldaRelics:WisdomPiece":12,"Pear":42,"Dead Branch":0,"PreservedInsect":1,"Pen Nib":39,"Geode":31,"Ring of Greed":37,"zeldaRelics:PowerTriforce":41,"MawBank":37,"zeldaRelics:CourageTriforce":9,"White Beast Statue":29,"Nuclear Battery":20,"CaptainsWheel":35,"Busted Crown":0,"Ornamental Fan":18,"Molten Egg 2":39,"ReplayTheSpireMod:TigerMarble":43,"REME_CardOfGreed":3,"FossilizedHelix":22,"REME_ComplimentaryCards":0},{"ReplayFunnel":9,"ReplayTheSpireMod:Ring of Exchange":14,"Golden Egg":14,"Lantern":17,"SacredBark":13,"Bag of Preparation":4,"Replay:Multitool":9,"Cursed Key":7,"zeldaRelics:WisdomTriforce":10,"Pet Ghost":10,"Replay:Rubber Ducky":9,"ClockworkSouvenir":15,"Frozen Eye":0,"Centennial Puzzle":2,"Emotion Chip":15,"Replay:Frozen Program":10,"zeldaRelics:CouragePiece":2,"Replay:Wax Seal":9,"Cracked Core":0,"REME_OnlineShoppingPlatform":3,"zeldaRelics:PowerPiece":10,"zeldaRelics:WisdomPiece":5,"Pear":16,"Dead Branch":0,"PreservedInsect":1,"Pen Nib":15,"Geode":12,"Ring of Greed":14,"zeldaRelics:PowerTriforce":16,"MawBank":14,"zeldaRelics:CourageTriforce":3,"White Beast Statue":10,"Nuclear Battery":9,"CaptainsWheel":14,"Busted Crown":0,"Ornamental Fan":8,"Molten Egg 2":15,"ReplayTheSpireMod:TigerMarble":16,"REME_CardOfGreed":2,"FossilizedHelix":9,"REME_ComplimentaryCards":0},{"ReplayFunnel":21,"ReplayTheSpireMod:Ring of Exchange":39,"Golden Egg":39,"Lantern":45,"SacredBark":37,"Bag of Preparation":10,"Replay:Multitool":21,"Cursed Key":16,"zeldaRelics:WisdomTriforce":28,"Pet Ghost":28,"Replay:Rubber Ducky":21,"ClockworkSouvenir":42,"Frozen Eye":0,"Centennial Puzzle":4,"Emotion Chip":42,"Replay:Frozen Program":28,"zeldaRelics:CouragePiece":4,"Replay:Wax Seal":21,"Cracked Core":0,"REME_OnlineShoppingPlatform":8,"zeldaRelics:PowerPiece":28,"zeldaRelics:WisdomPiece":11,"Pear":44,"Dead Branch":0,"PreservedInsect":3,"Pen Nib":42,"Geode":32,"Ring of Greed":39,"zeldaRelics:PowerTriforce":44,"MawBank":39,"zeldaRelics:CourageTriforce":8,"White Beast Statue":28,"Nuclear Battery":21,"CaptainsWheel":39,"Busted Crown":0,"Ornamental Fan":17,"Molten Egg 2":42,"ReplayTheSpireMod:TigerMarble":44,"REME_CardOfGreed":4,"FossilizedHelix":21,"REME_ComplimentaryCards":0}]},"card_choices":[{"not_picked":["Panic Button","White Noise"],"picked":"Redo","floor":0.0},{"not_picked":["Clothesline","Clash"],"picked":"Underhanded Strike","floor":0.0},{"not_picked":["Panacea","Twin Strike"],"picked":"Steam","floor":0.0},{"not_picked":["PathToVictory","CutThroughFate"],"picked":"Streamline","floor":0.0},{"not_picked":["Replay:ManipulateFuture","Sucker Punch"],"picked":"Beam Cell","floor":0.0},{"not_picked":["Hidden Blade","Crippling Poison"],"picked":"Expertise","floor":0.0},{"not_picked":["CrushJoints","Stack"],"picked":"ReplayTheSpireMod:The Works","floor":0.0},{"not_picked":["EmptyBody","Backflip"],"picked":"Sweeping Beam","floor":0.0},{"not_picked":["Replay:Sssssssssshield","Shrug It Off"],"picked":"Entrench","floor":0.0},{"not_picked":["REME_TheoryOfElimination","Heatsinks"],"picked":"Deflect","floor":0.0},{"not_picked":["Barrage","Sneak Up"],"picked":"FlurryOfBlows","floor":0.0},{"not_picked":["Slice","Quick Slash"],"picked":"Inflame","floor":0.0},{"not_picked":["FlurryOfBlows","Clash"],"picked":"Backstab","floor":0.0},{"not_picked":["Specialist","ReplayTheSpireMod:Corrosion Curse"],"picked":"Hidden Blade","floor":0.0},{"not_picked":["True Grit","BasicCrystalCard"],"picked":"REME_Whirling","floor":0.0},{"not_picked":[],"picked":"Halt+1","floor":38.0},{"not_picked":[],"picked":"Brilliance+1","floor":41.0}],"player_experience":1427823,"relics_obtained":[{"floor":1.0,"key":"PreservedInsect"},{"floor":2.0,"key":"Centennial Puzzle"},{"floor":4.0,"key":"zeldaRelics:CouragePiece"},{"floor":6.0,"key":"zeldaRelics:CouragePiece"},{"floor":9.0,"key":"zeldaRelics:CouragePiece"},{"floor":11.0,"key":"Bag of Preparation"},{"floor":12.0,"key":"zeldaRelics:WisdomPiece"},{"floor":14.0,"key":"zeldaRelics:WisdomPiece"},{"floor":18.0,"key":"Ornamental Fan"},{"floor":19.0,"key":"ReplayFunnel"},{"floor":23.0,"key":"Replay:Rubber Ducky"},{"floor":25.0,"key":"zeldaRelics:WisdomPiece"},{"floor":26.0,"key":"zeldaRelics:PowerPiece"},{"floor":30.0,"key":"zeldaRelics:PowerPiece"},{"floor":31.0,"key":"Geode"},{"floor":35.0,"key":"CaptainsWheel"},{"floor":37.0,"key":"ReplayTheSpireMod:Ring of Exchange"},{"floor":37.0,"key":"Ring of Greed"},{"floor":37.0,"key":"MawBank"},{"floor":37.0,"key":"Golden Egg"},{"floor":38.0,"key":"Emotion Chip"},{"floor":41.0,"key":"zeldaRelics:PowerPiece"},{"floor":42.0,"key":"Pear"},{"floor":43.0,"key":"ReplayTheSpireMod:TigerMarble"},{"floor":44.0,"key":"Lantern"}],"event_choices":[{"damage_healed":0.0,"max_hp_gain":5.0,"max_hp_loss":0.0,"gold_gain":0.0,"event_name":"Forgotten Altar","player_choice":"Shed Blood","floor":21.0,"gold_loss":0.0,"damage_taken":26.0},{"damage_healed":0.0,"max_hp_gain":0.0,"max_hp_loss":0.0,"gold_gain":0.0,"event_name":"Cursed Tome","player_choice":"Stopped","floor":27.0,"gold_loss":0.0,"damage_taken":9.0},{"damage_healed":0.0,"max_hp_gain":0.0,"max_hp_loss":0.0,"gold_gain":0.0,"event_name":"Tomb of Lord Red Mask","player_choice":"Ignored","floor":36.0,"gold_loss":0.0,"damage_taken":0.0},{"damage_healed":0.0,"max_hp_gain":0.0,"max_hp_loss":0.0,"gold_gain":0.0,"event_name":"MindBloom","player_choice":"Fight","floor":38.0,"gold_loss":0.0,"damage_taken":0.0}],"is_beta":false,"boss_relics":[{"not_picked":["Ring of Chaos","REME_LowDesire"],"picked":"Cursed Key"},{"not_picked":["Tiny House","conspire:SeveredTorchhead"],"picked":"SacredBark"}],"items_purged_floors":[20],"is_endless":true,"potions_floor_spawned":[6,14,16,19,30,31,33,35,38,41,44,45],"killed_by":"Nightmare_Alpha","ascension_level":20}}