{"host":"d8hh7rr4yzitjeuj","time":1607616887,"event":{"mods":["BaseMod","AchievementEnabler","StSLib","CapriCore","Colored Powertips","Highlight Path","Minty Spire (QoL Compilation)","Quick Restart","SuperFastMode","Keyboard Shortcuts","Permanent Neow","Colored Map","2.2 Compatiblity"],"gold_per_floor":[115,131,151,76,76,76,108,119,119,21,33,52,52,65,65,65,65],"floor_reached":16,"playtime":491,"items_purged":[],"score":208,"play_id":"21eba9a6-a4a7-4b8a-babd-206e2ed208af","local_time":"20201211011447","is_ascension_mode":true,"campfire_choices":[{"data":"Zap","floor":6,"key":"SMITH"},{"data":"Hello World","floor":13,"key":"SMITH"},{"floor":15,"key":"REST"}],"circlet_count":0,"master_deck":["AscendersBane","Strike_B","Strike_B","Strike_B","Defend_B+1","Defend_B","Zap+1","Dualcast+1","Glacier","Ball Lightning","Undo","Recycle","Ball Lightning","Compile Driver","Hello World+1","Compile Driver","Turbo","Barrage"],"relics":["Empty Cage","War Paint","Kunai"],"acts_visited":["Exordium"],"potions_floor_usage":[7,11,16],"damage_taken":[{"damage":6,"enemies":"2 Louse","floor":1,"turns":2},{"damage":1,"enemies":"Jaw Worm","floor":2,"turns":5},{"damage":2,"enemies":"Cultist","floor":3,"turns":4},{"damage":40,"enemies":"Gremlin Nob","floor":7,"turns":6},{"damage":0,"enemies":"Large Slime","floor":8,"turns":5},{"damage":0,"enemies":"2 Fungi Beasts","floor":11,"turns":3},{"damage":1,"enemies":"Red Slaver","floor":12,"turns":4},{"damage":10,"enemies":"Large Slime","floor":14,"turns":4},{"damage":34,"enemies":"Slime Boss","floor":16,"turns":7}],"seed_played":"8510759332061253680","potions_obtained":[{"floor":1,"key":"Weak Potion"},{"floor":7,"key":"EssenceOfDarkness"},{"floor":8,"key":"FocusPotion"},{"floor":14,"key":"SteroidPotion"}],"is_trial":false,"path_per_floor":["M","M","M","?","?","R","E","M","T","$","M","M","R","M","R","B"],"character_chosen":"DEFECT","items_purchased":["Compile Driver","Hello World"],"campfire_rested":1,"item_purchase_floors":[10,10],"current_hp_per_floor":[58,57,55,55,55,55,15,15,15,15,15,14,14,4,25,0,0],"gold":65,"neow_bonus":"BOSS_RELIC","is_daily":false,"chose_seed":false,"campfire_upgraded":2,"win_rate":0,"timestamp":1607616887,"path_taken":["M","M","M","?","?","R","E","M","T","$","M","M","R","M","R","BOSS"],"build_version":"2020-11-30","purchased_purges":0,"victory":false,"max_hp_per_floor":[71,71,71,71,71,71,71,71,71,71,71,71,71,71,71,71,71],"card_choices":[{"not_picked":["Conserve Battery","Gash"],"picked":"Glacier","floor":1},{"not_picked":["Reprogram","Steam Power"],"picked":"Ball Lightning","floor":2},{"not_picked":["Go for the Eyes","Redo"],"picked":"Undo","floor":3},{"not_picked":["Beam Cell","Hologram"],"picked":"Recycle","floor":7},{"not_picked":["Force Field","Double Energy"],"picked":"Ball Lightning","floor":8},{"not_picked":["Leap","Blizzard"],"picked":"Compile Driver","floor":11},{"not_picked":["Genetic Algorithm","Barrage"],"picked":"Turbo","floor":12},{"not_picked":["Melter","Go for the Eyes"],"picked":"Barrage","floor":14}],"player_experience":1317752,"relics_obtained":[{"floor":7,"key":"War Paint"},{"floor":9,"key":"Kunai"}],"event_choices":[{"cards_removed":["Defend_B"],"damage_healed":0,"gold_gain":0,"player_choice":"Card Removal","damage_taken":0,"max_hp_gain":0,"max_hp_loss":0,"event_name":"The Cleric","floor":4,"gold_loss":75},{"damage_healed":0,"gold_gain":0,"player_choice":"0 cards matched","damage_taken":0,"max_hp_gain":0,"max_hp_loss":0,"event_name":"Match and Keep!","floor":5,"gold_loss":0,"cards_obtained":[]},{"damage_healed":0,"gold_gain":0,"player_choice":"0 cards matched","damage_taken":0,"max_hp_gain":0,"max_hp_loss":0,"event_name":"Match and Keep!","floor":5,"gold_loss":0,"cards_obtained":[]}],"is_beta":false,"boss_relics":[],"items_purged_floors":[],"is_endless":false,"potions_floor_spawned":[1,7,8,14],"killed_by":"Slime Boss","ascension_level":20}}