{"host":"g4jqqbmo30rq7cal","time":1607621118,"event":{"gold_per_floor":[110,160,180,64,79,79,106,120,167,167,195,209,229,229,229,332,332,352,352,352,352,365,365,379,379,450,450,373,0,15,32,32,134,134,150,150,150,150,167,167,100,116,141,154,154,154,154],"floor_reached":46,"playtime":1913,"items_purged":["Writhe","Finesse"],"score":420,"play_id":"d7a53e9c-6fe0-4206-81d7-33e79d434af0","local_time":"20201210222518","is_ascension_mode":false,"campfire_choices":[{"floor":6,"key":"REST"},{"floor":10,"key":"REST"},{"floor":15,"key":"REST"},{"floor":23,"key":"REST"},{"floor":25,"key":"REST"},{"floor":27,"key":"RECALL"},{"floor":32,"key":"REST"},{"floor":40,"key":"REST"},{"floor":45,"key":"REST"}],"neow_cost":"TEN_PERCENT_HP_LOSS","seed_source_timestamp":111891000566700,"circlet_count":0,"master_deck":["Strike_P","Strike_P","Strike_P","Strike_P","Defend_P","Defend_P","Defend_P","Defend_P","Eruption","Vigilance","Brilliance","SashWhip","CrushJoints","LikeWater","EmptyBody","FlyingSleeves","FearNoEvil","Sanctity","DeusExMachina","BattleHymn","Prostrate","Mind Blast","Dramatic Entrance","Conclude","WaveOfTheHand","Prostrate","FearNoEvil","Devotion","CrushJoints","Enlightenment","Dark Shackles","FlyingSleeves+1","ReachHeaven+1","Establishment"],"relics":["PureWater","HushsDoor","Leech","The Courier","Chaos","Odd Mushroom","Gambling Chip","Fusion Hammer","Blood Vial","Membership Card","Medical Kit","MerchantsRug","PokeGo"],"potions_floor_usage":[16,16,16,33,33,42,44],"damage_taken":[{"damage":0,"enemies":"Small Slimes","floor":1,"turns":3},{"damage":45,"enemies":"Hiden Room Battle","floor":2,"turns":6},{"damage":0,"enemies":"Cultist","floor":3,"turns":1},{"damage":6,"enemies":"Jaw Worm","floor":5,"turns":3},{"damage":16,"enemies":"The Mushroom Lair","floor":7,"turns":4},{"damage":6,"enemies":"Blue Slaver","floor":8,"turns":3},{"damage":20,"enemies":"3 Sentries","floor":11,"turns":6},{"damage":2,"enemies":"Gremlin Gang","floor":12,"turns":4},{"damage":7,"enemies":"Large Slime","floor":13,"turns":4},{"damage":46,"enemies":"The Guardian","floor":16,"turns":12},{"damage":5,"enemies":"Chosen","floor":18,"turns":3},{"damage":22,"enemies":"2 Thieves","floor":22,"turns":3},{"damage":5,"enemies":"Cultist and Chosen","floor":24,"turns":5},{"damage":12,"enemies":"Centurion and Healer","floor":30,"turns":6},{"damage":20,"enemies":"Snake Plant","floor":31,"turns":4},{"damage":44,"enemies":"conspire:MysteriousRune","floor":33,"turns":10},{"damage":14,"enemies":"3 Shapes","floor":35,"turns":5},{"damage":32,"enemies":"3 Darklings","floor":39,"turns":7},{"damage":29,"enemies":"Spire Growth","floor":42,"turns":5},{"damage":24,"enemies":"Jaw Worm Horde","floor":44,"turns":4},{"damage":37,"enemies":"Reptomancer","floor":46,"turns":2}],"seed_played":"-7675324898149769656","potions_obtained":[{"floor":1,"key":"SmokeBomb"},{"floor":3,"key":"FearPotion"},{"floor":8,"key":"LiquidMemories"},{"floor":11,"key":"Energy Potion"},{"floor":12,"key":"Energy Potion"},{"floor":31,"key":"Dexterity Potion"},{"floor":35,"key":"GamblersBrew"},{"floor":42,"key":"LiquidBronze"}],"is_trial":false,"path_per_floor":["M","?","M","$","M","R","?","M","T","R","E","M","M","?","R","B",null,"M","?","?","?","M","R","M","R","T","R","$","?","M","M","R","B",null,"M","?","?","?","M","R","$","M","T","M","R","E"],"character_chosen":"WATCHER","items_purchased":["Chaos","FairyPotion","BattleHymn","PowerPotion","Block Potion","Block Potion","MerchantsRug"],"campfire_rested":8,"item_purchase_floors":[4,17,17,28,28,41,41],"current_hp_per_floor":[65,24,24,24,20,39,26,22,22,41,26,27,23,23,42,2,58,54,54,54,27,9,26,27,44,44,44,44,44,39,24,41,5,58,47,37,37,37,13,30,30,8,8,11,28,0,0],"gold":154,"neow_bonus":"THREE_RARE_CARDS","is_prod":false,"is_daily":false,"chose_seed":false,"campfire_upgraded":0,"win_rate":0.0,"timestamp":1607621118,"path_taken":["M","?","M","$","M","R","?","?","T","R","E","M","M","?","R","BOSS","M","?","?","?","?","R","M","R","T","R","$","?","?","?","R","BOSS","M","?","?","?","M","R","$","M","T","M","R","E"],"build_version":"2020-11-30","purchased_purges":2,"victory":false,"max_hp_per_floor":[65,65,65,65,65,65,65,65,65,65,65,65,65,65,65,65,58,58,58,58,58,58,58,58,58,58,58,58,58,58,58,58,58,58,58,58,58,58,58,58,58,58,58,58,58,58,58],"card_choices":[{"not_picked":[],"picked":"Bomb","floor":0},{"not_picked":["Blasphemy","DevaForm"],"picked":"Brilliance","floor":0},{"not_picked":["Evaluate","Ragnarok"],"picked":"SashWhip","floor":1},{"not_picked":["TalkToTheHand","ThirdEye"],"picked":"CrushJoints","floor":2},{"not_picked":["FlurryOfBlows","Scrawl"],"picked":"LikeWater","floor":3},{"not_picked":["FollowUp","SashWhip"],"picked":"EmptyBody","floor":5},{"not_picked":["DeceiveReality","Crescendo"],"picked":"BowlingBash","floor":7},{"not_picked":["Weave","ThirdEye"],"picked":"FlyingSleeves","floor":8},{"not_picked":["Vengeance","Collect"],"picked":"FearNoEvil","floor":11},{"not_picked":["Vengeance","Consecrate"],"picked":"Sanctity","floor":12},{"not_picked":["Evaluate","SignatureMove","Blasphemy"],"picked":"SKIP","floor":13},{"not_picked":["ConjureBlade","Brilliance"],"picked":"DeusExMachina","floor":16},{"not_picked":["Crescendo","Meditate"],"picked":"Prostrate","floor":18},{"not_picked":["ThirdEye","PathToVictory"],"picked":"Conclude","floor":22},{"not_picked":["Crescendo","Nirvana"],"picked":"WaveOfTheHand","floor":24},{"not_picked":["EmptyBody","Meditate"],"picked":"Prostrate","floor":30},{"not_picked":["JustLucky","Evaluate"],"picked":"FearNoEvil","floor":31},{"not_picked":["Blasphemy","Ragnarok"],"picked":"Devotion","floor":33},{"not_picked":["ThirdEye","BowlingBash"],"picked":"CrushJoints","floor":35},{"not_picked":["Forethought","Discovery"],"picked":"Enlightenment","floor":36},{"not_picked":["Purity","Enlightenment"],"picked":"Dark Shackles","floor":36},{"not_picked":["Violence","Flash of Steel"],"picked":"Madness","floor":36},{"not_picked":["CrushJoints+1","Collect+1"],"picked":"FlyingSleeves+1","floor":39},{"not_picked":["Crescendo+1","EmptyFist"],"picked":"ReachHeaven+1","floor":42},{"not_picked":["Halt+1","PathToVictory"],"picked":"Establishment","floor":44}],"player_experience":280392,"relics_obtained":[{"floor":2,"key":"The Courier"},{"floor":2,"key":"HollowMod:PaleOreRelic"},{"floor":7,"key":"Odd Mushroom"},{"floor":11,"key":"Gambling Chip"},{"floor":26,"key":"Membership Card"},{"floor":43,"key":"PokeGo"}],"event_choices":[{"damage_healed":0,"gold_gain":0,"player_choice":"Fight","damage_taken":0,"max_hp_gain":0,"max_hp_loss":0,"event_name":"HidenRoomEvent","floor":2,"gold_loss":0},{"damage_healed":0,"gold_gain":0,"player_choice":"Fought Mushrooms","damage_taken":0,"max_hp_gain":0,"max_hp_loss":0,"event_name":"Mushrooms","floor":7,"gold_loss":0},{"cards_removed":["BowlingBash"],"damage_healed":0,"gold_gain":0,"player_choice":"Card Removal","damage_taken":0,"max_hp_gain":0,"max_hp_loss":0,"event_name":"Wheel of Change","floor":14,"gold_loss":0},{"damage_healed":0,"gold_gain":0,"player_choice":"Opened","damage_taken":0,"relics_obtained":["Blood Vial"],"max_hp_gain":0,"max_hp_loss":0,"event_name":"The Mausoleum","floor":20,"gold_loss":0,"cards_obtained":["Writhe"]},{"damage_healed":0,"gold_gain":0,"player_choice":"CARD CARD CARD ","damage_taken":27,"max_hp_gain":0,"max_hp_loss":0,"event_name":"Knowing Skull","floor":21,"potions_obtained":[],"gold_loss":0,"cards_obtained":["Mind Blast","Finesse","Dramatic Entrance"]},{"damage_healed":0,"gold_gain":0,"player_choice":"Paid Fearfully","damage_taken":0,"max_hp_gain":0,"max_hp_loss":0,"event_name":"Masked Bandits","floor":29,"gold_loss":373},{"damage_healed":0,"gold_gain":0,"player_choice":"Memory 3","damage_taken":10,"max_hp_gain":0,"max_hp_loss":0,"event_name":"SensoryStone","floor":36,"gold_loss":0},{"cards_removed":["Madness"],"damage_healed":0,"gold_gain":0,"player_choice":"Removed Skill","damage_taken":0,"max_hp_gain":0,"max_hp_loss":0,"event_name":"Falling","floor":37,"gold_loss":0},{"damage_healed":0,"gold_gain":0,"player_choice":"Ignored","damage_taken":0,"max_hp_gain":0,"max_hp_loss":0,"event_name":"Mysterious Sphere","floor":38,"gold_loss":0}],"is_beta":false,"boss_relics":[{"not_picked":["SacredBark","Philosopher\u0027s Stone"],"picked":"Fusion Hammer"},{"not_picked":[]},{"not_picked":["UnicornStump","Velvet Choker"],"picked":"Medical Kit"},{"not_picked":[]}],"items_purged_floors":[28,41],"is_endless":false,"potions_floor_spawned":[1,3,8,11,12,30,31,35,42],"killed_by":"Reptomancer","ascension_level":0}}