{"host":"ormi09wwzv7sq47a","time":1607607430,"event":{"gold_per_floor":[116,116,41,61,76,76,110,110,110,60,73,73,98,116,116,195,195,209,227,74,85,96,96,109,109,409,409,426,426,426,439,439,512,512,532,23,33,47,66,100,100,115,141,141,16,47,59,84,84,84],"floor_reached":51,"playtime":2268,"items_purged":["Strike_B","Strike_B","Defend_B"],"score":1352,"play_id":"c94c85bc-7ded-4985-9d3d-e34506d1d89e","local_time":"20201210103710","is_ascension_mode":true,"campfire_choices":[{"data":"Streamline","floor":6.0,"key":"SMITH"},{"data":"Zap","floor":8.0,"key":"SMITH"},{"data":"Dualcast","floor":12.0,"key":"SMITH"},{"data":"Hologram","floor":15.0,"key":"SMITH"},{"data":"Hyperbeam","floor":23.0,"key":"SMITH"},{"data":"Leap","floor":25.0,"key":"SMITH"},{"data":"FTL","floor":27.0,"key":"SMITH"},{"data":"Gash","floor":30.0,"key":"SMITH"},{"data":"Defend_B","floor":32.0,"key":"SMITH"},{"data":"Seek","floor":44.0,"key":"SMITH"},{"data":"Dark Shackles","floor":49,"key":"SMITH"}],"neow_cost":"NONE","seed_source_timestamp":2216322099135200,"circlet_count":0,"master_deck":["AscendersBane","Defend_B+1","Zap+1","Dualcast+1","Hologram+1","Streamline+1","Genetic Algorithm","Gash+1","Hyperbeam+1","Leap+1","FTL+1","Gash+1","Seek+1","Beam Cell+1","Go for the Eyes+1","Auto Shields+1","Dark Shackles+1","Hologram+1","Recycle"],"special_seed":0,"relics":["Cracked Core","Sundial","Mercury Hourglass","Bag of Preparation","Coffee Dripper","Old Coin","Busted Crown","Pen Nib","Whetstone","TheAbacus","Oddly Smooth Stone","Potion Belt","Bag of Marbles"],"potions_floor_usage":[46],"damage_taken":[{"damage":13.0,"enemies":"Small Slimes","floor":1.0,"turns":3.0},{"damage":4.0,"enemies":"Jaw Worm","floor":4.0,"turns":4.0},{"damage":1.0,"enemies":"Cultist","floor":5.0,"turns":3.0},{"damage":18.0,"enemies":"Gremlin Nob","floor":7.0,"turns":3.0},{"damage":6.0,"enemies":"3 Louse","floor":11.0,"turns":2.0},{"damage":13.0,"enemies":"Lots of Slimes","floor":14.0,"turns":2.0},{"damage":8.0,"enemies":"Hexaghost","floor":16.0,"turns":7.0},{"damage":2.0,"enemies":"Shell Parasite","floor":18.0,"turns":2.0},{"damage":8.0,"enemies":"2 Thieves","floor":19.0,"turns":3.0},{"damage":0.0,"enemies":"Cultist and Chosen","floor":21.0,"turns":3.0},{"damage":15.0,"enemies":"Snake Plant","floor":22.0,"turns":3.0},{"damage":2.0,"enemies":"Chosen and Byrds","floor":24.0,"turns":4.0},{"damage":0.0,"enemies":"Centurion and Healer","floor":28.0,"turns":4.0},{"damage":0.0,"enemies":"Cultist and Chosen","floor":31.0,"turns":3.0},{"damage":1.0,"enemies":"Collector","floor":33.0,"turns":5.0},{"damage":0.0,"enemies":"Orb Walker","floor":35.0,"turns":3.0},{"damage":0.0,"enemies":"3 Shapes","floor":37.0,"turns":1.0},{"damage":12.0,"enemies":"Maw","floor":38.0,"turns":6.0},{"damage":0.0,"enemies":"3 Darklings","floor":39.0,"turns":2.0},{"damage":6.0,"enemies":"Nemesis","floor":40.0,"turns":3.0},{"damage":0.0,"enemies":"4 Shapes","floor":42.0,"turns":1.0},{"damage":0,"enemies":"Giant Head","floor":46,"turns":5},{"damage":0,"enemies":"Transient","floor":47,"turns":5},{"damage":0,"enemies":"Reptomancer","floor":48,"turns":6},{"damage":40,"enemies":"Awakened One","floor":50,"turns":13}],"seed_played":"-3635510519406309929","potions_obtained":[{"floor":4.0,"key":"LiquidMemories"},{"floor":5.0,"key":"PowerPotion"},{"floor":14.0,"key":"SkillPotion"},{"floor":16.0,"key":"AttackPotion"},{"floor":19.0,"key":"BlessingOfTheForge"},{"floor":24.0,"key":"LiquidBronze"},{"floor":28.0,"key":"Guardian:BlockOnCardUsePotion"},{"floor":31.0,"key":"LiquidMemories"},{"floor":35.0,"key":"Ancient Potion"},{"floor":37.0,"key":"EssenceOfDarkness"},{"floor":39.0,"key":"Strength Potion"},{"floor":48,"key":"Weak Potion"}],"is_trial":false,"path_per_floor":["M","?","$","M","M","R","E","R","T","?","M","R","T","M","R","B",null,"M","M","$","M","M","R","M","R","T","R","M","?","R","M","R","B",null,"M","$","M","M","M","E","?","M","T","R","$","E","M","E","R","B",null],"character_chosen":"DEFECT","items_purchased":["Leap","Go for the Eyes","Pen Nib","Whetstone","TheAbacus"],"campfire_rested":0,"item_purchase_floors":[20,36,36,36,36],"current_hp_per_floor":[51,51,51,47,46,46,28,28,28,28,22,22,22,9,9,1,54,52,44,44,44,29,29,27,27,27,27,27,27,27,27,27,26,60,60,60,60,48,48,42,42,42,42,42,42,42,42,42,42,2],"gold":84,"neow_bonus":"REMOVE_CARD","is_prod":false,"is_daily":false,"chose_seed":false,"campfire_upgraded":11,"win_rate":0,"timestamp":1607607430,"path_taken":["M","?","$","M","M","R","E","R","T","?","M","R","?","M","R","BOSS","M","M","$","M","M","R","?","R","T","R","M","?","R","M","R","BOSS","M","?","M","M","M","E","?","M","T","R","?","E","M","E","R","BOSS"],"build_version":"2020-11-30","purchased_purges":3,"victory":true,"max_hp_per_floor":[71,71,71,71,71,71,71,71,71,71,71,71,71,71,71,71,71,71,71,71,71,71,71,71,71,71,71,71,71,71,71,71,71,71,71,71,71,71,71,71,71,71,71,71,71,71,71,71,71,71],"relic_stats":{"Busted Crown":20,"TheAbacus":[72],"counters":[25,96],"Sundial":[16],"Pen Nib":[11],"Bag of Preparation":[40],"Whetstone":["Go for the Eyes","Gash"],"obtain_stats":[{"Potion Belt":46,"Oddly Smooth Stone":40,"Pen Nib":36,"Bag of Preparation":13,"Whetstone":36,"Mercury Hourglass":9,"Old Coin":26,"Busted Crown":34,"TheAbacus":36,"Sundial":7,"Coffee Dripper":17,"Bag of Marbles":48,"Cracked Core":0},{"Potion Belt":22,"Oddly Smooth Stone":20,"Pen Nib":16,"Bag of Preparation":5,"Whetstone":16,"Mercury Hourglass":4,"Old Coin":12,"Busted Crown":15,"TheAbacus":16,"Sundial":4,"Coffee Dripper":7,"Bag of Marbles":24,"Cracked Core":0},{"Potion Belt":72,"Oddly Smooth Stone":66,"Pen Nib":54,"Bag of Preparation":15,"Whetstone":54,"Mercury Hourglass":13,"Old Coin":39,"Busted Crown":51,"TheAbacus":54,"Sundial":13,"Coffee Dripper":24,"Bag of Marbles":83,"Cracked Core":0}],"Mercury Hourglass":[350]},"card_choices":[{"not_picked":["Compile Driver","Tempest"],"picked":"Hologram","floor":1.0},{"not_picked":["Chill","Cold Snap"],"picked":"Streamline","floor":4.0},{"not_picked":["Storm","Hologram"],"picked":"Genetic Algorithm","floor":5.0},{"not_picked":["Fusion","Rebound","Hello World"],"picked":"SKIP","floor":7.0},{"not_picked":["Cold Snap","Force Field","Hologram"],"picked":"SKIP","floor":11.0},{"not_picked":["Beam Cell","Steam"],"picked":"Gash","floor":14.0},{"not_picked":["Machine Learning","Echo Form"],"picked":"Hyperbeam","floor":16.0},{"not_picked":["Tempest","Storm","Redo"],"picked":"SKIP","floor":18.0},{"not_picked":["Compile Driver","Streamline","Loop"],"picked":"SKIP","floor":19.0},{"not_picked":["Rebound","Sunder"],"picked":"FTL","floor":21.0},{"not_picked":["Chill","Streamline"],"picked":"Gash","floor":22.0},{"not_picked":["Hologram","Conserve Battery","Streamline"],"picked":"SKIP","floor":24.0},{"not_picked":["Defragment","Rebound","Steam Power"],"picked":"SKIP","floor":28.0},{"not_picked":["Sweeping Beam","White Noise","Gash"],"picked":"SKIP","floor":31.0},{"not_picked":["Meteor Strike","Rainbow"],"picked":"Seek","floor":33.0},{"not_picked":[],"picked":"Beam Cell+1","floor":35.0},{"not_picked":["Heatsinks"],"picked":"SKIP","floor":37.0},{"not_picked":["Glacier"],"picked":"SKIP","floor":38.0},{"not_picked":["Rebound"],"picked":"SKIP","floor":39.0},{"not_picked":[],"picked":"Auto Shields+1","floor":40.0},{"not_picked":[],"picked":"Dark Shackles","floor":41.0},{"not_picked":[],"picked":"Hologram+1","floor":42.0},{"not_picked":[],"picked":"Recycle","floor":46},{"not_picked":["Rebound"],"picked":"SKIP","floor":47},{"not_picked":["Barrage"],"picked":"SKIP","floor":48}],"player_experience":726279,"relics_obtained":[{"floor":7.0,"key":"Sundial"},{"floor":9.0,"key":"Mercury Hourglass"},{"floor":13.0,"key":"Bag of Preparation"},{"floor":26.0,"key":"Old Coin"},{"floor":40.0,"key":"Oddly Smooth Stone"},{"floor":46,"key":"Potion Belt"},{"floor":48,"key":"Bag of Marbles"}],"event_choices":[{"cards_removed":["Defend_B"],"damage_healed":0.0,"max_hp_gain":0.0,"max_hp_loss":0.0,"gold_gain":0.0,"event_name":"Living Wall","player_choice":"Forget","floor":2.0,"gold_loss":0.0,"damage_taken":0.0},{"cards_removed":["Strike_B"],"damage_healed":0.0,"max_hp_gain":0.0,"max_hp_loss":0.0,"gold_gain":0.0,"event_name":"The Cleric","player_choice":"Card Removal","floor":10.0,"gold_loss":50.0,"damage_taken":0.0},{"cards_removed":["Defend_B"],"damage_healed":0.0,"max_hp_gain":0.0,"max_hp_loss":0.0,"gold_gain":0.0,"event_name":"Bonfire Elementals","player_choice":"Offered Basic","floor":29.0,"gold_loss":0.0,"damage_taken":0.0},{"damage_healed":0.0,"max_hp_gain":0.0,"max_hp_loss":0.0,"gold_gain":0.0,"event_name":"SensoryStone","player_choice":"Memory 1","floor":41.0,"gold_loss":0.0,"damage_taken":0.0}],"is_beta":false,"boss_relics":[{"not_picked":["Inserter","Pandora\u0027s Box"],"picked":"Coffee Dripper"},{"not_picked":["Nuclear Battery","SacredBark"],"picked":"Busted Crown"}],"items_purged_floors":[3,20,45],"is_endless":false,"potions_floor_spawned":[4,5,14,16,19,24,28,31,35,37,39,42,48],"ascension_level":14}}