{"host":"1tkoe3l8wf0xx8if","time":1607574745,"event":{"gold_per_floor":[118,132,132,132,132,132,163,163,245,170,190,204,233,251,251,324,324,264,264,279,279,289,289,289],"floor_reached":23,"playtime":703,"items_purged":["Defend_R"],"score":373,"play_id":"f0dd84cf-d69c-451f-9ee7-f888779a4fdf","local_time":"20201210133225","is_ascension_mode":true,"campfire_choices":[{"data":"Bash","floor":6.0,"key":"SMITH"},{"data":"Metallicize","floor":8.0,"key":"SMITH"},{"data":"Heavy Blade","floor":15.0,"key":"SMITH"}],"neow_cost":"NONE","seed_source_timestamp":636991171238800,"circlet_count":0,"master_deck":["AscendersBane","Strike_R","Strike_R","Defend_R","Defend_R","Bash+1","Feel No Pain+1","Ghostly Armor","Metallicize+1","Heavy Blade+1","Shrug It Off","Rage","Barricade","Pummel+1","Sever Soul+1","Rupture+1","Body Slam"],"special_seed":0,"relics":["Burning Blood","NeowsBlessing","Boot","Meat on the Bone","Shuriken","Astrolabe","Bronze Scales"],"potions_floor_usage":[16,16],"damage_taken":[{"damage":0.0,"enemies":"2 Louse","floor":1.0,"turns":1.0},{"damage":0.0,"enemies":"Jaw Worm","floor":2.0,"turns":1.0},{"damage":0.0,"enemies":"Gremlin Nob","floor":7.0,"turns":1.0},{"damage":2.0,"enemies":"Cultist","floor":11.0,"turns":4.0},{"damage":17.0,"enemies":"Blue Slaver","floor":12.0,"turns":5.0},{"damage":16.0,"enemies":"3 Sentries","floor":13.0,"turns":10.0},{"damage":6.0,"enemies":"2 Fungi Beasts","floor":14.0,"turns":4.0},{"damage":38,"enemies":"Hexaghost","floor":16,"turns":15},{"damage":18,"enemies":"2 Thieves","floor":18,"turns":4},{"damage":57,"enemies":"Spheric Guardian","floor":20,"turns":10},{"damage":13,"enemies":"Snake Plant","floor":22,"turns":4},{"damage":34,"enemies":"Gremlin Leader","floor":23,"turns":4}],"seed_played":"-7587364303062213923","potions_obtained":[{"floor":1.0,"key":"LiquidBronze"},{"floor":2.0,"key":"PowerPotion"},{"floor":13.0,"key":"PowerPotion"}],"is_trial":false,"path_per_floor":["M","M","?","?","?","R","E","R","T","$","M","M","E","M","R","B",null,"M","?","M","?","M","E"],"character_chosen":"IRONCLAD","items_purchased":[],"campfire_rested":0,"item_purchase_floors":[],"current_hp_per_floor":[78,80,73,78,78,78,84,84,84,84,85,74,64,64,64,44,75,63,63,24,24,29,0,0],"gold":289,"neow_bonus":"THREE_ENEMY_KILL","is_prod":false,"is_daily":false,"chose_seed":false,"campfire_upgraded":3,"win_rate":0,"timestamp":1607574745,"path_taken":["M","M","?","?","?","R","E","R","T","$","M","M","E","M","R","BOSS","M","?","M","?","M","E"],"build_version":"2020-11-30","purchased_purges":1,"victory":false,"max_hp_per_floor":[80,80,80,85,85,85,85,85,85,85,85,85,85,85,85,85,85,85,85,85,85,85,85,85],"card_choices":[{"not_picked":["Disarm","Burning Pact"],"picked":"Feel No Pain","floor":1.0},{"not_picked":["Flex","Havoc"],"picked":"Ghostly Armor","floor":2.0},{"not_picked":["Headbutt","Anger"],"picked":"Metallicize","floor":7.0},{"not_picked":["Dual Wield","Perfected Strike"],"picked":"Heavy Blade","floor":11.0},{"not_picked":["Armaments","Wild Strike"],"picked":"Shrug It Off","floor":12.0},{"not_picked":["Combust","Exhume"],"picked":"Rage","floor":13.0},{"not_picked":["Twin Strike","Iron Wave","Shrug It Off"],"picked":"SKIP","floor":14.0},{"not_picked":["Immolate","Corruption"],"picked":"Barricade","floor":16},{"not_picked":["Body Slam","Evolve","Twin Strike"],"picked":"SKIP","floor":18},{"not_picked":["Warcry","Flame Barrier","Combust"],"picked":"SKIP","floor":20},{"not_picked":["Sword Boomerang","Headbutt+1"],"picked":"Body Slam","floor":22}],"player_experience":290129,"relics_obtained":[{"floor":7.0,"key":"Boot"},{"floor":9.0,"key":"Meat on the Bone"},{"floor":13.0,"key":"Shuriken"}],"event_choices":[{"cards_removed":["Strike_R"],"damage_healed":0.0,"max_hp_gain":0.0,"max_hp_loss":0.0,"gold_gain":0.0,"event_name":"Golden Wing","player_choice":"Card Removal","floor":3.0,"gold_loss":0.0,"damage_taken":7.0},{"damage_healed":0.0,"max_hp_gain":5.0,"max_hp_loss":0.0,"gold_gain":0.0,"event_name":"Big Fish","player_choice":"Donut","floor":4.0,"gold_loss":0.0,"damage_taken":0.0},{"damage_healed":0.0,"max_hp_gain":0.0,"max_hp_loss":0.0,"gold_gain":0.0,"event_name":"Accursed Blacksmith","player_choice":"Forge","floor":5.0,"gold_loss":0.0,"damage_taken":0.0,"cards_upgraded":["Feel No Pain"]},{"damage_healed":0,"gold_gain":0,"player_choice":"Ignored","damage_taken":0,"max_hp_gain":0,"max_hp_loss":0,"event_name":"Vampires","floor":19,"gold_loss":0},{"damage_healed":0,"gold_gain":0,"player_choice":"Opened","damage_taken":0,"relics_obtained":["Bronze Scales"],"max_hp_gain":0,"max_hp_loss":0,"event_name":"The Mausoleum","floor":21,"gold_loss":0}],"is_beta":false,"boss_relics":[{"not_picked":["Runic Dome","Busted Crown"],"picked":"Astrolabe"}],"items_purged_floors":[10],"is_endless":false,"potions_floor_spawned":[1,2,13,14,18],"killed_by":"Gremlin Leader","ascension_level":13}}