{"host":"w7o06k3e8uel8euj","time":1607561111,"event":{"gold_per_floor":[114,389,408,279,279,305,317,336,362,437,452,482,382,399,399,501,501,518,518,518,518],"floor_reached":20,"playtime":966,"items_purged":["Regret","ats:Defend Up"],"score":234,"play_id":"9ff68076-dbe6-430d-8396-bf78ff866d3d","local_time":"20201210094511","is_ascension_mode":false,"campfire_choices":[{"data":"ats:Emotion Absorption","floor":15,"key":"SMITH"}],"neow_cost":"NONE","seed_source_timestamp":1083466080794000,"circlet_count":0,"master_deck":["ats:Powerful Strike","ats:Armor Crushing Shot","ats:Defend Up","ats:Defend Up","ats:Emotion Absorption","ats:Emotion Absorption+1","ats:Charging Defense","ats:Overload","ats:Just Like an Apocalypse","ats:Support Order","ats:Blood Oath","ats:Just Like an Apocalypse","ats:Just Like an Apocalypse","ats:Just Like an Apocalypse"],"special_seed":0,"relics":["ats:Sanity","NeowsBlessing","ats:Berate","ats:MaxSp2","Pen Nib","Empty Cage"],"potions_floor_usage":[11],"damage_taken":[{"damage":0.0,"enemies":"Small Slimes","floor":1.0,"turns":1.0},{"damage":0.0,"enemies":"Cultist","floor":3.0,"turns":1.0},{"damage":0.0,"enemies":"Gremlin Nob","floor":6.0,"turns":1.0},{"damage":11.0,"enemies":"Jaw Worm","floor":7.0,"turns":2.0},{"damage":13.0,"enemies":"Exordium Wildlife","floor":8.0,"turns":4.0},{"damage":0,"enemies":"Looter","floor":11,"turns":3},{"damage":30,"enemies":"3 Sentries","floor":12,"turns":14},{"damage":7,"enemies":"3 Louse","floor":14,"turns":4},{"damage":93,"enemies":"The Guardian","floor":16,"turns":22},{"damage":76,"enemies":"Spheric Guardian","floor":18,"turns":10},{"damage":127,"enemies":"Chosen","floor":20,"turns":12}],"seed_played":"-6821970895286621127","potions_obtained":[{"floor":1.0,"key":"BlessingOfTheForge"},{"floor":7.0,"key":"FairyPotion"},{"floor":11,"key":"FearPotion"}],"is_trial":false,"path_per_floor":["M","?","M","$","?","E","M","M","T","?","M","E","$","M","R","B",null,"M","?","M"],"character_chosen":"DOCTOR_CLASS","items_purchased":["ats:Just Like an Apocalypse"],"campfire_rested":0,"item_purchase_floors":[4],"current_hp_per_floor":[72,72,72,72,65,65,56,47,47,36,41,26,26,31,31,10,72,25,25,0,0],"gold":518,"neow_bonus":"THREE_ENEMY_KILL","is_prod":false,"is_daily":false,"chose_seed":false,"campfire_upgraded":1,"win_rate":0.0,"timestamp":1607561111,"path_taken":["M","?","M","$","?","E","M","M","T","?","M","E","?","M","R","BOSS","M","?","M"],"build_version":"2020-11-30","purchased_purges":2,"victory":false,"max_hp_per_floor":[72,72,72,72,72,72,72,72,72,72,72,72,72,72,72,72,72,72,72,72,72],"relic_stats":{"counters":[11,74],"Pen Nib":[5],"obtain_stats":[{"ats:MaxSp2":9,"NeowsBlessing":0,"ats:Berate":6,"Pen Nib":12,"ats:Sanity":0,"Empty Cage":17},{"ats:MaxSp2":5,"NeowsBlessing":0,"ats:Berate":3,"Pen Nib":7,"ats:Sanity":0,"Empty Cage":9},{"ats:MaxSp2":9,"NeowsBlessing":0,"ats:Berate":3,"Pen Nib":26,"ats:Sanity":0,"Empty Cage":52}]},"card_choices":[{"not_picked":["ats:Revitalization","ats:Flexible Camouflage"],"picked":"ats:Charging Defense","floor":1.0},{"not_picked":["ats:Blood Oath","ats:Thorns"],"picked":"ats:Overload","floor":3.0},{"not_picked":["ats:Revitalization","ats:Composite Medical Shells"],"picked":"ats:Support Order","floor":6.0},{"not_picked":["ats:Consecutive Shot: Auto","ats:Revitalization","ats:Cat Scratch"],"picked":"SKIP","floor":7.0},{"not_picked":["ats:Very Hot Blade","ats:Neurotoxin"],"picked":"ats:Blood Oath","floor":8.0},{"not_picked":["ats:Cat Scratch","ats:Chain Hook"],"picked":"ats:Just Like an Apocalypse","floor":11},{"not_picked":["ats:Assault Order","ats:Revitalization"],"picked":"ats:Just Like an Apocalypse","floor":12},{"not_picked":["ats:Attack Strengthen","ats:Chain Hook"],"picked":"ats:Just Like an Apocalypse","floor":14},{"not_picked":["ats:Curse Doll","ats:Revitalization","ats:Consecutive Shot: Auto"],"picked":"SKIP","floor":18}],"player_experience":541025,"relics_obtained":[{"floor":6.0,"key":"ats:Berate"},{"floor":9.0,"key":"ats:MaxSp2"},{"floor":12,"key":"Pen Nib"}],"event_choices":[{"damage_healed":0.0,"max_hp_gain":0.0,"max_hp_loss":0.0,"gold_gain":275.0,"event_name":"Golden Shrine","player_choice":"Desecrate","floor":2.0,"gold_loss":0.0,"damage_taken":0.0,"cards_obtained":["Regret"]},{"cards_removed":["ats:Defend Up"],"damage_healed":0.0,"max_hp_gain":0.0,"max_hp_loss":0.0,"gold_gain":0.0,"event_name":"Golden Wing","player_choice":"Card Removal","floor":5.0,"gold_loss":0.0,"damage_taken":7.0},{"damage_healed":0.0,"max_hp_gain":0.0,"max_hp_loss":0.0,"gold_gain":75.0,"event_name":"World of Goop","player_choice":"Gather Gold","floor":10.0,"gold_loss":0.0,"damage_taken":11.0},{"damage_healed":0,"gold_gain":0,"player_choice":"Ignored","damage_taken":0,"max_hp_gain":0,"max_hp_loss":0,"event_name":"Vampires","floor":19,"gold_loss":0}],"is_beta":false,"boss_relics":[{"not_picked":["Sozu","Philosopher\u0027s Stone"],"picked":"Empty Cage"}],"items_purged_floors":[4,13],"is_endless":false,"potions_floor_spawned":[1,7,11],"killed_by":"Chosen","ascension_level":0}}