{"host":"g1wmg2w41xhsnw8g","time":1607631932,"event":{"mods":["BaseMod","StSLib","Better Note","2.2 Compatiblity","Colored Powertips","Colored Map","Transform Curses","Defuse TimeMaze Blight","????","Relic Sorter","Minty Spire (QoL Compilation)","Googly Eyes","The Sage","Shop Mod","Booster Modes","Better Match","Better Sensory Stone","BetterRewards","Act Like it!","Infinite Spire","Better Skull","Better Altar","Better Third Choice","Spicy Shops","Friendly Minions","CapriCore","Displayed Cursed Tome","Red Circlet Mod","Wandering Minibosses","Curses Come First","SCP261 Mod","GifTheSpireLib","The Poker Player","The Blackbeard","Trackpad"],"gold_per_floor":[117,217,227,244,13,44,44,44,44,57,72,101,9,34,34,34,34,34],"floor_reached":16,"playtime":731,"items_purged":["Doubt"],"score":151,"play_id":"8da43b64-1887-4022-a292-6b5ad9c6f418","local_time":"20201210152532","daily_mods":["Specialized","Heirloom","Elite Swarm"],"is_ascension_mode":true,"metric_token":2258,"campfire_choices":[{"data":"PokerPlayerMod:ClubStrike","floor":8,"key":"SMITH"},{"data":"blackbeard:Provisioning","floor":15,"key":"SMITH"}],"circlet_count":0,"master_deck":["PokerPlayerMod:Diamond2","PokerPlayerMod:Diamond3","PokerPlayerMod:Diamond4","PokerPlayerMod:Diamond5","PokerPlayerMod:Spade1","PokerPlayerMod:Spade2","PokerPlayerMod:Spade3","PokerPlayerMod:Spade4","PokerPlayerMod:Club1","PokerPlayerMod:Club2","PokerPlayerMod:Heart2","PokerPlayerMod:TrumpStrike","PokerPlayerMod:BadJoker","PokerPlayerMod:Mulligan","PokerPlayerMod:ClubStrike+1","PokerPlayerMod:ClubStrike+1","PokerPlayerMod:ClubStrike+1","PokerPlayerMod:ClubStrike","PokerPlayerMod:ClubStrike","PokerPlayerMod:Heart6","blackbeard:RearmingStrike","PokerPlayerMod:TheDieIsCast","blackbeard:BlindAttacks","blackbeard:Provisioning+1","PokerPlayerMod:FakeSymbols","blackbeard:Intoxication"],"special_seed":0,"relics":["PokerPlayerMod:DeckCase","infinitespire:Golems Mask","MerchantsRug","PokerPlayerMod:StuffedPocket","WingedGreaves","infinitespire:Satchel","Whetstone","InkBottle"],"acts_visited":["Exordium"],"potions_floor_usage":[13,14,14,16],"damage_taken":[{"damage":8.0,"enemies":"Jaw Worm","floor":1.0,"turns":2.0},{"damage":5.0,"enemies":"Cultist","floor":3.0,"turns":3.0},{"damage":0.0,"enemies":"2 Louse","floor":4.0,"turns":2.0},{"damage":9.0,"enemies":"3 Sentries","floor":6.0,"turns":4.0},{"damage":16,"enemies":"Exordium Wildlife","floor":10,"turns":3},{"damage":3,"enemies":"Looter","floor":11,"turns":2},{"damage":31,"enemies":"Lagavulin","floor":12,"turns":4},{"damage":8,"enemies":"3 Sentries","floor":14,"turns":4},{"damage":24,"enemies":"The Guardian","floor":16,"turns":6}],"seed_played":"7431673930281398428","potions_obtained":[{"floor":3.0,"key":"DistilledChaos"},{"floor":4.0,"key":"SkillPotion"},{"floor":11,"key":"sagemod:Wine"},{"floor":14,"key":"Weak Potion"}],"is_trial":true,"path_per_floor":["M","?","M","M","$","E","?","R","T","M","M","E","$","E","R","B"],"character_chosen":"THE_POKER_PLAYER","items_purchased":["MerchantsRug","Potion Belt","Whetstone"],"campfire_rested":0,"item_purchase_floors":[5,5,13],"current_hp_per_floor":[44,44,46,52,52,51,51,51,51,36,43,12,12,12,12,0,0,0],"gold":34,"neow_bonus":"","is_daily":false,"chose_seed":false,"campfire_upgraded":2,"win_rate":0,"timestamp":1607631932,"path_taken":["M","?","?","M","$","E","?","R","T","M","M","E","?","E","R","BOSS"],"build_version":"2020-11-30","purchased_purges":1,"victory":false,"max_hp_per_floor":[52,52,52,52,52,52,52,52,52,52,52,52,52,52,52,52,52,52],"card_choices":[{"not_picked":["blackbeard:Sharpening","PokerPlayerMod:Heart1"],"picked":"PokerPlayerMod:Heart6","floor":1.0},{"not_picked":["PokerPlayerMod:Spade1","PokerPlayerMod:Spade2","PokerPlayerMod:Fold"],"picked":"SKIP","floor":3.0},{"not_picked":["blackbeard:CatONineTails","blackbeard:PirateStrength"],"picked":"blackbeard:RearmingStrike","floor":4.0},{"not_picked":["PokerPlayerMod:Diamond3","PokerPlayerMod:Club1"],"picked":"PokerPlayerMod:TheDieIsCast","floor":6},{"not_picked":["blackbeard:Shrapnel","blackbeard:PirateHook","blackbeard:Toast"],"picked":"SKIP","floor":10},{"not_picked":["blackbeard:Toast","PokerPlayerMod:Diamond1"],"picked":"blackbeard:Provisioning","floor":11},{"not_picked":["PokerPlayerMod:Heart4","PokerPlayerMod:Heart1"],"picked":"PokerPlayerMod:FakeSymbols","floor":12},{"not_picked":["blackbeard:UndeadForm","PokerPlayerMod:Club3"],"picked":"blackbeard:Intoxication","floor":14}],"player_experience":1011665,"relics_obtained":[{"floor":6,"key":"PokerPlayerMod:StuffedPocket"},{"floor":9,"key":"WingedGreaves"},{"floor":12,"key":"infinitespire:Satchel"},{"floor":14,"key":"InkBottle"}],"event_choices":[{"damage_healed":0.0,"max_hp_gain":0.0,"max_hp_loss":0.0,"gold_gain":100.0,"event_name":"Wheel of Change","player_choice":"Gold","floor":2.0,"gold_loss":0.0,"damage_taken":0.0},{"damage_healed":0,"gold_gain":0,"cards_transformed":["PokerPlayerMod:Diamond1"],"player_choice":"Change","damage_taken":0,"max_hp_gain":0,"max_hp_loss":0,"event_name":"Living Wall","floor":7,"gold_loss":0,"cards_obtained":["blackbeard:BlindAttacks"]}],"is_beta":false,"boss_relics":[],"items_purged_floors":[5],"is_endless":false,"potions_floor_spawned":[3,4,11,14],"killed_by":"The Guardian","ascension_level":1}}