{"host":"6ko66ogg91i6g7xq","time":1607566296,"event":{"gold_per_floor":[116,116,116,135,310,310,336,221,266,297,297,297,297,328,328,427,477,496,187,198,215,231,231,231],"floor_reached":23,"playtime":658,"items_purged":["Doubt"],"score":244,"play_id":"78cb698d-b778-45a0-9fb9-f90bd73710e6","local_time":"20201209211136","is_ascension_mode":true,"campfire_choices":[{"floor":6,"key":"RECALL"},{"data":"Noxious Fumes","floor":11,"key":"SMITH"},{"floor":13,"key":"REST"},{"data":"Infinite Blades","floor":15,"key":"SMITH"}],"neow_cost":"NONE","seed_source_timestamp":195262469859900,"circlet_count":0,"master_deck":["Strike_G","Strike_G","Strike_G","Strike_G","Strike_G+1","Defend_G","Defend_G","Defend_G","Defend_G","Defend_G","Survivor","Neutralize","Dagger Spray","Infinite Blades+1","Noxious Fumes+1","Caltrops","Swift Strike","Storm of Steel","Dodge and Roll","Dagger Spray","Bane","Backstab+1","Accuracy"],"special_seed":0,"relics":["Ring of the Snake","NeowsBlessing","Darkstone Periapt","Centennial Puzzle","Anchor","Omamori","Mercury Hourglass","Tiny House","Turnip"],"potions_floor_usage":[14,21,22],"damage_taken":[{"damage":0,"enemies":"Jaw Worm","floor":1,"turns":1},{"damage":0,"enemies":"Cultist","floor":4,"turns":1},{"damage":0,"enemies":"3 Sentries","floor":7,"turns":1},{"damage":28,"enemies":"Gremlin Nob","floor":10,"turns":5},{"damage":9,"enemies":"3 Sentries","floor":14,"turns":6},{"damage":19,"enemies":"Slime Boss","floor":16,"turns":8},{"damage":20,"enemies":"Shell Parasite","floor":18,"turns":6},{"damage":8,"enemies":"Chosen","floor":20,"turns":5},{"damage":11,"enemies":"Centurion and Healer","floor":21,"turns":4},{"damage":15,"enemies":"Snake Plant","floor":22,"turns":4},{"damage":27,"enemies":"Book of Stabbing","floor":23,"turns":4}],"seed_played":"3077638080137811454","potions_obtained":[{"floor":10,"key":"PowerPotion"},{"floor":16,"key":"sneckomod:MuddlingPotion"},{"floor":17,"key":"Fruit Juice"},{"floor":18,"key":"PowerPotion"}],"is_trial":false,"path_per_floor":["M","?","$","M","?","R","E","$","T","E","R","?","R","E","R","B",null,"M","$","M","M","M","E"],"character_chosen":"THE_SILENT","items_purchased":["Noxious Fumes","Turnip"],"campfire_rested":1,"item_purchase_floors":[8,19],"current_hp_per_floor":[70,70,70,70,76,76,76,76,76,48,48,48,70,61,61,42,81,61,61,53,42,27,0,0],"gold":231,"neow_bonus":"THREE_ENEMY_KILL","is_prod":false,"is_daily":false,"chose_seed":false,"campfire_upgraded":2,"win_rate":0,"timestamp":1607566296,"path_taken":["M","?","?","M","?","R","E","$","T","E","R","?","R","E","R","BOSS","M","$","?","M","?","E"],"build_version":"2020-11-30","purchased_purges":1,"victory":false,"max_hp_per_floor":[70,70,70,70,76,76,76,76,76,76,76,76,76,76,76,76,81,81,81,81,81,81,81,81],"relic_stats":{"Darkstone Periapt":6,"Centennial Puzzle":[24],"counters":[11,45],"Turnip":[2],"obtain_stats":[{"Darkstone Periapt":2,"Centennial Puzzle":7,"Anchor":9,"Tiny House":17,"NeowsBlessing":0,"Turnip":19,"Omamori":10,"Ring of the Snake":0,"Mercury Hourglass":14},{"Darkstone Periapt":1,"Centennial Puzzle":3,"Anchor":3,"Tiny House":6,"NeowsBlessing":0,"Turnip":7,"Omamori":4,"Ring of the Snake":0,"Mercury Hourglass":5},{"Darkstone Periapt":1,"Centennial Puzzle":3,"Anchor":3,"Tiny House":22,"NeowsBlessing":0,"Turnip":28,"Omamori":8,"Ring of the Snake":0,"Mercury Hourglass":14}],"Ring of the Snake":[22],"Mercury Hourglass":[90]},"card_choices":[{"not_picked":["Dagger Throw","Endless Agony"],"picked":"Cloak And Dagger","floor":1},{"not_picked":["Acrobatics","Bane"],"picked":"Dagger Spray","floor":4},{"not_picked":["Dodge and Roll","Footwork"],"picked":"Infinite Blades","floor":7},{"not_picked":["Flying Knee","Calculated Gamble"],"picked":"Caltrops","floor":10},{"not_picked":["Eviscerate","Infinite Blades","Endless Agony"],"picked":"SKIP","floor":14},{"not_picked":["Unload","Glass Knife"],"picked":"Storm of Steel","floor":16},{"not_picked":["Deflect","Prepared"],"picked":"Dodge and Roll","floor":17},{"not_picked":["Dodge and Roll","Outmaneuver+1"],"picked":"Dagger Spray","floor":18},{"not_picked":["Deflect","Prepared"],"picked":"Bane","floor":20},{"not_picked":["Flechettes","Setup"],"picked":"Backstab+1","floor":21},{"not_picked":["Sucker Punch","Deflect"],"picked":"Accuracy","floor":22}],"player_experience":250012,"relics_obtained":[{"floor":7,"key":"Centennial Puzzle"},{"floor":9,"key":"Anchor"},{"floor":10,"key":"Omamori"},{"floor":14,"key":"Mercury Hourglass"}],"event_choices":[{"cards_removed":["Cloak And Dagger"],"damage_healed":0,"gold_gain":0,"player_choice":"Gave Card","damage_taken":0,"relics_obtained":["Darkstone Periapt"],"max_hp_gain":0,"max_hp_loss":0,"event_name":"WeMeetAgain","floor":2,"gold_loss":0},{"damage_healed":0,"gold_gain":175,"player_choice":"AGREE","damage_taken":0,"max_hp_gain":0,"max_hp_loss":0,"event_name":"Liars Game","floor":5,"gold_loss":0,"cards_obtained":["Doubt"]},{"damage_healed":0,"gold_gain":0,"player_choice":"1 cards matched","damage_taken":0,"max_hp_gain":0,"max_hp_loss":0,"event_name":"Match and Keep!","floor":12,"gold_loss":0,"cards_obtained":["Swift Strike"]}],"is_beta":false,"boss_relics":[{"not_picked":["Fusion Hammer","Philosopher\u0027s Stone"],"picked":"Tiny House"}],"items_purged_floors":[8],"is_endless":false,"potions_floor_spawned":[10,16,18],"killed_by":"Book of Stabbing","ascension_level":1}}