{"host":"7z347kdhnquy3q4q","time":1607571524,"event":{"gold_per_floor":[115,115,115,190,209,209,243,262,262,341,369,381,407,477,477,576,576,595,520,64,94,39,39,68,68,93,168,57,86,105,122,122,227,227,193,193,3,21,243,271,271,271,323,79,94,94,125,125,125,125],"floor_reached":51,"playtime":4261,"items_purged":["RobotSpaceExplorer:Defend","RobotSpaceExplorer:Defend"],"score":1244,"play_id":"685f453e-834b-4dc8-9df9-328fcdd99057","local_time":"20201209213844","is_ascension_mode":true,"campfire_choices":[{"data":"Vigilance","floor":6.0,"key":"SMITH"},{"floor":15,"key":"REST"},{"data":"RobotSpaceExplorer:ToxicBomb","floor":23,"key":"SMITH"},{"data":"RobotSpaceExplorer:TrailblazerForm","floor":46,"key":"SMITH"},{"floor":49,"key":"REST"}],"neow_cost":"BASIC_CARDS","seed_source_timestamp":2337440688528700,"circlet_count":0,"master_deck":["RobotSpaceExplorer:Strike","RobotSpaceExplorer:Strike","RobotSpaceExplorer:Strike","RobotSpaceExplorer:Defend","RobotSpaceExplorer:Defend","RobotSpaceExplorer:Scan","RobotSpaceExplorer:MiniLasers","Vigilance+1","Strike_P","RobotSpaceExplorer:ChargingLaser","RobotSpaceExplorer:Probe","RobotSpaceExplorer:TurboDodge","RobotSpaceExplorer:DoubleBlock","RobotSpaceExplorer:ToxicBomb+1","RobotSpaceExplorer:FranticSearch","RobotSpaceExplorer:Smokescreen","RobotSpaceExplorer:ShockMissile","RobotSpaceExplorer:DualCore","RobotSpaceExplorer:ScrapMissile","RobotSpaceExplorer:Jetpack","RobotSpaceExplorer:PowerGlove","RobotSpaceExplorer:PowerGlove","RobotSpaceExplorer:ScrapShield","RobotSpaceExplorer:FreezeRay+1","RobotSpaceExplorer:FranticSearch+1","RobotSpaceExplorer:Fix","RobotSpaceExplorer:TrailblazerForm+1","RobotSpaceExplorer:ShovelStrike+1","Midas Touch","RobotSpaceExplorer:MiniDrones+1","RobotSpaceExplorer:PowerGlove+1","Madness","Madness","RobotSpaceExplorer:MiniDrones","RobotSpaceExplorer:Scanner","Flash of Steel","Secret Weapon","Survey Options"],"special_seed":0,"relics":["RobotSpaceExplorer:RoboCore","hubris:Icosahedron","ReplayTheSpireMod:TigerMarble","Replay:Mystery Machine","ReplayTheSpireMod:Ninjato","ReplayTheSpireMod:Lightbulb","Replay:Rubber Ducky","hubris:ScarierMask","Chemical X","vexMod:InvisibilityCloak","Red Mask","Lizard Tail","PreservedInsect","Pondfish Scales","hubris:RunicObelisk","ReplayTheSpireMod:Ring of Addiction","White Beast Statue","hubris:EmptyBottle","Darkstone Periapt","Boot","hubris:ToyBattleship","Bag of Preparation"],"potions_floor_usage":[11,11,12,29,33,38,40,40,45,45,47,50,50,50,50,50,50,50,50,50,50,50,50,50,50,50,50,50,50,50],"damage_taken":[{"damage":2.0,"enemies":"Small Slimes","floor":1.0,"turns":3.0},{"damage":0.0,"enemies":"2 Louse","floor":5.0,"turns":2.0},{"damage":46.0,"enemies":"Gremlin Nob","floor":7.0,"turns":5.0},{"damage":0,"enemies":"Jaw Worm","floor":8,"turns":6},{"damage":2,"enemies":"Lagavulin","floor":11,"turns":6},{"damage":3,"enemies":"Large Slime","floor":12,"turns":6},{"damage":7,"enemies":"Replay:BlueRogue","floor":13,"turns":5},{"damage":1,"enemies":"Looter","floor":14,"turns":4},{"damage":23,"enemies":"Fading Forest","floor":16,"turns":11},{"damage":0,"enemies":"3 Byrds","floor":18,"turns":3},{"damage":0,"enemies":"Masked Bandits","floor":21,"turns":2},{"damage":5,"enemies":"Slavers","floor":24,"turns":7},{"damage":5,"enemies":"Gremlin Leader","floor":29,"turns":6},{"damage":0,"enemies":"Chosen","floor":30,"turns":5},{"damage":0,"enemies":"Snake Plant","floor":31,"turns":6},{"damage":31,"enemies":"Pondfish","floor":33,"turns":18},{"damage":12,"enemies":"3 Darklings","floor":35,"turns":5},{"damage":0,"enemies":"3 Shapes","floor":38,"turns":4},{"damage":0,"enemies":"Giant Head","floor":40,"turns":10},{"damage":0,"enemies":"3 Darklings","floor":45,"turns":4},{"damage":0,"enemies":"Reptomancer","floor":47,"turns":5},{"damage":9,"enemies":"hubris:GrandSnecko","floor":50,"turns":11}],"seed_played":"2203076233282942230","potions_obtained":[{"floor":5.0,"key":"Strength Potion"},{"floor":8,"key":"Block Potion"},{"floor":11,"key":"potionbrewer:DiscountPotion"},{"floor":18,"key":"Swift Potion"},{"floor":21,"key":"potionbrewer:CleansingPotion"},{"floor":30,"key":"FairyPotion"},{"floor":36,"key":"potionbrewer:EndurancePotion"},{"floor":36,"key":"Strength Potion"},{"floor":38,"key":"potionbrewer:EndurancePotion"},{"floor":40,"key":"ColorlessPotion"},{"floor":45,"key":"Cursed Concoction"},{"floor":47,"key":"potionbrewer:BoundlessPotion"}],"is_trial":false,"path_per_floor":["M","?","?","?","M","R","E","M","T","T","E","M","E","M","R","B",null,"M","?","$","?","$","R","E","?","T","?","$","E","M","M","R","B",null,"M","?","$","M","?","E","?","?","T","$","M","R","E","?","R","B",null],"character_chosen":"RobotSpaceExplorer","items_purchased":["Chemical X","vexMod:InvisibilityCloak","RobotSpaceExplorer:ScrapMissile","RobotSpaceExplorer:PowerGlove","RobotSpaceExplorer:FreezeRay","Midas Touch","hubris:ToyBattleship"],"campfire_rested":2,"item_purchase_floors":[20,20,20,22,28,37,44],"current_hp_per_floor":[73,73,78,67,67,67,21,21,21,21,19,20,13,12,36,31,68,68,68,68,68,68,68,63,80,80,72,72,67,67,67,80,49,72,64,64,64,72,72,76,66,66,66,66,66,66,72,62,78,77],"gold":125,"neow_bonus":"THREE_RARE_CARDS","is_prod":false,"is_daily":false,"chose_seed":false,"campfire_upgraded":3,"win_rate":0,"timestamp":1607571524,"path_taken":["M","?","?","?","M","R","E","M","T","?","E","M","E","M","R","BOSS","M","?","$","?","$","R","E","?","T","?","$","E","?","M","R","BOSS","M","?","$","M","?","E","?","?","T","$","M","R","E","?","R","BOSS"],"build_version":"2020-11-30","purchased_purges":2,"victory":true,"max_hp_per_floor":[75,75,80,80,80,80,80,80,80,80,80,80,80,80,80,80,80,80,80,80,80,80,80,80,80,80,80,80,80,80,80,80,80,80,80,80,80,80,80,80,80,80,80,78,78,78,78,78,78,78],"card_choices":[{"not_picked":["RobotSpaceExplorer:Explosion","RobotSpaceExplorer:Scanner"],"picked":"RobotSpaceExplorer:ChargingLaser","floor":0.0},{"not_picked":["RobotSpaceExplorer:ImprovisedAttack","RobotSpaceExplorer:StunGrenade"],"picked":"RobotSpaceExplorer:Probe","floor":1.0},{"not_picked":["RobotSpaceExplorer:StunGrenade","RobotSpaceExplorer:MakeshiftVolley"],"picked":"RobotSpaceExplorer:TurboDodge","floor":5.0},{"not_picked":["RobotSpaceExplorer:FrostMissile","RobotSpaceExplorer:SurgingShield"],"picked":"RobotSpaceExplorer:DoubleBlock","floor":7.0},{"not_picked":["RobotSpaceExplorer:FrostMissile","RobotSpaceExplorer:Ammunition"],"picked":"RobotSpaceExplorer:ToxicBomb","floor":8},{"not_picked":["RobotSpaceExplorer:MetalStrike","RobotSpaceExplorer:FreezingShield","RobotSpaceExplorer:SurgingShield"],"picked":"SKIP","floor":11},{"not_picked":["RobotSpaceExplorer:SurgingShield","RobotSpaceExplorer:MiniDrones"],"picked":"RobotSpaceExplorer:FranticSearch","floor":12},{"not_picked":["RobotSpaceExplorer:MakeshiftVolley","RobotSpaceExplorer:StunGrenade"],"picked":"RobotSpaceExplorer:Smokescreen","floor":13},{"not_picked":["RobotSpaceExplorer:Electropulse","RobotSpaceExplorer:ScrapShield"],"picked":"RobotSpaceExplorer:JunkDive","floor":14},{"not_picked":["RobotSpaceExplorer:Comet","RobotSpaceExplorer:ChargingLaser"],"picked":"RobotSpaceExplorer:ShockMissile","floor":16},{"not_picked":["RobotSpaceExplorer:SlimeMissile","RobotSpaceExplorer:MiniDrones+1"],"picked":"RobotSpaceExplorer:DualCore","floor":18},{"not_picked":["RobotSpaceExplorer:ShockKick","RobotSpaceExplorer:SurgingStrike+1"],"picked":"RobotSpaceExplorer:Jetpack","floor":21},{"not_picked":["RobotSpaceExplorer:MakeshiftVolley","RobotSpaceExplorer:Counterblock"],"picked":"RobotSpaceExplorer:ScrapShield","floor":24},{"not_picked":["RobotSpaceExplorer:SwiftStep","RobotSpaceExplorer:JunkDive"],"picked":"RobotSpaceExplorer:FranticSearch+1","floor":29},{"not_picked":["RobotSpaceExplorer:Pulsar","RobotSpaceExplorer:SlimeMissile","RobotSpaceExplorer:MetalStrike"],"picked":"SKIP","floor":30},{"not_picked":["RobotSpaceExplorer:SurgingStrike","RobotSpaceExplorer:ImprovisedAttack+1"],"picked":"RobotSpaceExplorer:Fix","floor":31},{"not_picked":["RobotSpaceExplorer:Accelerator","RobotSpaceExplorer:ShockMissile"],"picked":"RobotSpaceExplorer:TrailblazerForm","floor":33},{"not_picked":["RobotSpaceExplorer:ImprovisedAttack+1","RobotSpaceExplorer:ShockKick"],"picked":"RobotSpaceExplorer:ShovelStrike+1","floor":35},{"not_picked":["RobotSpaceExplorer:DoubleBlock","RobotSpaceExplorer:FreezeRay+1"],"picked":"RobotSpaceExplorer:MiniDrones+1","floor":38},{"not_picked":["RobotSpaceExplorer:GlueSpray","RobotSpaceExplorer:SurgingShield+1"],"picked":"RobotSpaceExplorer:PowerGlove+1","floor":40},{"not_picked":["RobotSpaceExplorer:MetalStrike","RobotSpaceExplorer:ToxicBomb+1"],"picked":"RobotSpaceExplorer:MiniDrones","floor":45},{"not_picked":["RobotSpaceExplorer:PlasmaMissile","RobotSpaceExplorer:Discharger+1"],"picked":"RobotSpaceExplorer:Scanner","floor":47},{"not_picked":["Magnetism","PanicButton"],"picked":"Flash of Steel","floor":48},{"not_picked":["Madness","Dark Shackles"],"picked":"Secret Weapon","floor":48},{"not_picked":["Poisoned Strike","Replay:Bootleg Shield Generator"],"picked":"Survey Options","floor":48}],"player_experience":1807052,"relics_obtained":[{"floor":7.0,"key":"ReplayTheSpireMod:TigerMarble"},{"floor":9,"key":"Replay:Mystery Machine"},{"floor":10,"key":"ReplayTheSpireMod:Ninjato"},{"floor":11,"key":"ReplayTheSpireMod:Lightbulb"},{"floor":13,"key":"Replay:Rubber Ducky"},{"floor":21,"key":"Red Mask"},{"floor":24,"key":"Lizard Tail"},{"floor":26,"key":"PreservedInsect"},{"floor":29,"key":"Pondfish Scales"},{"floor":36,"key":"ReplayTheSpireMod:Ring of Addiction"},{"floor":36,"key":"White Beast Statue"},{"floor":36,"key":"hubris:EmptyBottle"},{"floor":40,"key":"Darkstone Periapt"},{"floor":43,"key":"Boot"},{"floor":47,"key":"Bag of Preparation"}],"event_choices":[{"damage_healed":0.0,"max_hp_gain":5.0,"max_hp_loss":0.0,"gold_gain":0.0,"event_name":"Big Fish","player_choice":"Donut","floor":3.0,"gold_loss":0.0,"damage_taken":0.0},{"damage_healed":0.0,"max_hp_gain":0.0,"max_hp_loss":0.0,"gold_gain":75.0,"event_name":"World of Goop","player_choice":"Gather Gold","floor":4.0,"gold_loss":0.0,"damage_taken":11.0},{"cards_removed":["RobotSpaceExplorer:Strike"],"damage_healed":0,"gold_gain":0,"player_choice":"Gave Gold","damage_taken":0,"max_hp_gain":0,"max_hp_loss":0,"event_name":"Beggar","floor":19,"gold_loss":75},{"damage_healed":0,"gold_gain":0,"player_choice":"Fought Bandits","damage_taken":0,"max_hp_gain":0,"max_hp_loss":0,"event_name":"Masked Bandits","floor":21,"gold_loss":0},{"damage_healed":26,"gold_gain":0,"player_choice":"Heal","damage_taken":0,"max_hp_gain":0,"max_hp_loss":0,"event_name":"The Library","floor":25,"gold_loss":0},{"damage_healed":0,"gold_gain":75,"player_choice":"Touch","damage_taken":8,"max_hp_gain":0,"max_hp_loss":0,"event_name":"FaceTrader","floor":27,"gold_loss":0},{"damage_healed":0,"gold_gain":222,"player_choice":"Wore Mask","damage_taken":0,"max_hp_gain":0,"max_hp_loss":0,"event_name":"Tomb of Lord Red Mask","floor":39,"gold_loss":0},{"damage_healed":0,"gold_gain":0,"player_choice":"Embrace Madness","damage_taken":10,"max_hp_gain":0,"max_hp_loss":0,"event_name":"Winding Halls","floor":41,"gold_loss":0,"cards_obtained":["Madness","Madness"]},{"cards_removed":["RobotSpaceExplorer:JunkDive"],"damage_healed":0,"gold_gain":0,"player_choice":"Removed Skill","damage_taken":0,"max_hp_gain":0,"max_hp_loss":0,"event_name":"Falling","floor":42,"gold_loss":0},{"damage_healed":0,"gold_gain":0,"player_choice":"Memory 3","damage_taken":10,"max_hp_gain":0,"max_hp_loss":0,"event_name":"SensoryStone","floor":48,"gold_loss":0}],"is_beta":false,"boss_relics":[{"not_picked":["hubris:CrackedHourglass","aspiration:SilentSkillbook"],"picked":"hubris:ScarierMask"},{"not_picked":["vexMod:CursedCompass","Cursed Key"],"picked":"hubris:RunicObelisk"}],"items_purged_floors":[28,44],"is_endless":false,"potions_floor_spawned":[5,8,11,18,21,30,38,40,45,47],"ascension_level":5}}