{"host":"cwd5s03r1oaxs6mx","time":1607604264,"event":{"gold_per_floor":[115,129,129,154,54,54,54],"floor_reached":6,"playtime":296,"items_purged":["Strike_P","Defend_P"],"score":45,"play_id":"e37218de-377a-4b26-a025-a9459ec1637c","local_time":"20201210214424","is_ascension_mode":true,"campfire_choices":[],"neow_cost":"","seed_source_timestamp":3019342988042900,"circlet_count":0,"master_deck":["Strike_P","Strike_P","Strike_P","Defend_P","Defend_P","Defend_P","Eruption","Vigilance","Apotheosis","Nirvana","Sanctity","BowlingBash","JustLucky","Adaptation","MentalFortress+1","LikeWater+1","MentalFortress+1"],"relics":["PureWater","GoldenEye","hubris:Potato","Frozen Egg 2","Golden Idol"],"potions_floor_usage":[4],"damage_taken":[{"damage":0,"enemies":"Small Slimes","floor":1,"turns":2},{"damage":0,"enemies":"2 Louse","floor":2,"turns":3},{"damage":0,"enemies":"Jaw Worm","floor":4,"turns":5},{"damage":65,"enemies":"Gremlin Nob","floor":6,"turns":3}],"seed_played":"-9222894632591962902","potions_obtained":[{"floor":2,"key":"SteroidPotion"},{"floor":4,"key":"Fruit Juice"}],"is_trial":false,"path_per_floor":["M","M","?","M","$","E"],"character_chosen":"WATCHER","items_purchased":["GoldenEye","Apotheosis","Nirvana","Sanctity","BowlingBash","hubris:Potato","JustLucky","Adaptation","Frozen Egg 2"],"campfire_rested":0,"item_purchase_floors":[0,0,0,0,0,0,0,0,0],"current_hp_per_floor":[72,72,54,59,59,0,0],"gold":54,"neow_bonus":"","is_prod":false,"is_daily":false,"chose_seed":false,"campfire_upgraded":0,"win_rate":0,"timestamp":1607604264,"path_taken":["M","M","?","M","$","E"],"build_version":"2020-11-30","purchased_purges":2,"victory":false,"max_hp_per_floor":[72,72,72,77,77,77,77],"relic_stats":{"counters":[159,628],"Golden Idol":5,"GoldenEye":[12],"obtain_stats":[{"Calipers":37,"Gremlin Horn":54,"hubris:VirtuousBlindfold":17,"Ginger":43,"Bottled Tornado":23,"hubris:TerracottaHorce":17,"Blood Vial":7,"infinitespire:ShieldingShard":0,"Sundial":13,"infinitespire:Golems Mask":6,"MealTicket":29,"VioletLotus":17,"HandDrill":53,"Toxic Egg 2":5,"hubris:DuctTape":9,"Oddly Smooth Stone":53,"Pen Nib":26,"infinitespire:Beetle Shell":7,"War Paint":6,"Question Card":47,"infinitespire:Lychee Nut":10,"MutagenicStrength":31,"Bird Faced Urn":10,"hubris:TenFootPole":40,"StrikeDummy":25,"Meat on the Bone":23,"infinitespire:Cupcake":17,"Lantern":26,"Regal Pillow":48,"Yang":54,"Incense Burner":10,"hubris:SlimyHat":0,"hubris:EmptyBottle":53,"Smiling Mask":6,"Empty Cage":34,"Ancient Tea Set":39,"Matryoshka":11,"hubris:Icosahedron":12,"Gambling Chip":0,"Pantograph":6,"hubris:ScarierMask":17,"hubris:CuriousFeather":11,"infinitespire:Eraser":44,"Runic Pyramid":34,"hubris:GlazedTorus":37,"Potion Belt":7,"Lee\u0027s Waffle":13,"NeowsBlessing":0,"Golden Idol":3,"hubris:64BitClover":9,"infinitespire:FocusingShard":30,"Omamori":48,"infinitespire:Lucky Rock":9,"hubris:Towel":19,"Frozen Egg 2":0,"MawBank":6,"Medical Kit":0,"GoldenEye":0,"Cauldron":53,"Anchor":46,"infinitespire:WardingShard":9,"Ornamental Fan":8,"Turnip":45,"Art of War":9,"Bag of Marbles":41,"Membership Card":0,"Bottled Lightning":54,"PureWater":0,"Toy Ornithopter":53,"hubris:Potato":0,"hubris:BottledRain":8},{"Calipers":89,"Gremlin Horn":126,"hubris:VirtuousBlindfold":8,"Ginger":149,"Bottled Tornado":82,"hubris:TerracottaHorce":27,"Blood Vial":22,"infinitespire:ShieldingShard":67,"Sundial":26,"infinitespire:Golems Mask":38,"MealTicket":141,"VioletLotus":77,"HandDrill":125,"Toxic Egg 2":3,"hubris:DuctTape":73,"Oddly Smooth Stone":97,"Pen Nib":32,"infinitespire:Beetle Shell":104,"War Paint":73,"Question Card":96,"infinitespire:Lychee Nut":74,"MutagenicStrength":114,"Bird Faced Urn":134,"hubris:TenFootPole":119,"StrikeDummy":112,"Meat on the Bone":31,"infinitespire:Cupcake":136,"Lantern":83,"Regal Pillow":124,"Yang":154,"Incense Burner":5,"hubris:SlimyHat":17,"hubris:EmptyBottle":153,"Smiling Mask":64,"Empty Cage":115,"Ancient Tea Set":118,"Matryoshka":56,"hubris:Icosahedron":105,"Gambling Chip":67,"Pantograph":132,"hubris:ScarierMask":107,"hubris:CuriousFeather":16,"infinitespire:Eraser":150,"Runic Pyramid":86,"hubris:GlazedTorus":118,"Potion Belt":4,"Lee\u0027s Waffle":75,"NeowsBlessing":0,"Golden Idol":13,"hubris:64BitClover":133,"infinitespire:FocusingShard":142,"Omamori":152,"infinitespire:Lucky Rock":39,"hubris:Towel":28,"Frozen Egg 2":155,"MawBank":54,"Medical Kit":127,"GoldenEye":155,"Cauldron":125,"Anchor":122,"infinitespire:WardingShard":4,"Ornamental Fan":133,"Turnip":95,"Art of War":104,"Bag of Marbles":148,"Membership Card":17,"Bottled Lightning":98,"PureWater":0,"Toy Ornithopter":153,"hubris:Potato":155,"hubris:BottledRain":47},{"Calipers":339,"Gremlin Horn":503,"hubris:VirtuousBlindfold":33,"Ginger":584,"Bottled Tornado":312,"hubris:TerracottaHorce":111,"Blood Vial":96,"infinitespire:ShieldingShard":267,"Sundial":106,"infinitespire:Golems Mask":150,"MealTicket":558,"VioletLotus":298,"HandDrill":500,"Toxic Egg 2":4,"hubris:DuctTape":283,"Oddly Smooth Stone":376,"Pen Nib":126,"infinitespire:Beetle Shell":396,"War Paint":283,"Question Card":372,"infinitespire:Lychee Nut":288,"MutagenicStrength":440,"Bird Faced Urn":531,"hubris:TenFootPole":472,"StrikeDummy":434,"Meat on the Bone":122,"infinitespire:Cupcake":541,"Lantern":316,"Regal Pillow":493,"Yang":607,"Incense Burner":20,"hubris:SlimyHat":83,"hubris:EmptyBottle":603,"Smiling Mask":257,"Empty Cage":447,"Ancient Tea Set":468,"Matryoshka":218,"hubris:Icosahedron":400,"Gambling Chip":267,"Pantograph":525,"hubris:ScarierMask":412,"hubris:CuriousFeather":82,"infinitespire:Eraser":587,"Runic Pyramid":328,"hubris:GlazedTorus":468,"Potion Belt":10,"Lee\u0027s Waffle":290,"NeowsBlessing":0,"Golden Idol":61,"hubris:64BitClover":529,"infinitespire:FocusingShard":563,"Omamori":596,"infinitespire:Lucky Rock":153,"hubris:Towel":112,"Frozen Egg 2":615,"MawBank":209,"Medical Kit":512,"GoldenEye":615,"Cauldron":500,"Anchor":485,"infinitespire:WardingShard":10,"Ornamental Fan":529,"Turnip":369,"Art of War":396,"Bag of Marbles":581,"Membership Card":83,"Bottled Lightning":377,"PureWater":0,"Toy Ornithopter":603,"hubris:Potato":615,"hubris:BottledRain":181}]},"card_choices":[{"not_picked":["EmptyFist","WaveOfTheHand"],"picked":"MentalFortress+1","floor":1},{"not_picked":["Halt","EmptyBody"],"picked":"LikeWater+1","floor":2},{"not_picked":["CutThroughFate","Conclude"],"picked":"MentalFortress+1","floor":4}],"player_experience":884145,"relics_obtained":[],"event_choices":[{"damage_healed":0,"gold_gain":0,"player_choice":"Take Damage","damage_taken":18,"relics_obtained":["Golden Idol"],"max_hp_gain":0,"max_hp_loss":0,"event_name":"Golden Idol","floor":3,"gold_loss":0}],"is_beta":false,"boss_relics":[],"items_purged_floors":[0,5],"is_endless":false,"potions_floor_spawned":[2,4],"killed_by":"Gremlin Nob","ascension_level":5}}