{"host":"a5lz0e76zb3fcwkm","time":1607608815,"event":{"mods":["BaseMod","StSLib","Colored Map","SuperFastMode","Colored Powertips","Minty Spire (QoL Compilation)","AchievementEnabler"],"gold_per_floor":[111,124,49,49,68,68,103,103,129,139,139,162,62,85,85,85,85],"floor_reached":16,"playtime":222,"items_purged":["Decay","Strike_R"],"score":204,"play_id":"d7dcff88-75b8-4a9c-bb3b-2cd2b3470e39","local_time":"20201210230015","is_ascension_mode":true,"campfire_choices":[{"data":"Carnage","floor":6.0,"key":"SMITH"},{"data":"Pommel Strike","floor":15,"key":"SMITH"}],"circlet_count":0,"master_deck":["AscendersBane","Strike_R","Strike_R","Strike_R","Defend_R","Defend_R","Defend_R","Defend_R","Bash","Carnage+1","Seeing Red","Pommel Strike+1","Power Through"],"special_seed":0,"relics":["Burning Blood","CaptainsWheel","CeramicFish","Happy Flower"],"acts_visited":["Exordium"],"potions_floor_usage":[7,16],"damage_taken":[{"damage":6.0,"enemies":"Cultist","floor":1.0,"turns":3.0},{"damage":4.0,"enemies":"2 Louse","floor":2.0,"turns":4.0},{"damage":15.0,"enemies":"Small Slimes","floor":5.0,"turns":3.0},{"damage":7,"enemies":"Lagavulin","floor":7,"turns":5},{"damage":6,"enemies":"2 Fungi Beasts","floor":10,"turns":4},{"damage":14,"enemies":"Exordium Wildlife","floor":12,"turns":3},{"damage":11,"enemies":"3 Louse","floor":14,"turns":3},{"damage":8,"enemies":"Slime Boss","floor":16,"turns":5}],"seed_played":"-3715699899285772001","potions_obtained":[{"floor":1.0,"key":"ElixirPotion"},{"floor":5.0,"key":"DistilledChaos"},{"floor":10,"key":"DuplicationPotion"},{"floor":12,"key":"Dexterity Potion"}],"is_trial":false,"path_per_floor":["M","M","$","?","M","R","E","?","T","M","?","M","$","M","R","B"],"character_chosen":"IRONCLAD","items_purchased":[],"campfire_rested":0,"item_purchase_floors":[],"current_hp_per_floor":[68,70,70,70,61,61,60,53,53,53,58,50,50,45,45,37,37],"gold":85,"neow_bonus":"ONE_RARE_RELIC","is_daily":false,"chose_seed":false,"campfire_upgraded":2,"win_rate":0,"timestamp":1607608815,"path_taken":["M","?","$","?","M","R","E","?","T","M","?","?","$","M","R","BOSS"],"build_version":"2020-11-30","purchased_purges":2,"victory":false,"max_hp_per_floor":[75,75,75,75,75,75,75,75,75,75,80,80,80,80,80,80,80],"card_choices":[{"not_picked":["Warcry","Flex","Metallicize"],"picked":"SKIP","floor":1.0},{"not_picked":["Anger","Rage"],"picked":"Carnage","floor":2.0},{"not_picked":["Headbutt","Bloodletting","Heavy Blade"],"picked":"SKIP","floor":5.0},{"not_picked":["Uppercut","Twin Strike"],"picked":"Seeing Red","floor":7},{"not_picked":["Sword Boomerang","Flex","Body Slam"],"picked":"SKIP","floor":10},{"not_picked":["Sword Boomerang","Flex","Body Slam"],"picked":"SKIP","floor":10},{"not_picked":["Iron Wave","Havoc"],"picked":"Pommel Strike","floor":12},{"not_picked":["Reaper","Spot Weakness"],"picked":"Power Through","floor":14}],"player_experience":1604090,"relics_obtained":[{"floor":7,"key":"CeramicFish"},{"floor":9,"key":"Happy Flower"}],"event_choices":[{"damage_healed":0.0,"max_hp_gain":0.0,"max_hp_loss":0.0,"gold_gain":0.0,"event_name":"The Cleric","player_choice":"Leave","floor":4.0,"gold_loss":0.0,"damage_taken":0.0},{"cards_removed":["Strike_R"],"damage_healed":0,"gold_gain":0,"player_choice":"Card Removal","damage_taken":7,"max_hp_gain":0,"max_hp_loss":0,"event_name":"Golden Wing","floor":8,"gold_loss":0},{"damage_healed":0,"gold_gain":0,"player_choice":"Donut","damage_taken":0,"max_hp_gain":5,"max_hp_loss":0,"event_name":"Big Fish","floor":11,"gold_loss":0}],"is_beta":false,"boss_relics":[],"items_purged_floors":[3,13],"is_endless":false,"potions_floor_spawned":[1,5,10,12],"killed_by":"Slime Boss","ascension_level":20}}