{"host":"3xls0xm49ftugio7","time":1607613242,"event":{"mods":["2.2 Compatiblity","BaseMod","AchievementEnabler","Act Like it!","Colored Powertips","GifTheSpireLib","Minty Spire (QoL Compilation)","Quick Restart","StSLib","Relic Stats","The Florist","The Hierophant","Hermit"],"gold_per_floor":[114,389,424,424,46,46,95,456,456,517,110,110,110,246,246,242,242],"floor_reached":16,"playtime":675,"items_purged":["Regret","hierophant:Strike_Hierophant"],"score":138,"play_id":"042d7ef0-e553-4bb6-b0c8-ee90e9805a01","local_time":"20201210171402","is_ascension_mode":true,"campfire_choices":[{"data":"HandOfGreed","floor":6,"key":"SMITH"},{"data":"hierophant:Alms","floor":12,"key":"SMITH"},{"data":"hierophant:ChurchCoffers","floor":15,"key":"SMITH"}],"circlet_count":0,"master_deck":["hierophant:Strike_Hierophant","hierophant:Strike_Hierophant","hierophant:Strike_Hierophant","hierophant:Punish","hierophant:Defend_Hierophant","hierophant:Defend_Hierophant","hierophant:Defend_Hierophant","hierophant:Defend_Hierophant","hierophant:ChurchCoffers+1","hierophant:RustyCrate","hierophant:Doubloon","hierophant:Doubloon","hierophant:Sermon","hierophant:SealAway","hierophant:Charity","hierophant:Doubloon","hierophant:ThreeLashes","HandOfGreed+1","hierophant:Alms+1","hierophant:RepressedViolence","hierophant:Doubloon","hierophant:Dazzle"],"relics":["hierophant:PropheticMaskRelic","NeowsBlessing","Old Coin","White Beast Statue","Lee\u0027s Waffle","Strawberry","Bag of Preparation"],"acts_visited":["Exordium"],"potions_floor_usage":[10,16],"damage_taken":[{"damage":0,"enemies":"Jaw Worm","floor":1,"turns":1},{"damage":0,"enemies":"Cultist","floor":3,"turns":1},{"damage":0,"enemies":"2 Louse","floor":7,"turns":1},{"damage":28,"enemies":"Gremlin Nob","floor":8,"turns":4},{"damage":7,"enemies":"Exordium Thugs","floor":10,"turns":5},{"damage":17,"enemies":"3 Sentries","floor":14,"turns":11},{"damage":73,"enemies":"Hexaghost","floor":16,"turns":12}],"seed_played":"3346742712870595181","potions_obtained":[{"floor":3,"key":"Fire Potion"},{"floor":7,"key":"Weak Potion"},{"floor":10,"key":"Weak Potion"},{"floor":14,"key":"Ancient Potion"}],"is_trial":false,"path_per_floor":["M","?","M","?","$","R","M","E","T","M","$","R","?","E","R","B"],"character_chosen":"HIEROPHANT","items_purchased":["hierophant:Charity","hierophant:ThreeLashes","HandOfGreed","Lee\u0027s Waffle","Strawberry"],"campfire_rested":0,"item_purchase_floors":[5,5,5,11,11],"current_hp_per_floor":[75,75,75,75,75,75,75,47,47,40,89,89,89,72,72,0,0],"gold":242,"neow_bonus":"THREE_ENEMY_KILL","is_daily":false,"chose_seed":false,"campfire_upgraded":3,"win_rate":0,"timestamp":1607613242,"path_taken":["M","?","?","?","$","R","M","E","T","?","$","R","?","E","R","BOSS"],"build_version":"2020-11-30","purchased_purges":2,"victory":false,"max_hp_per_floor":[75,75,75,75,75,75,75,75,75,75,89,89,89,89,89,89,89],"relic_stats":{"Lee\u0027s Waffle":42,"counters":[7,35],"Bag of Preparation":[2],"obtain_stats":[{"Lee\u0027s Waffle":11,"NeowsBlessing":0,"hierophant:PropheticMaskRelic":0,"Strawberry":11,"Bag of Preparation":14,"White Beast Statue":9,"Old Coin":8},{"Lee\u0027s Waffle":5,"NeowsBlessing":0,"hierophant:PropheticMaskRelic":0,"Strawberry":5,"Bag of Preparation":6,"White Beast Statue":4,"Old Coin":4},{"Lee\u0027s Waffle":12,"NeowsBlessing":0,"hierophant:PropheticMaskRelic":0,"Strawberry":12,"Bag of Preparation":23,"White Beast Statue":7,"Old Coin":7}]},"card_choices":[{"not_picked":["hierophant:OrnateBuckler","hierophant:MirrorShield"],"picked":"hierophant:RustyCrate","floor":1},{"not_picked":["hierophant:Exaltation","hierophant:Community","hierophant:Purify"],"picked":"SKIP","floor":3},{"not_picked":["hierophant:FieryStrike","hierophant:Flagellation"],"picked":"hierophant:Alms","floor":7},{"not_picked":["hierophant:Purify","hierophant:FlamingChariot"],"picked":"hierophant:RepressedViolence","floor":8},{"not_picked":["hierophant:Zeal","hierophant:Sermon","hierophant:EyeForCoin"],"picked":"SKIP","floor":10},{"not_picked":["hierophant:Shelter","hierophant:ThreeLashes"],"picked":"hierophant:Dazzle","floor":14}],"player_experience":803417,"relics_obtained":[{"floor":8,"key":"Old Coin"},{"floor":9,"key":"White Beast Statue"},{"floor":14,"key":"Bag of Preparation"}],"event_choices":[{"damage_healed":0,"gold_gain":275,"player_choice":"Desecrate","damage_taken":0,"max_hp_gain":0,"max_hp_loss":0,"event_name":"Golden Shrine","floor":2,"gold_loss":0,"cards_obtained":["Regret"]},{"damage_healed":0,"gold_gain":0,"player_choice":"2 cards matched","damage_taken":0,"max_hp_gain":0,"max_hp_loss":0,"event_name":"Match and Keep!","floor":4,"gold_loss":0,"cards_obtained":["hierophant:Sermon","hierophant:SealAway"]},{"damage_healed":0,"gold_gain":0,"player_choice":"Ignored","damage_taken":0,"max_hp_gain":0,"max_hp_loss":0,"event_name":"Liars Game","floor":13,"gold_loss":0}],"is_beta":false,"boss_relics":[],"items_purged_floors":[5,11],"is_endless":false,"potions_floor_spawned":[3,7,10,14],"killed_by":"Hexaghost","ascension_level":1}}