{"host":"nkq47b23w6g6esgi","time":1607579660,"event":{"gold_per_floor":[112,129,49,124,124,124,152,152,176,20,33,3,29,29,29,103,103,118,17,30,44,60,60,75,107,134,134,152,152,177,196,196,268,268,287,287,287,612,612,644,42,42,66,85,85,30,30,30,30,30],"floor_reached":51,"playtime":1684,"items_purged":["Strike_R","Berserk"],"score":1428,"play_id":"c7823e7b-3a1d-4fa5-a536-9f3af57388b2","local_time":"20201210145420","is_ascension_mode":true,"campfire_choices":[{"data":"Whirlwind","floor":6.0,"key":"SMITH"},{"data":"Battle Trance","floor":8.0,"key":"SMITH"},{"data":"Armaments","floor":15.0,"key":"SMITH"},{"floor":23.0,"key":"REST"},{"floor":32.0,"key":"REST"},{"floor":45.0,"key":"REST"},{"floor":47.0,"key":"DIG"},{"floor":49.0,"key":"DIG"}],"neow_cost":"NONE","seed_source_timestamp":0,"circlet_count":0,"master_deck":["AscendersBane","Strike_R","Strike_R","Strike_R","Defend_R","Defend_R","Defend_R","Bash","Whirlwind+1","Thunderclap","Battle Trance+1","Headbutt","Double Tap","Armaments+1","Ghostly Armor","Limit Break","Shrug It Off","Warcry+1","Seeing Red","J.A.X.","Flex","Shrug It Off+1","Trip","Battle Trance"],"special_seed":0,"relics":["Burning Blood","NeowsBlessing","MealTicket","Toy Ornithopter","Ancient Tea Set","Pen Nib","Fusion Hammer","Happy Flower","Juzu Bracelet","Bag of Preparation","Philosopher\u0027s Stone","Old Coin","Dead Branch","Shovel","Mummified Hand","Nunchaku","Mercury Hourglass","InkBottle","Strawberry"],"potions_floor_usage":[50],"damage_taken":[{"damage":0.0,"enemies":"Cultist","floor":1.0,"turns":1.0},{"damage":0.0,"enemies":"Jaw Worm","floor":2.0,"turns":1.0},{"damage":0.0,"enemies":"3 Sentries","floor":7.0,"turns":1.0},{"damage":0.0,"enemies":"2 Louse","floor":11.0,"turns":2.0},{"damage":15.0,"enemies":"Lagavulin","floor":13.0,"turns":4.0},{"damage":58.0,"enemies":"Slime Boss","floor":16.0,"turns":8.0},{"damage":22.0,"enemies":"2 Thieves","floor":18.0,"turns":3.0},{"damage":38.0,"enemies":"Shell Parasite","floor":20.0,"turns":5.0},{"damage":0.0,"enemies":"Sentry and Sphere","floor":21.0,"turns":3.0},{"damage":11.0,"enemies":"Centurion and Healer","floor":22.0,"turns":5.0},{"damage":17.0,"enemies":"Cultist and Chosen","floor":24.0,"turns":4.0},{"damage":24.0,"enemies":"Gremlin Leader","floor":25.0,"turns":6.0},{"damage":16.0,"enemies":"Snecko","floor":28.0,"turns":4.0},{"damage":20.0,"enemies":"Shelled Parasite and Fungi","floor":31.0,"turns":3.0},{"damage":21.0,"enemies":"Champ","floor":33.0,"turns":6.0},{"damage":22.0,"enemies":"Orb Walker","floor":35.0,"turns":4.0},{"damage":3.0,"enemies":"Mind Bloom Boss Battle","floor":38.0,"turns":4.0},{"damage":39.0,"enemies":"Reptomancer","floor":40.0,"turns":3.0},{"damage":0.0,"enemies":"3 Darklings","floor":44.0,"turns":3.0},{"damage":69,"enemies":"Time Eater","floor":50,"turns":6}],"seed_played":"4564506118397532651","potions_obtained":[{"floor":1.0,"key":"PowerPotion"},{"floor":2.0,"key":"PowerPotion"},{"floor":18.0,"key":"SteroidPotion"},{"floor":21.0,"key":"AttackPotion"},{"floor":25.0,"key":"AttackPotion"},{"floor":31.0,"key":"Regen Potion"},{"floor":40.0,"key":"Block Potion"}],"is_trial":false,"path_per_floor":["M","M","$","?","?","R","E","R","T","$","M","$","E","?","R","B",null,"M","$","M","M","M","R","M","E","T","?","M","?","T","M","R","B",null,"M","?","?","?","T","E","$","?","T","M","R","?","R","?","R","B",null],"character_chosen":"IRONCLAD","items_purchased":["Battle Trance","Double Tap","Armaments","Shrug It Off","FearPotion","Trip","Battle Trance","Mummified Hand"],"campfire_rested":3,"item_purchase_floors":[3,10,12,19,41,41,41,41],"current_hp_per_floor":[74,75,75,64,59,59,65,65,65,75,75,75,66,66,66,14,60,44,59,27,38,33,55,49,36,36,36,26,41,41,32,54,59,71,55,55,55,58,58,25,40,40,40,46,68,68,68,68,75,15],"gold":30,"neow_bonus":"THREE_ENEMY_KILL","is_prod":false,"is_daily":false,"chose_seed":false,"campfire_upgraded":3,"win_rate":0,"timestamp":1607579660,"path_taken":["M","?","$","?","?","R","E","R","T","$","M","$","E","?","R","BOSS","M","$","M","M","M","R","?","E","T","?","M","?","?","M","R","BOSS","M","?","?","?","?","E","?","?","T","M","R","?","R","?","R","BOSS"],"build_version":"2020-11-30","purchased_purges":2,"victory":true,"max_hp_per_floor":[75,75,75,75,75,75,75,75,75,75,75,75,75,75,75,75,75,75,75,75,75,75,75,75,75,75,75,75,75,75,75,75,75,75,75,75,75,75,75,75,75,75,75,75,75,75,75,71,78,78],"card_choices":[{"not_picked":["Body Slam","Havoc"],"picked":"Whirlwind","floor":1.0},{"not_picked":["Anger","Cleave"],"picked":"Thunderclap","floor":2.0},{"not_picked":["Clothesline","Metallicize"],"picked":"Headbutt","floor":7.0},{"not_picked":["Twin Strike","Hemokinesis","Carnage"],"picked":"SKIP","floor":11.0},{"not_picked":["Shrug It Off","Cleave"],"picked":"Ghostly Armor","floor":13.0},{"not_picked":["Demon Form","Bludgeon"],"picked":"Limit Break","floor":16.0},{"not_picked":["Pommel Strike","Searing Blow","Cleave"],"picked":"SKIP","floor":18.0},{"not_picked":["Iron Wave","Pommel Strike","Heavy Blade"],"picked":"SKIP","floor":20.0},{"not_picked":["Dark Embrace","Headbutt","Uppercut"],"picked":"SKIP","floor":21.0},{"not_picked":["Rampage","Dual Wield+1"],"picked":"Warcry+1","floor":22.0},{"not_picked":["Pommel Strike","Headbutt"],"picked":"Seeing Red","floor":24.0},{"not_picked":["Reaper","Wild Strike+1","Clothesline"],"picked":"SKIP","floor":25.0},{"not_picked":["Havoc","Headbutt"],"picked":"Flex","floor":28.0},{"not_picked":["Havoc","Clothesline","Wild Strike"],"picked":"SKIP","floor":31.0},{"not_picked":["Limit Break","Bludgeon"],"picked":"Berserk","floor":33.0},{"not_picked":["Sword Boomerang","Iron Wave"],"picked":"Shrug It Off+1","floor":35.0},{"not_picked":["Clash","Bloodletting","Flex"],"picked":"SKIP","floor":40.0},{"not_picked":["Dual Wield","Body Slam","Flex+1"],"picked":"SKIP","floor":44.0}],"player_experience":404834,"relics_obtained":[{"floor":7.0,"key":"Toy Ornithopter"},{"floor":9.0,"key":"Ancient Tea Set"},{"floor":13.0,"key":"Pen Nib"},{"floor":25.0,"key":"Happy Flower"},{"floor":26.0,"key":"Juzu Bracelet"},{"floor":30.0,"key":"Bag of Preparation"},{"floor":38.0,"key":"Old Coin"},{"floor":39.0,"key":"Dead Branch"},{"floor":40.0,"key":"Shovel"},{"floor":43.0,"key":"Nunchaku"},{"floor":47.0,"key":"InkBottle"},{"floor":49.0,"key":"Strawberry"}],"event_choices":[{"damage_healed":0.0,"max_hp_gain":0.0,"max_hp_loss":0.0,"gold_gain":75.0,"event_name":"World of Goop","player_choice":"Gather Gold","floor":4.0,"gold_loss":0.0,"damage_taken":11.0},{"damage_healed":0.0,"max_hp_gain":0.0,"max_hp_loss":0.0,"gold_gain":0.0,"event_name":"Scrap Ooze","player_choice":"Success","floor":5.0,"gold_loss":0.0,"damage_taken":5.0,"relics_obtained":["MealTicket"]},{"cards_removed":["Strike_R"],"damage_healed":0.0,"max_hp_gain":0.0,"max_hp_loss":0.0,"gold_gain":0.0,"event_name":"Purifier","player_choice":"Purged","floor":14.0,"gold_loss":0.0,"damage_taken":0.0},{"damage_healed":0.0,"max_hp_gain":0.0,"max_hp_loss":0.0,"gold_gain":0.0,"event_name":"Drug Dealer","player_choice":"Obtain J.A.X.","floor":27.0,"gold_loss":0.0,"damage_taken":0.0,"cards_obtained":["J.A.X."]},{"damage_healed":15.0,"max_hp_gain":0.0,"max_hp_loss":0.0,"gold_gain":0.0,"event_name":"The Library","player_choice":"Heal","floor":29.0,"gold_loss":0.0,"damage_taken":0.0},{"damage_healed":0.0,"max_hp_gain":0.0,"max_hp_loss":0.0,"gold_gain":0.0,"event_name":"Mysterious Sphere","player_choice":"Ignored","floor":36.0,"gold_loss":0.0,"damage_taken":0.0},{"damage_healed":0.0,"max_hp_gain":0.0,"max_hp_loss":0.0,"gold_gain":0.0,"event_name":"Tomb of Lord Red Mask","player_choice":"Ignored","floor":37.0,"gold_loss":0.0,"damage_taken":0.0},{"damage_healed":0.0,"max_hp_gain":0.0,"max_hp_loss":0.0,"gold_gain":0.0,"event_name":"MindBloom","player_choice":"Fight","floor":38.0,"gold_loss":0.0,"damage_taken":0.0},{"cards_removed":["Defend_R"],"damage_healed":0.0,"max_hp_gain":0.0,"max_hp_loss":0.0,"gold_gain":0.0,"event_name":"Falling","player_choice":"Removed Skill","floor":42.0,"gold_loss":0.0,"damage_taken":0.0},{"damage_healed":0.0,"max_hp_gain":0.0,"max_hp_loss":0.0,"gold_gain":0.0,"event_name":"WeMeetAgain","player_choice":"Paid Gold","floor":46.0,"gold_loss":55.0,"damage_taken":0.0,"relics_obtained":["Mercury Hourglass"]},{"damage_healed":0.0,"max_hp_gain":0.0,"max_hp_loss":4.0,"gold_gain":0.0,"event_name":"Winding Halls","player_choice":"Max HP","floor":48.0,"gold_loss":0.0,"damage_taken":0.0}],"is_beta":false,"boss_relics":[{"not_picked":["Tiny House","Mark of Pain"],"picked":"Fusion Hammer"},{"not_picked":["Velvet Choker","Black Star"],"picked":"Philosopher\u0027s Stone"}],"items_purged_floors":[19,41],"is_endless":false,"potions_floor_spawned":[1,2,7,18,21,25,31,40],"ascension_level":18}}