{"host":"1tl36azeqm6yhdgj","time":1607618828,"event":{"mods":["BaseMod","AchievementEnabler","Minty Spire (QoL Compilation)","StSLib","everything is the same but u backflip on backflip","The IronCluck"],"gold_per_floor":[210,228,228,246,262,291,291,291,291],"floor_reached":8,"playtime":239,"items_purged":[],"score":90,"play_id":"a71da63e-c502-45bc-962a-9b07cbd305f3","local_time":"20201210114708","is_ascension_mode":true,"campfire_choices":[{"data":"Limit Break","floor":7,"key":"SMITH"}],"circlet_count":0,"master_deck":["AscendersBane","Strike_R+1","Strike_R","Strike_R","Strike_R","Strike_R","Defend_R","Defend_R","Defend_R","Defend_R","Bash","Thunderclap+1","Limit Break+1","Flex","Spot Weakness","Feel No Pain"],"special_seed":0,"relics":["Burning Blood","Bottled Flame"],"acts_visited":["Exordium"],"potions_floor_usage":[6],"damage_taken":[{"damage":6.0,"enemies":"Cultist","floor":1.0,"turns":4.0},{"damage":12.0,"enemies":"Jaw Worm","floor":2.0,"turns":3.0},{"damage":6.0,"enemies":"2 Louse","floor":4.0,"turns":3.0},{"damage":0.0,"enemies":"Large Slime","floor":5.0,"turns":5.0},{"damage":20,"enemies":"Lagavulin","floor":6,"turns":7},{"damage":70,"enemies":"Gremlin Nob","floor":8,"turns":4}],"seed_played":"-6760913943153017223","potions_obtained":[{"floor":2.0,"key":"SpeedPotion"}],"is_trial":false,"path_per_floor":["M","M","?","M","M","E","R","E"],"character_chosen":"IRONCLAD","items_purchased":[],"campfire_rested":0,"item_purchase_floors":[],"current_hp_per_floor":[72,66,50,50,56,42,42,0,0],"gold":291,"neow_bonus":"HUNDRED_GOLD","is_daily":false,"chose_seed":false,"campfire_upgraded":1,"win_rate":0,"timestamp":1607618828,"path_taken":["M","?","?","M","M","E","R","E"],"build_version":"2020-11-30","purchased_purges":0,"victory":false,"max_hp_per_floor":[80,80,80,80,80,80,80,80,80],"card_choices":[{"not_picked":["Searing Blow","Heavy Blade"],"picked":"Thunderclap","floor":1.0},{"not_picked":["True Grit","Intimidate"],"picked":"Limit Break","floor":2.0},{"not_picked":["Warcry","Perfected Strike"],"picked":"Flex","floor":4.0},{"not_picked":["Power Through","Inflame"],"picked":"Spot Weakness","floor":5.0},{"not_picked":["True Grit","Perfected Strike"],"picked":"Feel No Pain","floor":6}],"player_experience":1903834,"relics_obtained":[{"floor":6,"key":"Bottled Flame"}],"event_choices":[{"damage_healed":0.0,"max_hp_gain":0.0,"max_hp_loss":0.0,"gold_gain":0.0,"event_name":"Shining Light","player_choice":"Entered Light","floor":3.0,"gold_loss":0.0,"damage_taken":16.0,"cards_upgraded":["Thunderclap","Strike_R"]}],"is_beta":false,"boss_relics":[],"items_purged_floors":[],"is_endless":false,"potions_floor_spawned":[2],"killed_by":"Gremlin Nob","ascension_level":11}}