{"host":"owox7x4ngjt9htcc","time":1607595016,"event":{"gold_per_floor":[114,129,144,159,174,204,204,219,219,18,33,33,33,63,63,163,163,178,193,208,223,238,277,277,277,302,317,267,306,31,46,46,155,155,170,36,36,1053,1068,1068,1068,1068,1143,19,37,76,76,115,115,115],"floor_reached":51,"playtime":1120,"items_purged":["Strike_P","Defend_P"],"score":907,"play_id":"b8c05983-3d86-45da-aa91-3f5d0a002d0c","local_time":"20201210191016","daily_mods":["Allstar","Vintage","Night Terrors"],"is_ascension_mode":false,"campfire_choices":[{"data":"Apotheosis","floor":7,"key":"SMITH"},{"data":"Secret Technique","floor":13,"key":"SMITH"},{"data":"Strike_P","floor":15,"key":"PURGE"},{"data":"Defend_P","floor":25,"key":"PURGE"},{"data":"Defend_P","floor":32,"key":"PURGE"},{"data":"Normality","floor":40,"key":"PURGE"},{"data":"Normality","floor":42,"key":"PURGE"},{"data":"Strike_P","floor":47,"key":"PURGE"},{"data":"Strike_P","floor":49,"key":"PURGE"}],"neow_cost":"","seed_source_timestamp":0,"circlet_count":0,"master_deck":["Defend_P","Eruption","Vigilance","Master of Strategy","The Bomb","Bandage Up","Apotheosis+1","Secret Technique+1","FlurryOfBlows","Mayhem+1","CutThroughFate","CrushJoints","Scrawl","InnerPeace","ThirdEye","FearNoEvil","Nirvana+1","DevaForm+1","PathToVictory","Flash of Steel","MentalFortress+1","PathToVictory","TalkToTheHand","Prostrate","Panache+1","Madness","Madness","LikeWater+1","Scrawl"],"special_seed":18606,"relics":["PureWater","Boot","Bronze Scales","GoldenEye","Smiling Mask","Darkstone Periapt","Torii","Eternal Feather","Frozen Egg 2","Ornamental Fan","Peace Pipe","Black Star","Potion Belt","Juzu Bracelet","Pantograph","Meat on the Bone","Bottled Flame","CeramicFish","Pen Nib","Damaru","Gremlin Horn","Bag of Marbles","MawBank","Lee\u0027s Waffle","StrikeDummy","VioletLotus","Art of War","Lantern","Shuriken","Mercury Hourglass","Mango","TheAbacus","Nunchaku","Happy Flower","Du-Vu Doll","Regal Pillow"],"potions_floor_usage":[21,23,23,23,23,48,50],"damage_taken":[{"damage":0,"enemies":"Cultist","floor":1,"turns":2},{"damage":0,"enemies":"2 Louse","floor":2,"turns":2},{"damage":0,"enemies":"Jaw Worm","floor":3,"turns":2},{"damage":7,"enemies":"Blue Slaver","floor":4,"turns":3},{"damage":7,"enemies":"Large Slime","floor":5,"turns":4},{"damage":0,"enemies":"Lagavulin","floor":6,"turns":4},{"damage":0,"enemies":"2 Fungi Beasts","floor":8,"turns":2},{"damage":0,"enemies":"Blue Slaver","floor":11,"turns":2},{"damage":16,"enemies":"Gremlin Nob","floor":14,"turns":4},{"damage":14,"enemies":"The Guardian","floor":16,"turns":7},{"damage":2,"enemies":"Chosen","floor":18,"turns":2},{"damage":12,"enemies":"Shell Parasite","floor":19,"turns":4},{"damage":8,"enemies":"Shelled Parasite and Fungi","floor":20,"turns":5},{"damage":21,"enemies":"Snake Plant","floor":21,"turns":3},{"damage":10,"enemies":"Snecko","floor":22,"turns":4},{"damage":29,"enemies":"Slavers","floor":23,"turns":5},{"damage":19,"enemies":"Cultist and Chosen","floor":27,"turns":4},{"damage":16,"enemies":"Book of Stabbing","floor":29,"turns":4},{"damage":0,"enemies":"Chosen and Byrds","floor":31,"turns":4},{"damage":8,"enemies":"Automaton","floor":33,"turns":6},{"damage":8,"enemies":"Orb Walker","floor":35,"turns":4},{"damage":54,"enemies":"3 Darklings","floor":39,"turns":4},{"damage":6,"enemies":"Giant Head","floor":46,"turns":5},{"damage":1,"enemies":"Nemesis","floor":48,"turns":5},{"damage":30,"enemies":"Time Eater","floor":50,"turns":5}],"seed_played":"8996604888150855735","potions_obtained":[{"floor":1,"key":"EssenceOfSteel"},{"floor":2,"key":"StancePotion"},{"floor":6,"key":"PowerPotion"},{"floor":8,"key":"DistilledChaos"},{"floor":19,"key":"Fire Potion"},{"floor":20,"key":"StancePotion"},{"floor":21,"key":"Swift Potion"},{"floor":31,"key":"SpeedPotion"},{"floor":33,"key":"PowerPotion"}],"is_trial":false,"path_per_floor":["M","M","M","M","M","E","R","M","T","$","M","$","R","E","R","B",null,"M","M","M","M","M","E","?","R","T","M","$","E","$","M","R","B",null,"M","$","?","?","M","R","?","R","T","$","?","E","R","E","R","B",null],"character_chosen":"WATCHER","items_purchased":["Mayhem+1","CutThroughFate","FearNoEvil","Lee\u0027s Waffle","Nirvana+1","PathToVictory","SashWhip","Flash of Steel","MentalFortress+1","PathToVictory","TalkToTheHand","Mercury Hourglass","Mango","TheAbacus","Prostrate","Panache+1"],"campfire_rested":0,"item_purchase_floors":[10,10,30,30,30,36,36,36,44,44,44,44,44,44,44,44],"current_hp_per_floor":[72,72,72,65,64,70,70,70,70,70,72,72,72,62,71,62,72,70,64,62,47,43,32,32,44,44,43,43,45,79,79,79,77,79,72,72,72,84,46,61,61,73,73,87,74,74,92,95,105,81],"gold":115,"neow_bonus":"","is_prod":false,"is_daily":true,"chose_seed":false,"campfire_upgraded":2,"win_rate":0,"timestamp":1607595016,"path_taken":["M","M","M","M","M","E","R","M","T","$","M","$","R","E","R","BOSS","M","M","M","M","M","E","?","R","T","M","$","E","$","M","R","BOSS","M","$","?","?","M","R","?","R","T","$","?","E","R","E","R","BOSS"],"build_version":"2020-11-30","purchased_purges":2,"victory":true,"max_hp_per_floor":[72,72,72,72,72,72,72,72,72,72,72,72,72,72,72,72,72,72,72,72,72,72,72,72,72,72,72,72,72,79,79,79,79,79,79,79,79,91,91,91,91,91,91,105,105,105,105,105,105,105],"card_choices":[{"not_picked":["Consecrate","Collect"],"picked":"FlurryOfBlows","floor":6},{"not_picked":["WreathOfFlame","Swivel"],"picked":"CrushJoints","floor":14},{"not_picked":["ConjureBlade","Judgement"],"picked":"Scrawl","floor":16},{"not_picked":["Halt","Perseverance"],"picked":"InnerPeace","floor":23},{"not_picked":["InnerPeace","DeceiveReality"],"picked":"ThirdEye","floor":29},{"not_picked":["DeusExMachina","Wish"],"picked":"DevaForm+1","floor":33},{"not_picked":["Wireheading+1","CutThroughFate"],"picked":"LikeWater+1","floor":46},{"not_picked":["CarveReality+1","Swivel+1"],"picked":"Scrawl","floor":48}],"player_experience":832980,"relics_obtained":[{"floor":1,"key":"Boot"},{"floor":2,"key":"Bronze Scales"},{"floor":3,"key":"GoldenEye"},{"floor":4,"key":"Smiling Mask"},{"floor":5,"key":"Darkstone Periapt"},{"floor":6,"key":"Torii"},{"floor":8,"key":"Eternal Feather"},{"floor":9,"key":"Frozen Egg 2"},{"floor":11,"key":"Ornamental Fan"},{"floor":14,"key":"Peace Pipe"},{"floor":18,"key":"Potion Belt"},{"floor":19,"key":"Juzu Bracelet"},{"floor":20,"key":"Pantograph"},{"floor":21,"key":"Meat on the Bone"},{"floor":22,"key":"Bottled Flame"},{"floor":23,"key":"CeramicFish"},{"floor":23,"key":"Pen Nib"},{"floor":26,"key":"Damaru"},{"floor":27,"key":"Gremlin Horn"},{"floor":29,"key":"Bag of Marbles"},{"floor":29,"key":"MawBank"},{"floor":31,"key":"StrikeDummy"},{"floor":35,"key":"Art of War"},{"floor":39,"key":"Lantern"},{"floor":43,"key":"Shuriken"},{"floor":46,"key":"Nunchaku"},{"floor":46,"key":"Happy Flower"},{"floor":48,"key":"Du-Vu Doll"},{"floor":48,"key":"Regal Pillow"}],"event_choices":[{"damage_healed":0,"gold_gain":0,"player_choice":"Ignored","damage_taken":0,"max_hp_gain":0,"max_hp_loss":0,"event_name":"Cursed Tome","floor":24,"gold_loss":0},{"damage_healed":0,"gold_gain":0,"player_choice":"Memory 1","damage_taken":0,"max_hp_gain":0,"max_hp_loss":0,"event_name":"SensoryStone","floor":37,"gold_loss":0},{"damage_healed":0,"gold_gain":999,"player_choice":"Gold","damage_taken":0,"max_hp_gain":0,"max_hp_loss":0,"event_name":"MindBloom","floor":38,"gold_loss":0,"cards_obtained":["Normality","Normality"]},{"cards_removed":["SashWhip"],"damage_healed":0,"gold_gain":0,"player_choice":"Removed Attack","damage_taken":0,"max_hp_gain":0,"max_hp_loss":0,"event_name":"Falling","floor":41,"gold_loss":0},{"damage_healed":0,"gold_gain":0,"player_choice":"Embrace Madness","damage_taken":13,"max_hp_gain":0,"max_hp_loss":0,"event_name":"Winding Halls","floor":45,"gold_loss":0,"cards_obtained":["Madness","Madness"]}],"is_beta":false,"boss_relics":[{"not_picked":["Cursed Key","Runic Dome"],"picked":"Black Star"},{"not_picked":["SacredBark","Astrolabe"],"picked":"VioletLotus"}],"items_purged_floors":[28,44],"is_endless":false,"potions_floor_spawned":[1,2,6,8,14,19,20,21,31,33],"ascension_level":0}}