{"host":"ecaj4hn004xnnrw9","time":1607560109,"event":{"gold_per_floor":[117,128,139,155,47,78,78,113,113,127,157,157,189,199,199,199,199],"floor_reached":16,"playtime":520,"items_purged":["Strike_R"],"score":165,"play_id":"f54469bd-d7be-4589-95ef-bc3c64f4a451","local_time":"20201210002829","is_ascension_mode":true,"campfire_choices":[{"data":"Bash","floor":7,"key":"SMITH"},{"data":"ReplayTheSpireMod:Muscle Training","floor":12,"key":"SMITH"},{"data":"Heavy Blade","floor":15,"key":"SMITH"}],"neow_cost":"NONE","seed_source_timestamp":32805117435900,"circlet_count":0,"master_deck":["Strike_R","Strike_R","Strike_R","Strike_R","Defend_R","Defend_R","Defend_R","Defend_R","Bash+1","Sword Boomerang","Battle Trance","Wild Strike","Heavy Blade+1","Iron Wave","Iron Wave","Pummel","Shrug It Off","ReplayTheSpireMod:Muscle Training+1","Feed","Clothesline","Twin Strike"],"relics":["Burning Blood","NeowsBlessing","ReplayTheSpireMod:Lightbulb","ReplayTheSpireMod:Shallot","Replay:Bottled Snecko","Replay:Bottled Flurry","Bag of Marbles"],"potions_floor_usage":[6,6,11,13],"damage_taken":[{"damage":0,"enemies":"Cultist","floor":1,"turns":1},{"damage":0,"enemies":"2 Louse","floor":2,"turns":1},{"damage":0,"enemies":"Jaw Worm","floor":3,"turns":1},{"damage":22,"enemies":"Lots of Slimes","floor":4,"turns":4},{"damage":30,"enemies":"Lagavulin","floor":6,"turns":4},{"damage":15,"enemies":"Gremlin Nob","floor":8,"turns":4},{"damage":0,"enemies":"Looter","floor":10,"turns":2},{"damage":18,"enemies":"Lagavulin","floor":11,"turns":4},{"damage":6,"enemies":"3 Sentries","floor":13,"turns":5},{"damage":1,"enemies":"Exordium Wildlife","floor":14,"turns":2},{"damage":33,"enemies":"The Guardian","floor":16,"turns":7}],"seed_played":"-6817810355750025668","potions_obtained":[{"floor":1,"key":"SpeedPotion"},{"floor":3,"key":"Adrenaline Potion"},{"floor":4,"key":"Strength Potion"},{"floor":11,"key":"Strength Potion"}],"is_trial":false,"path_per_floor":["M","M","M","M","$","E","R","E","T","M","E","R","E","M","R","B"],"character_chosen":"IRONCLAD","items_purchased":["Iron Wave"],"campfire_rested":0,"item_purchase_floors":[5],"current_hp_per_floor":[80,80,80,64,64,40,40,31,31,37,25,25,28,33,33,0,0],"gold":199,"neow_bonus":"THREE_ENEMY_KILL","is_prod":false,"is_daily":false,"chose_seed":false,"campfire_upgraded":3,"win_rate":0,"timestamp":1607560109,"path_taken":["M","?","M","M","$","E","R","E","T","M","E","R","E","?","R","BOSS"],"build_version":"2020-11-30","purchased_purges":1,"victory":false,"max_hp_per_floor":[80,80,80,80,80,80,80,80,80,80,80,80,83,83,83,83,83],"card_choices":[{"not_picked":["Reckless Charge","Intimidate"],"picked":"Sword Boomerang","floor":1},{"not_picked":["Dropkick","Seeing Red"],"picked":"Battle Trance","floor":2},{"not_picked":["Clash","Replay:Undeath\u0027s Touch"],"picked":"Wild Strike","floor":3},{"not_picked":["Perfected Strike","Havoc"],"picked":"Heavy Blade","floor":4},{"not_picked":["Corruption","Flex"],"picked":"Pummel","floor":6},{"not_picked":["Rage","Body Slam"],"picked":"Shrug It Off","floor":8},{"not_picked":["Pommel Strike","Thunderclap"],"picked":"ReplayTheSpireMod:Muscle Training","floor":10},{"not_picked":["Wild Strike","Power Through"],"picked":"Feed","floor":11},{"not_picked":["Iron Wave","ReplayReversal"],"picked":"Clothesline","floor":13},{"not_picked":["Shockwave","ReplayTheSpireMod:Stacked"],"picked":"Twin Strike","floor":14}],"player_experience":143906,"relics_obtained":[{"floor":6,"key":"ReplayTheSpireMod:Lightbulb"},{"floor":8,"key":"ReplayTheSpireMod:Shallot"},{"floor":9,"key":"Replay:Bottled Snecko"},{"floor":11,"key":"Replay:Bottled Flurry"},{"floor":13,"key":"Bag of Marbles"}],"event_choices":[],"is_beta":false,"boss_relics":[],"items_purged_floors":[5],"is_endless":false,"potions_floor_spawned":[1,3,4,11],"killed_by":"The Guardian","ascension_level":5}}