{"host":"g4jqqbmo30rq7cal","time":1607623935,"event":{"gold_per_floor":[112,168,92,92,17,32,51,85,112,136,154,172,40,56,56,161,211,223,193,223,139,156,156,8,37,37,66,66,80,80,20,20,20,20],"floor_reached":33,"playtime":1334,"items_purged":["Nirvana+1"],"score":308,"play_id":"a46a15d9-5951-4c16-ab23-688d2bfccd0e","local_time":"20201210231215","is_ascension_mode":false,"campfire_choices":[{"floor":15,"key":"REST"},{"floor":23,"key":"RECALL"},{"floor":28,"key":"REST"},{"floor":30,"key":"REST"},{"data":"Alpha","floor":32,"key":"SMITH"}],"neow_cost":"NONE","seed_source_timestamp":115287161700500,"circlet_count":0,"master_deck":["Strike_P","Strike_P","Strike_P+1","Strike_P+1","Defend_P","Defend_P","Defend_P","Defend_P+1","Eruption+1","Vigilance+1","Prostrate","LessonLearned+1","Metamorphosis+1","Mayhem+1","Metamorphosis+1","BattleHymn","Evaluate+1","CrushJoints+1","BattleHymn","SashWhip","EmptyBody","Alpha+1","SashWhip","EmptyBody","CrushJoints+1","Crescendo","ClearTheMind+1","ThirdEye+1","DevaForm"],"relics":["PureWater","HushsDoor","Leech","DeadEye","MerchantsRug","GuppysHead","Thread and Needle","Tiny Chest","Blood Vial","Damocles","GuppysHead","Letter Opener","Boot"],"potions_floor_usage":[16,16,16,19,20,22,25,27,27,27,27,27,27,27],"damage_taken":[{"damage":0,"enemies":"2 Louse","floor":1,"turns":2},{"damage":0,"enemies":"Cultist","floor":6,"turns":3},{"damage":10,"enemies":"Small Slimes","floor":7,"turns":4},{"damage":2,"enemies":"Lagavulin","floor":8,"turns":6},{"damage":0,"enemies":"Exordium Wildlife","floor":11,"turns":3},{"damage":0,"enemies":"2 Fungi Beasts","floor":12,"turns":3},{"damage":17,"enemies":"Gremlin Gang","floor":14,"turns":4},{"damage":21,"enemies":"Hexaghost","floor":16,"turns":6},{"damage":6,"enemies":"3 Byrds","floor":18,"turns":5},{"damage":21,"enemies":"conspire:MimicChest","floor":20,"turns":6},{"damage":2,"enemies":"2 Thieves","floor":22,"turns":3},{"damage":41,"enemies":"Slavers","floor":25,"turns":6},{"damage":0,"enemies":"Gremlin Leader","floor":27,"turns":3},{"damage":5,"enemies":"Snake Plant","floor":29,"turns":3},{"damage":5,"enemies":"Collector","floor":33,"turns":2}],"seed_played":"-5650168985831296805","potions_obtained":[{"floor":1,"key":"SpeedPotion"},{"floor":6,"key":"LiquidMemories"},{"floor":11,"key":"PowerPotion"},{"floor":14,"key":"ColorlessPotion"},{"floor":17,"key":"EssenceOfSteel"},{"floor":19,"key":"Fruit Juice"},{"floor":19,"key":"Block Potion"},{"floor":20,"key":"DistilledChaos"},{"floor":25,"key":"EntropicBrew"}],"is_trial":false,"path_per_floor":["M","?","$","?","$","M","M","E","T","T","M","M","$","M","R","B",null,"M","?","?","$","M","R","$","E","T","E","R","M","R","$","R","B"],"character_chosen":"WATCHER","items_purchased":["LessonLearned","BattleHymn","MerchantsRug","GuppysHead","Tiny Chest","Blood Vial","DevaForm"],"campfire_rested":3,"item_purchase_floors":[3,5,13,17,21,24,31],"current_hp_per_floor":[72,57,57,57,57,59,52,55,55,55,57,59,59,46,67,51,62,57,62,46,46,47,47,47,13,13,18,38,37,57,57,57,0,0],"gold":20,"neow_bonus":"UPGRADE_CARD","is_prod":false,"is_daily":false,"chose_seed":false,"campfire_upgraded":1,"win_rate":0.0,"timestamp":1607623935,"path_taken":["M","?","$","?","?","M","M","E","T","?","?","M","?","M","R","BOSS","M","?","?","?","M","R","$","E","T","E","R","M","R","$","R","BOSS"],"build_version":"2020-11-30","purchased_purges":1,"victory":false,"max_hp_per_floor":[72,72,72,72,72,72,72,72,72,72,72,72,72,72,72,72,62,62,67,67,67,67,67,67,67,67,67,67,67,67,67,67,67,67],"card_choices":[{"not_picked":["BowlingBash","Crescendo"],"picked":"Prostrate","floor":1},{"not_picked":["Master of Strategy+1","BloodyBrimstone+1"],"picked":"Metamorphosis+1","floor":4},{"not_picked":["Secret Technique+1","SuicideKing"],"picked":"Mayhem+1","floor":4},{"not_picked":["Violence+1","Transmutation+1"],"picked":"Metamorphosis+1","floor":4},{"not_picked":["FollowUp","TalkToTheHand"],"picked":"Nirvana","floor":6},{"not_picked":["CrushJoints","PathToVictory"],"picked":"Evaluate","floor":7},{"not_picked":["EmptyBody","EmptyFist"],"picked":"CrushJoints","floor":8},{"not_picked":["EmptyMind","WreathOfFlame"],"picked":"BattleHymn","floor":11},{"not_picked":["Halt","Evaluate"],"picked":"SashWhip","floor":12},{"not_picked":["Worship","BattleHymn"],"picked":"EmptyBody","floor":14},{"not_picked":["Brilliance","Devotion"],"picked":"Alpha","floor":16},{"not_picked":["Conclude","WheelKick"],"picked":"SashWhip","floor":17},{"not_picked":["FlyingSleeves","FlurryOfBlows+1"],"picked":"EmptyBody","floor":18},{"not_picked":["CutThroughFate","EmptyBody"],"picked":"CrushJoints","floor":20},{"not_picked":["PathToVictory","EmptyFist"],"picked":"Crescendo","floor":22},{"not_picked":["Ragnarok","Fasting2","Crescendo+1"],"picked":"SKIP","floor":25},{"not_picked":["Weave","DevaForm"],"picked":"ClearTheMind+1","floor":27},{"not_picked":["WheelKick","Halt"],"picked":"ThirdEye+1","floor":29}],"player_experience":283641,"relics_obtained":[{"floor":8,"key":"Orichalcum"},{"floor":9,"key":"DeadEye"},{"floor":20,"key":"Thread and Needle"},{"floor":25,"key":"Diplopia"},{"floor":26,"key":"Damocles"},{"floor":27,"key":"Letter Opener"},{"floor":27,"key":"Boot"},{"floor":29,"key":"Whetstone"}],"event_choices":[{"damage_healed":0,"gold_gain":0,"player_choice":"3","damage_taken":0,"max_hp_gain":0,"max_hp_loss":0,"event_name":"betterMatch:BetterMatch","floor":4,"gold_loss":0,"cards_obtained":["betterMatch:ColorlessRareCard"]},{"damage_healed":0,"gold_gain":0,"player_choice":"Bought 2 Potions","damage_taken":0,"max_hp_gain":0,"max_hp_loss":0,"event_name":"The Woman in Blue","floor":19,"gold_loss":0}],"is_beta":false,"boss_relics":[{"not_picked":["Ectoplasm","conspire:SlowCooker"],"picked":"Tiny House"},{"not_picked":[]}],"items_purged_floors":[17],"is_endless":false,"potions_floor_spawned":[1,6,11,14,20,25],"killed_by":"Collector","ascension_level":0}}