{"host":"jr9f8lmgw9kaplsw","time":1607582856,"event":{"gold_per_floor":[114,114,114,114,129,159,9,9,9,84,99,114,114,129,129,229,229,244,244,259,271,283,295,622,634,671,683,545,575,325,340,340,440,540,555,72,0,0,15,15,30,30,105,105,120,120,135,135,135,135],"floor_reached":51,"playtime":1643,"items_purged":[],"score":788,"play_id":"cc11ae02-deb0-457d-91a8-001d227c2adc","local_time":"20201210014736","daily_mods":["Allstar","Vintage","Night Terrors"],"is_ascension_mode":false,"campfire_choices":[{"data":"Bash","floor":8.0,"key":"SMITH"},{"data":"Panache","floor":15.0,"key":"SMITH"},{"data":"Panache","floor":23.0,"key":"SMITH"},{"data":"J.A.X.","floor":27.0,"key":"SMITH"},{"floor":32,"key":"REST"},{"data":"ReplayTheSpireMod:Brewmster","floor":40,"key":"SMITH"},{"floor":42,"key":"REST"},{"floor":49,"key":"DIG"}],"neow_cost":"","seed_source_timestamp":0,"circlet_count":0,"master_deck":["Strike_R","Strike_R","Strike_R","Strike_R","Defend_R","Defend_R+1","Defend_R","Defend_R","Bash+1","Panache+1","Discovery+1","Panache+1","Metamorphosis","Regret","Wild Strike","Thunderclap","Double Tap","J.A.X.+1","Cleave","Offering","ReplayTheSpireMod:Brewmster+1","Infernal Blade+1"],"special_seed":18606,"relics":["Burning Blood","Replay:Baseball","Du-Vu Doll","Pear","Replay:Bottled Snecko","Red Skull","Toolbox","hubris:DeckOfHolding","Replay:Rubber Ducky","War Paint","hubris:IronBody","hubris:Backtick","Mummified Hand","hubris:Potato","MawBank","Old Coin","Dream Catcher","Blood Vial","hubris:EmptyBottle","hubris:TinFlute","Pantograph","WingedGreaves","Replay:Wanted Poster","Question Card","Durian","Red Mask","Onion Ring","Another Sword","Replay:Bottled Flurry","Replay:Bottled Eggs","Bag of Preparation","Golden Egg","hubris:BottledRain"],"potions_floor_usage":[31,33,39,39,50,50,50,50,50,50,50,50,50,50,50,50],"damage_taken":[{"damage":0.0,"enemies":"Cultist","floor":1.0,"turns":3.0},{"damage":0.0,"enemies":"2 Louse","floor":5.0,"turns":2.0},{"damage":31.0,"enemies":"Gremlin Nob","floor":6.0,"turns":4.0},{"damage":7.0,"enemies":"Jaw Worm","floor":11.0,"turns":2.0},{"damage":0.0,"enemies":"Blue Slaver","floor":12.0,"turns":1.0},{"damage":12.0,"enemies":"Large Slime","floor":14.0,"turns":5.0},{"damage":21.0,"enemies":"Fading Forest","floor":16.0,"turns":11.0},{"damage":1.0,"enemies":"Chosen","floor":18.0,"turns":4.0},{"damage":9.0,"enemies":"Shell Parasite","floor":20.0,"turns":3.0},{"damage":4.0,"enemies":"Shelled Parasite and Fungi","floor":24.0,"turns":3.0},{"damage":24.0,"enemies":"Slavers","floor":29.0,"turns":4.0},{"damage":15,"enemies":"Snake Plant","floor":31,"turns":3},{"damage":70,"enemies":"Automaton","floor":33,"turns":8},{"damage":31,"enemies":"3 Darklings","floor":35,"turns":4},{"damage":5,"enemies":"Orb Walker","floor":39,"turns":2},{"damage":39,"enemies":"Spire Growth","floor":41,"turns":4},{"damage":2,"enemies":"Writhing Mass","floor":45,"turns":3},{"damage":0,"enemies":"3 Darklings","floor":47,"turns":4},{"damage":59,"enemies":"Time Eater","floor":50,"turns":7}],"seed_played":"8996604888150855735","potions_obtained":[{"floor":1.0,"key":"Regen Potion"},{"floor":12.0,"key":"SkillPotion"},{"floor":14.0,"key":"Weak Potion"},{"floor":16.0,"key":"Doom Potion"},{"floor":33,"key":"Dexterity Potion"},{"floor":35,"key":"Death Potion"},{"floor":38,"key":"Adrenaline Potion"},{"floor":41,"key":"Milkshake"}],"is_trial":false,"path_per_floor":["M","?","?","?","M","E","$","R","T","?","M","M","?","M","R","B",null,"M","?","M","?","?","R","M","?","T","R","$","E","$","M","R","B",null,"M","$","?","?","M","R","M","R","T","?","M","?","M","T","R_BF","B",null],"character_chosen":"IRONCLAD","items_purchased":["Toolbox","hubris:EmptyBottle","Pantograph","ReplayTheSpireMod:Brewmster","Durian"],"campfire_rested":2,"item_purchase_floors":[7,28,30,36,36],"current_hp_per_floor":[80,73,73,76,82,57,57,57,57,46,45,51,51,45,45,45,90,90,90,87,87,87,87,89,89,89,89,89,72,72,65,85,21,85,60,65,65,65,68,68,37,85,85,85,85,95,95,95,95,42],"gold":135,"neow_bonus":"","is_prod":false,"is_daily":true,"chose_seed":false,"campfire_upgraded":5,"win_rate":0,"timestamp":1607582856,"path_taken":["M","?","?","?","M","E","?","R","T","?","M","?","?","M","R","BOSS","M","?","M","?","?","R","M","?","T","R","$","E","$","M","R","BOSS","M","$","?","?","M","R","?","R","T","?","?","?","?","?","R_BF","BOSS"],"build_version":"2020-11-30","purchased_purges":0,"victory":true,"max_hp_per_floor":[80,80,80,90,90,90,90,90,90,90,90,90,90,90,90,90,90,90,90,90,90,90,90,90,90,90,90,90,90,90,90,85,85,85,85,90,90,90,90,90,90,85,85,85,85,95,95,95,95,95],"card_choices":[{"not_picked":["Twin Strike","Intimidate"],"picked":"Wild Strike","floor":6.0},{"not_picked":["Brutality","Fiend Fire"],"picked":"Double Tap","floor":16.0},{"not_picked":["Body Slam+1","Warcry"],"picked":"Cleave","floor":29.0},{"not_picked":["Feed","Exhume"],"picked":"Offering","floor":33},{"not_picked":["Heavy Blade","Thunderclap+1","Pummel+1"],"picked":"Infernal Blade+1","floor":42}],"player_experience":2763504,"relics_obtained":[{"floor":1.0,"key":"Replay:Baseball"},{"floor":5.0,"key":"Replay:Bottled Snecko"},{"floor":6.0,"key":"Red Skull"},{"floor":9.0,"key":"hubris:DeckOfHolding"},{"floor":11.0,"key":"Replay:Rubber Ducky"},{"floor":12.0,"key":"War Paint"},{"floor":14.0,"key":"hubris:IronBody"},{"floor":18.0,"key":"hubris:Potato"},{"floor":20.0,"key":"MawBank"},{"floor":24.0,"key":"Old Coin"},{"floor":26.0,"key":"Blood Vial"},{"floor":29.0,"key":"hubris:TinFlute"},{"floor":31,"key":"WingedGreaves"},{"floor":35,"key":"Question Card"},{"floor":39,"key":"Onion Ring"},{"floor":41,"key":"Another Sword"},{"floor":43,"key":"Replay:Bottled Flurry"},{"floor":45,"key":"Replay:Bottled Eggs"},{"floor":47,"key":"Bag of Preparation"},{"floor":48,"key":"Golden Egg"},{"floor":49,"key":"hubris:BottledRain"}],"event_choices":[{"cards_removed":["Strike_R"],"damage_healed":0.0,"max_hp_gain":0.0,"max_hp_loss":0.0,"gold_gain":0.0,"event_name":"Golden Wing","player_choice":"Card Removal","floor":2.0,"gold_loss":0.0,"damage_taken":7.0},{"damage_healed":0.0,"max_hp_gain":0.0,"max_hp_loss":0.0,"gold_gain":0.0,"event_name":"Big Fish","player_choice":"Box","floor":3.0,"gold_loss":0.0,"damage_taken":0.0,"relics_obtained":["Du-Vu Doll"],"cards_obtained":["Regret"]},{"damage_healed":0.0,"max_hp_gain":0.0,"max_hp_loss":0.0,"gold_gain":0.0,"event_name":"Scrap Ooze","player_choice":"Success","floor":4.0,"gold_loss":0.0,"damage_taken":7.0,"relics_obtained":["Pear"]},{"damage_healed":0.0,"max_hp_gain":0.0,"max_hp_loss":0.0,"gold_gain":75.0,"event_name":"World of Goop","player_choice":"Gather Gold","floor":10.0,"gold_loss":0.0,"damage_taken":11.0},{"damage_healed":0.0,"max_hp_gain":0.0,"max_hp_loss":0.0,"gold_gain":0.0,"event_name":"Beggar","player_choice":"Ignored","floor":19.0,"gold_loss":0.0,"damage_taken":0.0},{"damage_healed":0.0,"max_hp_gain":0.0,"max_hp_loss":0.0,"gold_gain":0.0,"event_name":"Drug Dealer","player_choice":"Obtain J.A.X.","floor":21.0,"gold_loss":0.0,"damage_taken":0.0,"cards_obtained":["J.A.X."]},{"damage_healed":0.0,"max_hp_gain":0.0,"max_hp_loss":0.0,"gold_gain":0.0,"event_name":"The Mausoleum","player_choice":"Opened","floor":25.0,"gold_loss":0.0,"damage_taken":0.0,"relics_obtained":["Dream Catcher"]},{"damage_healed":0,"gold_gain":0,"player_choice":"Paid","damage_taken":0,"relics_obtained":["Red Mask"],"max_hp_gain":0,"max_hp_loss":0,"event_name":"Tomb of Lord Red Mask","floor":37,"gold_loss":72},{"damage_healed":0,"gold_gain":0,"player_choice":"Got Potions","damage_taken":0,"max_hp_gain":0,"max_hp_loss":0,"event_name":"Lab","floor":38,"gold_loss":0},{"damage_healed":0,"gold_gain":0,"player_choice":"Ignored","damage_taken":0,"max_hp_gain":0,"max_hp_loss":0,"event_name":"SecretPortal","floor":44,"gold_loss":0},{"cards_removed":["ReplayTheSpireMod:Necrogeddon"],"damage_healed":0,"gold_gain":0,"player_choice":"Offered Rare","damage_taken":0,"max_hp_gain":10,"max_hp_loss":0,"event_name":"Bonfire Elementals","floor":46,"gold_loss":0}],"is_beta":false,"boss_relics":[{"not_picked":["SlaversCollar","SacredBark"],"picked":"hubris:Backtick"},{"not_picked":["Coffee Dripper","Sozu"],"picked":"Replay:Wanted Poster"}],"items_purged_floors":[],"is_endless":false,"potions_floor_spawned":[1,12,14,16,24,33,35,41],"ascension_level":0}}