{"host":"d8hh7rr4yzitjeuj","time":1607570600,"event":{"gold_per_floor":[110,110,260,278,13,41,41,66,66,104,114,198,260,287,287,364,364,375,650,685,133,133,159,159,84,110,126,164,164,180,180,180,256,256,268,48,48,24,38,72,72,113,113,113,113,132,149,149,149,149,149],"floor_reached":50,"playtime":1513,"items_purged":["Doubt","Regret"],"score":1120,"play_id":"1cf5b7f7-e685-4854-9a11-e5133e3e6f4a","local_time":"20201210122320","is_ascension_mode":true,"campfire_choices":[{"data":"HandOfGreed","floor":7.0,"key":"SMITH"},{"data":"Beam Cell","floor":15.0,"key":"SMITH"},{"floor":24.0,"key":"REST"},{"floor":29.0,"key":"REST"},{"floor":32.0,"key":"REST"},{"floor":41.0,"key":"REST"},{"floor":49,"key":"RECALL"}],"neow_cost":"NONE","seed_source_timestamp":0,"circlet_count":0,"master_deck":["AscendersBane","Strike_B","Strike_B","Strike_B","Strike_B","Defend_B","Defend_B","Defend_B","Defend_B","Zap","Dualcast","Rip and Tear","Gash","HandOfGreed+1","Electrodynamics","Beam Cell+1","Leap","Reprogram","Compile Driver","All For One","CurseOfTheBell","Rebound","Turbo","Conserve Battery","Steam","Gash","Sweeping Beam+1","Go for the Eyes","Recycle+1","Stack+1","Meteor Strike","Coolheaded+1","Turbo+1","Hyperbeam","Rebound","Hologram+1","Sweeping Beam","Sweeping Beam","Loop","Compile Driver"],"special_seed":0,"relics":["Cracked Core","NeowsBlessing","Du-Vu Doll","Juzu Bracelet","Toy Ornithopter","Potion Belt","Kunai","Calling Bell","Akabeko","Mummified Hand","Dead Branch","Matryoshka","Vajra","Ornamental Fan","Toxic Egg 2","Centennial Puzzle","PreservedInsect","Philosopher\u0027s Stone","OrangePellets","Girya","Bottled Lightning"],"potions_floor_usage":[47],"damage_taken":[{"damage":0.0,"enemies":"Small Slimes","floor":1.0,"turns":1.0},{"damage":0.0,"enemies":"2 Louse","floor":4.0,"turns":1.0},{"damage":0.0,"enemies":"Gremlin Nob","floor":6.0,"turns":1.0},{"damage":2.0,"enemies":"Jaw Worm","floor":10.0,"turns":2.0},{"damage":5.0,"enemies":"3 Louse","floor":11.0,"turns":2.0},{"damage":15.0,"enemies":"3 Sentries","floor":12.0,"turns":6.0},{"damage":5.0,"enemies":"Exordium Thugs","floor":13.0,"turns":5.0},{"damage":8.0,"enemies":"Gremlin Nob","floor":14.0,"turns":3.0},{"damage":32.0,"enemies":"Slime Boss","floor":16.0,"turns":8.0},{"damage":0.0,"enemies":"Chosen","floor":18.0,"turns":3.0},{"damage":31.0,"enemies":"Shell Parasite","floor":20.0,"turns":5.0},{"damage":19.0,"enemies":"Book of Stabbing","floor":23.0,"turns":4.0},{"damage":20.0,"enemies":"Cultist and Chosen","floor":27.0,"turns":4.0},{"damage":1.0,"enemies":"Centurion and Healer","floor":28.0,"turns":2.0},{"damage":13.0,"enemies":"Snake Plant","floor":30.0,"turns":3.0},{"damage":53.0,"enemies":"Automaton","floor":33.0,"turns":10.0},{"damage":14.0,"enemies":"3 Darklings","floor":35.0,"turns":5.0},{"damage":7.0,"enemies":"Orb Walker","floor":39.0,"turns":3.0},{"damage":27.0,"enemies":"Giant Head","floor":40.0,"turns":5.0},{"damage":16.0,"enemies":"Sphere and 2 Shapes","floor":42.0,"turns":4.0},{"damage":0.0,"enemies":"4 Shapes","floor":46.0,"turns":4.0},{"damage":4,"enemies":"Transient","floor":47,"turns":6},{"damage":58,"enemies":"Donu and Deca","floor":50,"turns":5}],"seed_played":"5838856280305596361","potions_obtained":[{"floor":1.0,"key":"DistilledChaos"},{"floor":11.0,"key":"ColorlessPotion"},{"floor":13.0,"key":"Strength Potion"},{"floor":23.0,"key":"EssenceOfSteel"},{"floor":27.0,"key":"LiquidBronze"},{"floor":33.0,"key":"Strength Potion"},{"floor":39.0,"key":"SpeedPotion"},{"floor":40.0,"key":"LiquidBronze"},{"floor":46.0,"key":"FearPotion"}],"is_trial":false,"path_per_floor":["M","?","?","M","$","E","R","T","T","M","M","E","M","E","R","B",null,"M","?","M","$","T","E","R","?","T","M","M","R","M","?","R","B",null,"M","$","?","$","M","E","R","M","T","?","T","M","M","?","R","B"],"character_chosen":"DEFECT","items_purchased":["HandOfGreed","Conserve Battery","Steam","Gash","Matryoshka","SpeedPotion","OrangePellets","Coolheaded+1","Rebound"],"campfire_rested":4,"item_purchase_floors":[5,21,21,21,21,21,36,36,38],"current_hp_per_floor":[64,64,64,64,64,64,64,64,64,62,57,47,42,34,34,2,54,54,54,28,28,28,14,35,35,35,15,14,35,22,22,43,5,55,41,41,41,41,34,12,33,17,17,58,58,58,54,54,54,0,0],"gold":149,"neow_bonus":"THREE_ENEMY_KILL","is_prod":false,"is_daily":false,"chose_seed":false,"campfire_upgraded":2,"win_rate":0,"timestamp":1607570600,"path_taken":["M","?","?","M","$","E","R","?","T","M","M","E","M","E","R","BOSS","M","?","M","$","?","E","R","?","T","M","M","R","M","?","R","BOSS","M","$","?","?","M","E","R","M","T","?","?","M","M","?","R","BOSS"],"build_version":"2020-11-30","purchased_purges":2,"victory":false,"max_hp_per_floor":[71,71,71,71,71,71,71,71,71,71,71,71,71,71,71,71,71,71,71,71,71,71,71,71,71,71,71,71,71,71,71,71,71,71,71,71,71,71,71,71,71,71,71,58,58,58,58,58,58,58,58],"card_choices":[{"not_picked":["Static Discharge","Chill"],"picked":"Rip and Tear","floor":1.0},{"not_picked":["Stack","Ball Lightning"],"picked":"Gash","floor":4.0},{"not_picked":["Leap","Static Discharge"],"picked":"Electrodynamics","floor":6.0},{"not_picked":["Stack","Gash"],"picked":"Beam Cell","floor":10.0},{"not_picked":["Gash","Streamline"],"picked":"Leap","floor":11.0},{"not_picked":["Heatsinks","Scrape"],"picked":"Glacier","floor":12.0},{"not_picked":["Genetic Algorithm","Meteor Strike"],"picked":"Reprogram","floor":13.0},{"not_picked":["Lockon","Streamline"],"picked":"Compile Driver","floor":14.0},{"not_picked":["Thunder Strike","Biased Cognition"],"picked":"All For One","floor":16.0},{"not_picked":["Ball Lightning","Capacitor"],"picked":"Rebound","floor":18.0},{"not_picked":["Tempest","Scrape"],"picked":"Turbo","floor":20.0},{"not_picked":["Ball Lightning","BootSequence+1"],"picked":"Sweeping Beam+1","floor":23.0},{"not_picked":["Coolheaded+1","Storm"],"picked":"Go for the Eyes","floor":27.0},{"not_picked":["Amplify+1","Double Energy+1"],"picked":"Recycle+1","floor":28.0},{"not_picked":["Redo+1","Gash"],"picked":"Stack+1","floor":30.0},{"not_picked":["Electrodynamics","Rainbow+1"],"picked":"Meteor Strike","floor":33.0},{"not_picked":["Barrage","Leap+1","Cold Snap"],"picked":"SKIP","floor":35.0},{"not_picked":["Recycle+1","Capacitor"],"picked":"Hologram+1","floor":39.0},{"not_picked":["Ball Lightning","Compile Driver"],"picked":"Sweeping Beam","floor":40.0},{"not_picked":["Ball Lightning+1","Gash"],"picked":"Sweeping Beam","floor":42.0},{"not_picked":["Beam Cell","Coolheaded+1"],"picked":"Loop","floor":46.0},{"not_picked":["Doom and Gloom+1","Machine Learning"],"picked":"Compile Driver","floor":47}],"player_experience":1312348,"relics_obtained":[{"floor":6.0,"key":"Du-Vu Doll"},{"floor":8.0,"key":"Juzu Bracelet"},{"floor":9.0,"key":"Toy Ornithopter"},{"floor":12.0,"key":"Potion Belt"},{"floor":14.0,"key":"Kunai"},{"floor":17.0,"key":"Akabeko"},{"floor":17.0,"key":"Mummified Hand"},{"floor":17.0,"key":"Dead Branch"},{"floor":22.0,"key":"Vajra"},{"floor":22.0,"key":"Ornamental Fan"},{"floor":23.0,"key":"Toxic Egg 2"},{"floor":26.0,"key":"Centennial Puzzle"},{"floor":26.0,"key":"PreservedInsect"},{"floor":40.0,"key":"Girya"},{"floor":43.0,"key":"Bottled Lightning"}],"event_choices":[{"damage_healed":0.0,"max_hp_gain":0.0,"max_hp_loss":0.0,"gold_gain":0.0,"event_name":"The Cleric","player_choice":"Leave","floor":2.0,"gold_loss":0.0,"damage_taken":0.0},{"damage_healed":0.0,"max_hp_gain":0.0,"max_hp_loss":0.0,"gold_gain":150.0,"event_name":"Liars Game","player_choice":"AGREE","floor":3.0,"gold_loss":0.0,"damage_taken":0.0,"cards_obtained":["Doubt"]},{"damage_healed":0.0,"max_hp_gain":0.0,"max_hp_loss":0.0,"gold_gain":275.0,"event_name":"Golden Shrine","player_choice":"Desecrate","floor":19.0,"gold_loss":0.0,"damage_taken":0.0,"cards_obtained":["Regret"]},{"cards_removed":["Glacier"],"damage_healed":0.0,"max_hp_gain":0.0,"max_hp_loss":0.0,"gold_gain":0.0,"event_name":"Beggar","player_choice":"Gave Gold","floor":25.0,"gold_loss":75.0,"damage_taken":0.0},{"damage_healed":0.0,"max_hp_gain":0.0,"max_hp_loss":0.0,"gold_gain":0.0,"event_name":"Ghosts","player_choice":"Ignored","floor":31.0,"gold_loss":0.0,"damage_taken":0.0},{"damage_healed":0.0,"max_hp_gain":0.0,"max_hp_loss":0.0,"gold_gain":0.0,"event_name":"Match and Keep!","player_choice":"2 cards matched","floor":37.0,"gold_loss":0.0,"damage_taken":0.0,"cards_obtained":["Turbo","Hyperbeam"]},{"damage_healed":58.0,"max_hp_gain":0.0,"max_hp_loss":13.0,"gold_gain":0.0,"event_name":"The Moai Head","player_choice":"Heal","floor":44.0,"gold_loss":0.0,"damage_taken":0.0},{"damage_healed":0,"gold_gain":0,"player_choice":"Ignored","damage_taken":0,"max_hp_gain":0,"max_hp_loss":0,"event_name":"SecretPortal","floor":48,"gold_loss":0}],"is_beta":false,"boss_relics":[{"not_picked":["FrozenCore","SlaversCollar"],"picked":"Calling Bell"},{"not_picked":["Sozu","Black Star"],"picked":"Philosopher\u0027s Stone"}],"items_purged_floors":[5,21],"is_endless":false,"potions_floor_spawned":[1,11,13,23,27,33,39,40,46],"killed_by":"Donu and Deca","ascension_level":20}}