{"host":"dpbt13izwjrcdgd8","time":1607609470,"event":{"mods":["2.2 Compatiblity","BaseMod","Colored Powertips","DeckTracker","Highlight Path","Keyboard Shortcuts","Minty Spire (QoL Compilation)","Quick Restart","StSLib","SuperFastMode"],"gold_per_floor":[116,131,24,42,42,42,42,68,123,135,151,182,19,194,194,289,289,309,321,77,2,2,35,35,35,86,86,103,103,136,153,153,153,153],"floor_reached":33,"playtime":2026,"items_purged":["Doubt"],"score":333,"play_id":"cc453bb9-3f72-4761-9207-99e2424aa403","local_time":"20201210231110","is_ascension_mode":true,"campfire_choices":[{"floor":15.0,"key":"REST"},{"floor":24.0,"key":"RECALL"},{"floor":29.0,"key":"REST"},{"floor":32.0,"key":"REST"}],"circlet_count":0,"master_deck":["Strike_G","Strike_G","Strike_G+1","Strike_G+1","Strike_G","Defend_G","Defend_G","Defend_G","Defend_G+1","Survivor","Neutralize","PiercingWail","Dodge and Roll","Flying Knee","Noxious Fumes+1","Acrobatics","Cloak And Dagger","Underhanded Strike","Backflip","Footwork","Blade Dance","Apotheosis","Corpse Explosion","Distraction+1","Blur","A Thousand Cuts","RitualDagger","Deadly Poison+1","Flechettes","Finisher"],"special_seed":0,"relics":["Ring of the Snake","Oddly Smooth Stone","Whetstone","SacredBark","Dream Catcher","Ice Cream","Strawberry","Ninja Scroll"],"acts_visited":["Exordium","TheCity"],"potions_floor_usage":[33],"damage_taken":[{"damage":2.0,"enemies":"Jaw Worm","floor":1.0,"turns":4.0},{"damage":0.0,"enemies":"2 Louse","floor":2.0,"turns":4.0},{"damage":0.0,"enemies":"Small Slimes","floor":4.0,"turns":5.0},{"damage":33.0,"enemies":"Gremlin Nob","floor":8.0,"turns":6.0},{"damage":0.0,"enemies":"2 Fungi Beasts","floor":10.0,"turns":4.0},{"damage":2.0,"enemies":"Blue Slaver","floor":11.0,"turns":4.0},{"damage":6.0,"enemies":"3 Sentries","floor":12.0,"turns":8.0},{"damage":16.0,"enemies":"Slime Boss","floor":16.0,"turns":10.0},{"damage":14.0,"enemies":"Spheric Guardian","floor":18.0,"turns":8.0},{"damage":5.0,"enemies":"Chosen","floor":19.0,"turns":6.0},{"damage":26.0,"enemies":"Gremlin Leader","floor":23.0,"turns":11.0},{"damage":11.0,"enemies":"Shelled Parasite and Fungi","floor":28.0,"turns":5.0},{"damage":8.0,"enemies":"Book of Stabbing","floor":30.0,"turns":7.0},{"damage":16.0,"enemies":"Centurion and Healer","floor":31.0,"turns":8.0},{"damage":65,"enemies":"Automaton","floor":33,"turns":6}],"seed_played":"-5542966022617711344","potions_obtained":[{"floor":2.0,"key":"AttackPotion"},{"floor":4.0,"key":"Strength Potion"},{"floor":10.0,"key":"GamblersBrew"},{"floor":16.0,"key":"EssenceOfSteel"},{"floor":18.0,"key":"Ancient Potion"}],"is_trial":false,"path_per_floor":["M","M","$","M","$","?","?","E","T","M","M","E","$","?","R","B",null,"M","M","$","?","?","E","R","T","T","?","M","R","E","M","R","B"],"character_chosen":"THE_SILENT","items_purchased":["Noxious Fumes","Acrobatics","Apotheosis","A Thousand Cuts","Fruit Juice"],"campfire_rested":3,"item_purchase_floors":[3,3,13,20,20],"current_hp_per_floor":[68,68,68,68,68,54,54,21,21,21,19,13,13,13,34,18,70,56,51,61,61,55,29,29,29,36,36,25,51,43,27,53,0,0],"gold":153,"neow_bonus":"THREE_CARDS","is_daily":false,"chose_seed":false,"campfire_upgraded":0,"win_rate":0,"timestamp":1607609470,"path_taken":["M","M","$","M","$","?","?","E","T","M","M","E","$","?","R","BOSS","M","M","$","?","?","E","R","?","T","?","M","R","E","M","R","BOSS"],"build_version":"2020-11-30","purchased_purges":1,"victory":false,"max_hp_per_floor":[70,70,70,70,70,70,70,70,70,70,70,70,70,70,70,70,70,70,70,80,80,80,80,80,80,87,87,87,87,87,87,87,87,87],"card_choices":[{"not_picked":["Poisoned Stab","Flying Knee"],"picked":"PiercingWail","floor":0.0},{"not_picked":["Underhanded Strike","Well Laid Plans"],"picked":"Dodge and Roll","floor":1.0},{"not_picked":["Eviscerate","Prepared"],"picked":"Flying Knee","floor":2.0},{"not_picked":["Slice","PiercingWail"],"picked":"Cloak And Dagger","floor":4.0},{"not_picked":["Dagger Spray","Poisoned Stab"],"picked":"Underhanded Strike","floor":8.0},{"not_picked":["Dodge and Roll","Acrobatics"],"picked":"Backflip","floor":10.0},{"not_picked":["Poisoned Stab","Tactician"],"picked":"Footwork","floor":11.0},{"not_picked":["Backflip","Quick Slash"],"picked":"Blade Dance","floor":12.0},{"not_picked":["Venomology","Doppelganger"],"picked":"Corpse Explosion","floor":16.0},{"not_picked":["Slice","Dagger Throw"],"picked":"Distraction+1","floor":18.0},{"not_picked":["Backstab+1","Bane"],"picked":"Blur","floor":19.0},{"not_picked":["Sucker Punch","Backflip","Predator"],"picked":"SKIP","floor":23.0},{"not_picked":["Quick Slash","Sucker Punch"],"picked":"Deadly Poison+1","floor":28.0},{"not_picked":["Catalyst","Deflect"],"picked":"Flechettes","floor":30.0},{"not_picked":["Quick Slash+1","Acrobatics"],"picked":"Finisher","floor":31.0}],"player_experience":153067,"relics_obtained":[{"floor":8.0,"key":"Oddly Smooth Stone"},{"floor":12.0,"key":"Whetstone"},{"floor":23.0,"key":"Dream Catcher"},{"floor":25.0,"key":"Ice Cream"},{"floor":26.0,"key":"Strawberry"},{"floor":30.0,"key":"Ninja Scroll"}],"event_choices":[{"damage_healed":0.0,"max_hp_gain":0.0,"max_hp_loss":0.0,"gold_gain":0.0,"event_name":"Shining Light","player_choice":"Entered Light","floor":6.0,"gold_loss":0.0,"damage_taken":14.0,"cards_upgraded":["Defend_G","Noxious Fumes"]},{"damage_healed":0.0,"max_hp_gain":0.0,"max_hp_loss":0.0,"gold_gain":0.0,"event_name":"The Cleric","player_choice":"Leave","floor":7.0,"gold_loss":0.0,"damage_taken":0.0},{"damage_healed":0.0,"max_hp_gain":0.0,"max_hp_loss":0.0,"gold_gain":175.0,"event_name":"Liars Game","player_choice":"AGREE","floor":14.0,"gold_loss":0.0,"damage_taken":0.0,"cards_obtained":["Doubt"]},{"cards_removed":["Defend_G"],"damage_healed":0.0,"max_hp_gain":0.0,"max_hp_loss":0.0,"gold_gain":0.0,"event_name":"Beggar","player_choice":"Gave Gold","floor":21.0,"gold_loss":75.0,"damage_taken":0.0},{"damage_healed":0.0,"max_hp_gain":0.0,"max_hp_loss":0.0,"gold_gain":0.0,"event_name":"Nest","player_choice":"Joined the Cult","floor":22.0,"gold_loss":0.0,"damage_taken":6.0,"cards_obtained":["RitualDagger"]},{"damage_healed":0.0,"max_hp_gain":0.0,"max_hp_loss":0.0,"gold_gain":0.0,"event_name":"Ghosts","player_choice":"Ignored","floor":27.0,"gold_loss":0.0,"damage_taken":0.0}],"is_beta":false,"boss_relics":[{"not_picked":["Coffee Dripper","Ectoplasm"],"picked":"SacredBark"}],"items_purged_floors":[20],"is_endless":false,"potions_floor_spawned":[2,4,10,16,18],"killed_by":"Automaton","ascension_level":1}}