{"host":"2n2g1vowfllvjtvi","time":1607625991,"event":{"mods":["BaseMod","AchievementEnabler","Custom Start","GifTheSpireLib","Keyboard Shortcuts","Minty Spire (QoL Compilation)","Quick Restart","Rare Cards Sparkle","StSLib","SuperFastMode"],"gold_per_floor":[114,129,148,148,3,3,3,3,27,27,59,59,86,105,105,210,237,257,281,281,300,13,43,43,43],"floor_reached":24,"playtime":507,"items_purged":[],"score":317,"play_id":"ed717842-8140-4ced-b819-2f68c71949bd","local_time":"20201211034631","is_ascension_mode":true,"campfire_choices":[{"data":"Eviscerate","floor":6.0,"key":"SMITH"},{"data":"Neutralize","floor":8.0,"key":"SMITH"},{"data":"Caltrops","floor":12.0,"key":"SMITH"},{"data":"Noxious Fumes","floor":15.0,"key":"SMITH"}],"circlet_count":0,"master_deck":["Strike_G","Strike_G","Defend_G","Defend_G","Defend_G","Defend_G","Survivor","Neutralize+1","Acrobatics","Eviscerate+1","Acrobatics","Caltrops+1","Bouncing Flask","Noxious Fumes+1","Choke+1","Flechettes+1","After Image+1","Prepared","Dagger Throw+1","Escape Plan","Prepared"],"special_seed":0,"relics":["Ring of the Snake","NeowsBlessing","TheAbacus","Smiling Mask","Boot","CeramicFish","Astrolabe","Membership Card","Eternal Feather","Frozen Egg 2"],"acts_visited":[],"potions_floor_usage":[],"damage_taken":[{"damage":0.0,"enemies":"Cultist","floor":1.0,"turns":1.0},{"damage":0.0,"enemies":"Jaw Worm","floor":2.0,"turns":1.0},{"damage":0.0,"enemies":"Small Slimes","floor":3.0,"turns":1.0},{"damage":13.0,"enemies":"3 Sentries","floor":11.0,"turns":7.0},{"damage":0.0,"enemies":"Blue Slaver","floor":13.0,"turns":3.0},{"damage":0.0,"enemies":"Red Slaver","floor":14.0,"turns":5.0},{"damage":34.0,"enemies":"Slime Boss","floor":16.0,"turns":8.0},{"damage":10.0,"enemies":"Spheric Guardian","floor":18.0,"turns":4.0},{"damage":9.0,"enemies":"Chosen","floor":19.0,"turns":5.0},{"damage":25.0,"enemies":"Sentry and Sphere","floor":21.0,"turns":4.0},{"damage":21,"enemies":"Book of Stabbing","floor":23,"turns":5},{"damage":2,"enemies":"Shelled Parasite and Fungi","floor":24,"turns":2}],"seed_played":"-7112245943842491777","potions_obtained":[{"floor":3.0,"key":"Fire Potion"},{"floor":11.0,"key":"FairyPotion"},{"floor":13.0,"key":"Explosive Potion"},{"floor":21.0,"key":"Ancient Potion"},{"floor":23,"key":"ColorlessPotion"}],"is_trial":false,"path_per_floor":["M","M","M","?","$","R","?","R","T","?","E","R","M","M","R","B",null,"M","M","?","M","$","E","M"],"character_chosen":"THE_SILENT","items_purchased":["TheAbacus","Membership Card","Eternal Feather","Prepared"],"campfire_rested":0,"item_purchase_floors":[5,22,22,22],"current_hp_per_floor":[63,63,63,63,63,63,68,68,68,61,48,48,48,48,48,14,60,50,41,85,60,60,39,37,37],"gold":43,"neow_bonus":"THREE_ENEMY_KILL","is_daily":false,"chose_seed":false,"campfire_upgraded":4,"win_rate":0,"timestamp":1607625991,"path_taken":["M","?","M","?","?","R","?","R","T","?","E","R","?","M","R","BOSS","M","M","?","M","$","E","M"],"build_version":"2020-11-30","purchased_purges":0,"victory":false,"max_hp_per_floor":[70,70,70,70,70,70,75,75,75,75,75,75,75,75,75,75,75,75,75,85,85,85,85,85,85],"card_choices":[{"not_picked":["Prepared","Eviscerate"],"picked":"Acrobatics","floor":1.0},{"not_picked":["Flying Knee","Poisoned Stab"],"picked":"Eviscerate","floor":2.0},{"not_picked":["Poisoned Stab","Slice"],"picked":"Acrobatics","floor":3.0},{"not_picked":["Dagger Spray","Deadly Poison","PiercingWail"],"picked":"SKIP","floor":11.0},{"not_picked":["Infinite Blades","Bane"],"picked":"Bouncing Flask","floor":13.0},{"not_picked":["Backflip","Expertise"],"picked":"Noxious Fumes","floor":14.0},{"not_picked":["Doppelganger","Venomology"],"picked":"Tools of the Trade","floor":16.0},{"not_picked":["Outmaneuver+1","Bouncing Flask"],"picked":"Prepared","floor":18.0},{"not_picked":["Bane","Eviscerate"],"picked":"Dagger Throw+1","floor":19.0},{"not_picked":["Riddle With Holes","Eviscerate"],"picked":"Escape Plan","floor":21.0},{"not_picked":["Leg Sweep","Noxious Fumes+1","Skewer"],"picked":"SKIP","floor":23}],"player_experience":438004,"relics_obtained":[{"floor":9.0,"key":"Smiling Mask"},{"floor":11.0,"key":"CeramicFish"},{"floor":23,"key":"Frozen Egg 2"}],"event_choices":[{"damage_healed":0.0,"max_hp_gain":0.0,"max_hp_loss":0.0,"gold_gain":0.0,"cards_transformed":["Defend_G"],"event_name":"Transmorgrifier","player_choice":"Transformed","floor":4.0,"gold_loss":0.0,"damage_taken":0.0,"cards_obtained":["Caltrops"]},{"damage_healed":0.0,"max_hp_gain":5.0,"max_hp_loss":0.0,"gold_gain":0.0,"event_name":"Big Fish","player_choice":"Donut","floor":7.0,"gold_loss":0.0,"damage_taken":0.0},{"damage_healed":0.0,"max_hp_gain":0.0,"max_hp_loss":0.0,"gold_gain":0.0,"event_name":"Scrap Ooze","player_choice":"Success","floor":10.0,"gold_loss":0.0,"damage_taken":7.0,"relics_obtained":["Boot"]},{"cards_removed":["Tools of the Trade"],"damage_healed":34.0,"max_hp_gain":10.0,"max_hp_loss":0.0,"gold_gain":0.0,"event_name":"Bonfire Elementals","player_choice":"Offered Rare","floor":20.0,"gold_loss":0.0,"damage_taken":0.0}],"is_beta":false,"boss_relics":[{"not_picked":["Ectoplasm","Busted Crown"],"picked":"Astrolabe"}],"items_purged_floors":[],"is_endless":false,"potions_floor_spawned":[3,11,13,21,23],"killed_by":"Shelled Parasite and Fungi","ascension_level":7}}