{"host":"v4uyxn0vi5l8udd0","time":1613156856,"event":{"mods":["AchievementEnabler","BaseMod","Downfall","Minty Spire (QoL Compilation)","StSLib","The Cursed","The Servant 0.9.4"],"gold_per_floor":[199,214,232,250,350,350,350,367,385,158,177,196,196,214,231,333,333,333,111,127,127,141,141,141,141,167,184,184,197,1,12,23,119,119,119,133,145,318,338,178,257,286,286,286,298,315,315,315,327,327],"floor_reached":51,"language":"ENG","playtime":3326,"items_purged":["Slimebound:Strike_Slimebound","Slimebound:Defend_Slimebound","Slimebound:Strike_Slimebound","Slimebound:Strike_Slimebound","Slimebound:Tackle"],"score":697,"play_id":"c92b6054-8b8b-4a8f-8b6f-340d23438951","local_time":"20210212200736","is_ascension_mode":false,"campfire_choices":[{"data":"Slimebound:Split","floor":1,"key":"SMITH"},{"floor":6,"key":"REST"},{"data":"Slimebound:SlimeBarrage","floor":13,"key":"SMITH"},{"data":"Slimebound:MassRepurpose","floor":18,"key":"SMITH"},{"data":"Slimebound:LevelUp","floor":23,"key":"SMITH"},{"data":"Slimebound:CorrosiveSpit","floor":28,"key":"SMITH"},{"data":"Slimebound:Repurpose","floor":35,"key":"SMITH"},{"data":"Slimebound:Overexert","floor":44,"key":"SMITH"},{"floor":47,"key":"REST"}],"circlet_count":0,"master_deck":["Slimebound:Defend_Slimebound","Slimebound:Defend_Slimebound","Slimebound:Defend_Slimebound","Slimebound:Split+1","Slimebound:CorrosiveSpit+1","Slimebound:SplitBruiser","Slimebound:SlimeBarrage+1","Slimebound:LivingWall","Slimebound:HauntingLick","Slimebound:LevelUp+1","Slimebound:SplitBruiser","Slimebound:LeechEnergy","Slimebound:SplitLeeching","Slimebound:MassRepurpose+1","CurseOfTheBell","Slimebound:MegaLick+1","Slimebound:GoopSpray","Slimebound:SlimeSpikes+1","Slimebound:Repurpose+1","Slimebound:LeadByExample","Slimebound:SpikyOuterGoop+1","Slimebound:RallyTheTroops","Slimebound:SplitMire+1","Slimebound:Overexert+1","Slimebound:SplitAcid","Slimebound:SplitLeeching+1","Slimebound:LeechingTouch","Slimebound:Darklings","Slimebound:SlimeBrawl"],"relics":["Slimebound:AbsorbEndCombatUpgraded","Potion Belt","Meat on the Bone","Membership Card","Calling Bell","Art of War","Letter Opener","Unceasing Top","Oddly Smooth Stone","Bronze Scales","GremlinMask","Kunai","Ornamental Fan","Anchor","Strange Spoon","Slimebound:AggressiveSlimeRelic","Slimebound:MaxSlimesRelic","Bird Faced Urn"],"acts_visited":["Exordium","TheCity","TheBeyond"],"potions_floor_usage":[5,9,11,12,15,15,16,16,16,16,20,20,26,26,38,38,45,49,50,50,50,50,50],"damage_taken":[{"damage":6,"enemies":"Jaw Worm","floor":2,"turns":3},{"damage":3,"enemies":"Cultist","floor":3,"turns":2},{"damage":0,"enemies":"Small Slimes","floor":4,"turns":3},{"damage":47,"enemies":"downfall:LadyInBlue","floor":5,"turns":13},{"damage":0,"enemies":"Blue Slaver","floor":8,"turns":4},{"damage":4,"enemies":"Large Slime","floor":9,"turns":6},{"damage":10,"enemies":"downfall:FleeingMerchant","floor":10,"turns":4},{"damage":13,"enemies":"3 Louse","floor":11,"turns":2},{"damage":5,"enemies":"2 Fungi Beasts","floor":12,"turns":3},{"damage":2,"enemies":"Large Slime","floor":14,"turns":4},{"damage":15,"enemies":"Exordium Thugs","floor":15,"turns":3},{"damage":3,"enemies":"SI_SHIV_ARCHETYPE","floor":16,"turns":9},{"damage":12,"enemies":"downfall:FleeingMerchant","floor":19,"turns":4},{"damage":3,"enemies":"Shell Parasite","floor":20,"turns":3},{"damage":4,"enemies":"Chosen","floor":22,"turns":3},{"damage":16,"enemies":"Gremlin Leader","floor":26,"turns":5},{"damage":12,"enemies":"3 Cultists","floor":27,"turns":4},{"damage":0,"enemies":"Snake Plant","floor":29,"turns":3},{"damage":1,"enemies":"downfall:FleeingMerchant","floor":30,"turns":4},{"damage":7,"enemies":"Cultist and Chosen","floor":31,"turns":4},{"damage":21,"enemies":"Snecko","floor":32,"turns":6},{"damage":25,"enemies":"DF_ARCHETYPE_CLAW","floor":33,"turns":6},{"damage":1,"enemies":"3 Shapes","floor":36,"turns":5},{"damage":14,"enemies":"Orb Walker","floor":37,"turns":5},{"damage":8,"enemies":"downfall:FleeingMerchant","floor":38,"turns":2},{"damage":0,"enemies":"Sphere and 2 Shapes","floor":39,"turns":5},{"damage":20,"enemies":"Nemesis","floor":42,"turns":7},{"damage":20,"enemies":"3 Darklings","floor":45,"turns":4},{"damage":16,"enemies":"Spire Growth","floor":46,"turns":4},{"damage":22,"enemies":"Sphere and 2 Shapes","floor":49,"turns":4},{"damage":13,"enemies":"IC_BLOCK_ARCHETYPE","floor":50,"turns":9}],"seed_played":"9182565672083800167","potions_obtained":[{"floor":4,"key":"Slimebound:SlimyTonguePotion"},{"floor":5,"key":"Guardian:BlockOnCardUsePotion"},{"floor":5,"key":"bronze:BurnAndBuffPotion"},{"floor":5,"key":"Explosive Potion"},{"floor":5,"key":"Block Potion"},{"floor":9,"key":"LiquidMemories"},{"floor":11,"key":"champ:CounterPotion"},{"floor":12,"key":"EntropicBrew"},{"floor":15,"key":"EssenceOfSteel"},{"floor":16,"key":"Energy Potion"},{"floor":20,"key":"Dexterity Potion"},{"floor":26,"key":"Ancient Potion"},{"floor":31,"key":"Slimebound:SlimyTonguePotion"},{"floor":33,"key":"Swift Potion"},{"floor":42,"key":"hexamod:SoulburnPotion"},{"floor":45,"key":"AttackPotion"},{"floor":46,"key":"BlessingOfTheForge"},{"floor":49,"key":"AttackPotion"}],"is_trial":false,"path_per_floor":["R","M","M","M","?","R","T","M","M","$","M","M","R","M","M","B",null,"R","$","M","?","M","R","T","?","E","M","R","M","$","M","M","B",null,"R","M","M","$","M","$","T","E","?","R","M","M","R","?","M","B",null],"character_chosen":"SLIMEBOUND","items_purchased":["Membership Card","Slimebound:SplitBruiser","Oddly Smooth Stone","Bronze Scales","Anchor","Slimebound:Repurpose","Slimebound:SplitAcid","Strange Spoon","Slimebound:AggressiveSlimeRelic"],"campfire_rested":2,"item_purchase_floors":[10,10,19,19,30,30,38,38,40],"current_hp_per_floor":[65,65,62,62,22,41,41,45,43,39,40,37,37,37,38,41,65,65,55,56,56,54,54,54,35,39,33,33,35,38,35,32,27,65,65,65,56,54,60,60,60,49,49,49,39,33,52,52,45,53],"gold":327,"neow_bonus":"HUNDRED_GOLD","is_daily":false,"chose_seed":false,"campfire_upgraded":7,"win_rate":0.0,"timestamp":1613156856,"path_taken":["R","M","M","M","?","R","T","M","M","$","M","M","R","M","M","BOSS","R","$","M","?","?","R","T","?","E","?","R","M","$","M","M","BOSS","R","M","M","$","M","$","T","E","?","R","M","M","R","?","M","BOSS"],"items_purchased_type":["Relic","Card","Relic","Relic","Relic","Card","Card","Relic","Relic"],"build_version":"2020-12-22","purchased_purges":5,"victory":true,"max_hp_per_floor":[65,65,65,65,65,65,65,65,65,65,65,65,65,65,65,65,65,65,65,65,65,65,65,65,65,65,65,65,65,65,65,65,65,65,65,65,65,65,65,65,65,65,65,65,65,65,65,65,65,65],"card_choices":[{"not_picked":["Slimebound:HauntingLick","Slimebound:LivingWall"],"picked":"Slimebound:SplitBruiser","floor":2},{"not_picked":["Slimebound:GoopTackle","Slimebound:LeechingTouch"],"picked":"Slimebound:SlimeBarrage","floor":3},{"not_picked":["Slimebound:ComboTackle","Slimebound:LeechingTouch"],"picked":"Slimebound:LivingWall","floor":4},{"not_picked":["Slimebound:LeechingTouch","Slimebound:FinishingTackle"],"picked":"Slimebound:HauntingLick","floor":5},{"not_picked":["Slimebound:SplitAcid","Slimebound:SlimeSpikes"],"picked":"Slimebound:MinionMaster","floor":8},{"not_picked":["Slimebound:AcidTongue","Slimebound:Prepare"],"picked":"Slimebound:LevelUp","floor":9},{"not_picked":["Slimebound:Dissolve","Slimebound:FormOfPuddle","Slimebound:SlimeTap"],"picked":"SKIP","floor":10},{"not_picked":["Slimebound:FinishingTackle","Slimebound:TongueLash","Slimebound:ComboTackle"],"picked":"SKIP","floor":11},{"not_picked":["Slimebound:GoopTackle","Slimebound:Dissolve"],"picked":"Slimebound:LeechEnergy","floor":12},{"not_picked":["Slimebound:SamplingLick","Slimebound:SlimeSpikes","Slimebound:HauntingLick"],"picked":"SKIP","floor":14},{"not_picked":["Slimebound:Grow","Slimebound:LivingWall"],"picked":"Slimebound:SplitLeeching","floor":15},{"not_picked":["Slimebound:OneTwoCombo","Slimebound:CheckThePlaybook"],"picked":"Slimebound:MassRepurpose","floor":16},{"not_picked":["Slimebound:GoopTackle","Slimebound:LeechingTouch"],"picked":"Slimebound:MegaLick+1","floor":19},{"not_picked":["Slimebound:HauntingLick","Slimebound:LeechEnergy","Slimebound:LeechingTouch+1"],"picked":"SKIP","floor":20},{"not_picked":["Slimebound:TongueLash","Slimebound:Dissolve","Slimebound:SlimeTap"],"picked":"SKIP","floor":22},{"not_picked":["Slimebound:ViciousTackle","Slimebound:FormOfPuddle"],"picked":"Slimebound:GoopSpray","floor":26},{"not_picked":["Slimebound:RainOfGoop","Slimebound:LeechLife","Slimebound:Grow+1"],"picked":"SKIP","floor":27},{"not_picked":["Slimebound:FinishingTackle+1","Slimebound:Schlurp"],"picked":"Slimebound:SlimeSpikes+1","floor":29},{"not_picked":["Slimebound:HauntingLick","Slimebound:RainOfGoop","Slimebound:Prepare"],"picked":"SKIP","floor":30},{"not_picked":["Slimebound:LeechingTouch+1","Slimebound:PressTheAttack"],"picked":"Slimebound:LeadByExample","floor":31},{"not_picked":["Slimebound:TongueLash","Slimebound:LivingWall"],"picked":"Slimebound:SpikyOuterGoop+1","floor":32},{"not_picked":["Slimebound:SlimeSlap","Slimebound:WasteNot"],"picked":"Slimebound:RallyTheTroops","floor":33},{"not_picked":["Slimebound:RejuvenatingLick+1","Slimebound:RollThrough+1","Slimebound:FinishingTackle"],"picked":"SKIP","floor":36},{"not_picked":["Slimebound:MegaLick","Slimebound:GrowthPunch"],"picked":"Slimebound:SplitMire+1","floor":37},{"not_picked":["Slimebound:Nibble","Slimebound:CheckThePlaybook"],"picked":"Slimebound:Overexert","floor":38},{"not_picked":["Slimebound:HauntingLick","Slimebound:RollThrough"],"picked":"Slimebound:SplitLeeching+1","floor":39},{"not_picked":["Slimebound:HauntingLick","Slimebound:RollThrough","Slimebound:SplitLeeching+1"],"picked":"SKIP","floor":42},{"not_picked":["Slimebound:Prepare","Slimebound:HauntingLick+1","Slimebound:LivingWall"],"picked":"SKIP","floor":45},{"not_picked":["Slimebound:RejuvenatingLick","Slimebound:SamplingLick+1"],"picked":"Slimebound:LeechingTouch","floor":46},{"not_picked":["Slimebound:ViciousTackle+1","Slimebound:ComboTackle"],"picked":"Slimebound:SlimeBrawl","floor":49}],"player_experience":690487,"relics_obtained":[{"floor":5,"key":"Potion Belt"},{"floor":7,"key":"Meat on the Bone"},{"floor":17,"key":"Art of War"},{"floor":17,"key":"Letter Opener"},{"floor":17,"key":"Unceasing Top"},{"floor":24,"key":"Kunai"},{"floor":26,"key":"Ornamental Fan"},{"floor":41,"key":"Slimebound:MaxSlimesRelic"},{"floor":42,"key":"Bird Faced Urn"}],"event_choices":[{"damage_healed":0,"gold_gain":0,"player_choice":"Trade","damage_taken":0,"relics_obtained":["GremlinMask"],"max_hp_gain":0,"max_hp_loss":0,"event_name":"FaceTrader","floor":21,"gold_loss":0}],"is_beta":false,"boss_relics":[{"not_picked":["SacredBark","bronze:MakeshiftBattery"],"picked":"Calling Bell"},{"not_picked":["Empty Cage","Snecko Eye"],"picked":"Slimebound:AbsorbEndCombatUpgraded"}],"items_purged_floors":[10,19,30,38,40],"is_endless":false,"potions_floor_spawned":[4,5,9,11,12,15,16,20,26,31,33,36,42,45,46,49],"ascension_level":0}}