{"host":"dhlnk6yox2l1s6up","time":1613144156,"event":{"mods":["BaseMod","Minty Spire (QoL Compilation)","Relic Stats","StSLib","ojb\u0027s Info Mod"],"gold_per_floor":[113,125,43,118,130,165,181,181,229,257,271,271,271,289,289,386,386,376,376,394,394,394,394,15,30,103,103,114,114,148,164,164,259,259,278,41,56,56,20,55,55,3,3,23,42,75,75,90,90,90,90,90,16,16,16],"floor_reached":54,"language":"ENG","playtime":3782,"items_purged":["Strike_G+1"],"score":1144,"play_id":"497549df-0865-4ca7-8354-a96f793bf253","local_time":"20210212093556","is_ascension_mode":true,"campfire_choices":[{"floor":8.0,"key":"REST"},{"floor":13.0,"key":"REST"},{"data":"Predator","floor":15.0,"key":"SMITH"},{"data":"Slice","floor":23,"key":"SMITH"},{"data":"Cloak And Dagger","floor":29,"key":"SMITH"},{"floor":32,"key":"REST"},{"floor":41,"key":"RECALL"},{"data":"Apotheosis","floor":47,"key":"SMITH"},{"data":"Noxious Fumes","floor":49,"key":"SMITH"},{"data":"Trip","floor":52,"key":"SMITH"}],"circlet_count":0,"master_deck":["AscendersBane","Strike_G+1","Strike_G+1","Strike_G+1","Strike_G+1","Defend_G+1","Defend_G+1","Defend_G+1","Defend_G+1","Defend_G+1","Survivor","Neutralize","Predator+1","Slice+1","Trip+1","Acrobatics","Skewer+1","Deflect","Sucker Punch","Crippling Poison","Venomology","Infinite Blades","Noxious Fumes+1","Cloak And Dagger+1","Acrobatics","Clumsy","Slice","Cloak And Dagger","Caltrops","Burst","Tactician+1","Apotheosis+1","Backflip","Blade Dance","Good Instincts","Accuracy","Acrobatics+1","Clumsy","Footwork+1","Acrobatics+1","Prepared+1","Blade Dance+1"],"relics":["Ring of the Snake","NeowsBlessing","Matryoshka","Blood Vial","Bag of Preparation","Kunai","Cursed Key","Chemical X","Oddly Smooth Stone","Shuriken","Bottled Tornado","Coffee Dripper","Snake Skull","Bird Faced Urn","Pen Nib"],"acts_visited":["Exordium","TheCity","TheBeyond","TheEnding"],"potions_floor_usage":[25,30,30,33,35,37,40,40,45,45,45,45,45,46,46,48,48,50],"damage_taken":[{"damage":0.0,"enemies":"Small Slimes","floor":1.0,"turns":1.0},{"damage":0.0,"enemies":"2 Louse","floor":2.0,"turns":1.0},{"damage":0.0,"enemies":"Jaw Worm","floor":5.0,"turns":1.0},{"damage":41.0,"enemies":"3 Sentries","floor":6.0,"turns":18.0},{"damage":5.0,"enemies":"3 Louse","floor":7.0,"turns":2.0},{"damage":24.0,"enemies":"Lagavulin","floor":10.0,"turns":6.0},{"damage":0.0,"enemies":"2 Fungi Beasts","floor":11.0,"turns":4.0},{"damage":12.0,"enemies":"Lots of Slimes","floor":14.0,"turns":4.0},{"damage":31.0,"enemies":"Hexaghost","floor":16.0,"turns":11.0},{"damage":20.0,"enemies":"2 Thieves","floor":18.0,"turns":4.0},{"damage":11.0,"enemies":"3 Byrds","floor":20.0,"turns":5.0},{"damage":2.0,"enemies":"Centurion and Healer","floor":21.0,"turns":4.0},{"damage":11,"enemies":"3 Cultists","floor":25,"turns":5},{"damage":3,"enemies":"Snecko","floor":28,"turns":3},{"damage":18,"enemies":"Book of Stabbing","floor":30,"turns":6},{"damage":4,"enemies":"Cultist and Chosen","floor":31,"turns":5},{"damage":26,"enemies":"Collector","floor":33,"turns":8},{"damage":2,"enemies":"3 Darklings","floor":35,"turns":5},{"damage":0,"enemies":"3 Shapes","floor":37,"turns":3},{"damage":0,"enemies":"Reptomancer","floor":40,"turns":4},{"damage":13,"enemies":"Transient","floor":44,"turns":5},{"damage":17,"enemies":"4 Shapes","floor":45,"turns":6},{"damage":14,"enemies":"Nemesis","floor":46,"turns":7},{"damage":1,"enemies":"3 Darklings","floor":48,"turns":5},{"damage":58,"enemies":"Time Eater","floor":50,"turns":12},{"damage":68,"enemies":"Shield and Spear","floor":54,"turns":5}],"seed_played":"-3466438096394748775","potions_obtained":[{"floor":6.0,"key":"FairyPotion"},{"floor":7.0,"key":"SmokeBomb"},{"floor":11.0,"key":"Regen Potion"},{"floor":18.0,"key":"SpeedPotion"},{"floor":33,"key":"Strength Potion"},{"floor":44,"key":"SteroidPotion"},{"floor":45,"key":"BlessingOfTheForge"},{"floor":48,"key":"Poison Potion"}],"is_trial":false,"path_per_floor":["M","M","$","?","M","E","M","R","T","E","M","?","R","M","R","B",null,"M","?","M","M","?","R","$","M","T","?","M","R","E","M","R","B",null,"M","$","M","?","$","E","R","?","T","M","M","E","R","M","R","B",null,"R","$","E"],"character_chosen":"THE_SILENT","items_purchased":["Trip","Noxious Fumes","Chemical X","Cloak And Dagger","Regen Potion","Apotheosis","Backflip","Accuracy","Ancient Potion"],"campfire_rested":3,"item_purchase_floors":[3,24,24,24,24,36,36,39,53],"current_hp_per_floor":[63,63,63,52,52,11,6,27,27,5,7,7,28,18,18,11,55,51,51,42,42,42,42,42,33,33,33,32,32,31,29,50,26,59,59,59,61,61,61,63,63,63,63,57,48,46,46,55,55,7,54,54,54,0,0],"gold":16,"neow_bonus":"THREE_ENEMY_KILL","is_daily":false,"chose_seed":false,"campfire_upgraded":6,"win_rate":0.0,"timestamp":1613144156,"path_taken":["M","M","$","?","M","E","M","R","T","E","M","?","R","M","R","BOSS","M","?","M","M","?","R","$","M","T","?","M","R","E","?","R","BOSS","M","$","M","?","?","E","R","?","T","M","?","E","R","M","R","BOSS","R","$","E"],"items_purchased_type":["Card","Card","Relic","Card","Potion","Card","Card","Card","Potion"],"build_version":"2020-12-22","purchased_purges":1,"victory":false,"max_hp_per_floor":[70,70,70,70,70,70,70,70,70,70,70,70,70,70,70,70,70,70,70,70,70,70,70,70,70,70,70,70,70,70,70,70,70,70,70,70,70,70,70,70,70,70,70,70,70,70,70,70,70,70,70,70,70,70,70],"relic_stats":{"Blood Vial":42,"counters":[26,140],"Shuriken":[47],"Bird Faced Urn":[45],"Snake Skull":[47],"Pen Nib":[4],"Bag of Preparation":[42],"Kunai":[60],"Chemical X":[15],"Cursed Key":2,"obtain_stats":[{"NeowsBlessing":0,"Oddly Smooth Stone":26,"Snake Skull":40,"Pen Nib":46,"Bag of Preparation":9,"Bottled Tornado":30,"Cursed Key":17,"Blood Vial":9,"Matryoshka":6,"Shuriken":26,"Bird Faced Urn":42,"Coffee Dripper":34,"Kunai":10,"Chemical X":24,"Ring of the Snake":0},{"NeowsBlessing":0,"Oddly Smooth Stone":13,"Snake Skull":20,"Pen Nib":23,"Bag of Preparation":5,"Bottled Tornado":15,"Cursed Key":9,"Blood Vial":5,"Matryoshka":4,"Shuriken":13,"Bird Faced Urn":20,"Coffee Dripper":17,"Kunai":6,"Chemical X":12,"Ring of the Snake":0},{"NeowsBlessing":0,"Oddly Smooth Stone":66,"Snake Skull":100,"Pen Nib":118,"Bag of Preparation":23,"Bottled Tornado":75,"Cursed Key":48,"Blood Vial":23,"Matryoshka":21,"Shuriken":66,"Bird Faced Urn":100,"Coffee Dripper":88,"Kunai":29,"Chemical X":61,"Ring of the Snake":0}],"Ring of the Snake":[52]},"card_choices":[{"not_picked":["Dagger Spray","Outmaneuver"],"picked":"Predator","floor":1.0},{"not_picked":["Quick Slash","Dagger Throw"],"picked":"Slice","floor":2.0},{"not_picked":["Deflect","Catalyst"],"picked":"Acrobatics","floor":5.0},{"not_picked":["Bane","Slice"],"picked":"Skewer","floor":6.0},{"not_picked":["Flying Knee","Underhanded Strike"],"picked":"Deflect","floor":7.0},{"not_picked":["Outmaneuver","Setup","Night Terror"],"picked":"SKIP","floor":10.0},{"not_picked":["Dagger Throw","Flechettes"],"picked":"Sucker Punch","floor":11.0},{"not_picked":["Dagger Throw","Deflect"],"picked":"Crippling Poison","floor":14.0},{"not_picked":["Phantasmal Killer","Envenom"],"picked":"Venomology","floor":16.0},{"not_picked":["Accuracy","Bane+1","Dash"],"picked":"SKIP","floor":18.0},{"not_picked":["Reflex","Deadly Poison","Flying Knee"],"picked":"SKIP","floor":20.0},{"not_picked":["Prepared+1","Heel Hook"],"picked":"Acrobatics","floor":25},{"not_picked":["Bane","Calculated Gamble"],"picked":"Slice","floor":28},{"not_picked":["Prepared","PiercingWail"],"picked":"Cloak And Dagger","floor":30},{"not_picked":["Outmaneuver","Poisoned Stab"],"picked":"Caltrops","floor":31},{"not_picked":["Tools of the Trade","Glass Knife"],"picked":"Burst","floor":33},{"not_picked":["Dagger Throw+1","Concentrate"],"picked":"Tactician+1","floor":35},{"not_picked":["Calculated Gamble+1","Caltrops"],"picked":"Blade Dance","floor":37},{"not_picked":["Bandage Up","Magnetism"],"picked":"Good Instincts","floor":38},{"not_picked":["Prepared","Sucker Punch+1"],"picked":"Acrobatics+1","floor":40},{"not_picked":["Poisoned Stab+1","PiercingWail"],"picked":"Footwork+1","floor":44},{"not_picked":["Quick Slash","Calculated Gamble"],"picked":"Acrobatics+1","floor":45},{"not_picked":["Glass Knife","Deadly Poison"],"picked":"Prepared+1","floor":46},{"not_picked":["Poisoned Stab","Sucker Punch+1"],"picked":"Blade Dance+1","floor":48}],"player_experience":6202870,"relics_obtained":[{"floor":6.0,"key":"Matryoshka"},{"floor":9.0,"key":"Blood Vial"},{"floor":9.0,"key":"Bag of Preparation"},{"floor":10.0,"key":"Kunai"},{"floor":26,"key":"Oddly Smooth Stone"},{"floor":26,"key":"Shuriken"},{"floor":30,"key":"Bottled Tornado"},{"floor":40,"key":"Snake Skull"},{"floor":46,"key":"Pen Nib"}],"event_choices":[{"damage_healed":0.0,"max_hp_gain":0.0,"max_hp_loss":0.0,"gold_gain":75.0,"event_name":"World of Goop","player_choice":"Gather Gold","floor":4.0,"gold_loss":0.0,"damage_taken":11.0},{"damage_healed":0.0,"max_hp_gain":0.0,"max_hp_loss":0.0,"gold_gain":0.0,"event_name":"Living Wall","player_choice":"Grow","floor":12.0,"gold_loss":0.0,"damage_taken":0.0,"cards_upgraded":["Skewer"]},{"damage_healed":0.0,"max_hp_gain":0.0,"max_hp_loss":0.0,"gold_gain":0.0,"event_name":"The Library","player_choice":"Read","floor":19.0,"gold_loss":0.0,"damage_taken":0.0,"cards_obtained":["Infinite Blades"]},{"damage_healed":0,"gold_gain":0,"player_choice":"Simplicity","damage_taken":0,"max_hp_gain":0,"max_hp_loss":0,"event_name":"Back to Basics","floor":22,"gold_loss":0,"cards_upgraded":["Strike_G","Strike_G","Strike_G","Strike_G","Strike_G","Defend_G","Defend_G","Defend_G","Defend_G","Defend_G"]},{"damage_healed":0,"gold_gain":0,"player_choice":"Ignored","damage_taken":0,"max_hp_gain":0,"max_hp_loss":0,"event_name":"NoteForYourself","floor":27,"gold_loss":0},{"damage_healed":0,"gold_gain":0,"player_choice":"Memory 1","damage_taken":0,"max_hp_gain":0,"max_hp_loss":0,"event_name":"SensoryStone","floor":38,"gold_loss":0},{"damage_healed":0,"gold_gain":0,"player_choice":"Paid Gold","damage_taken":0,"relics_obtained":["Bird Faced Urn"],"max_hp_gain":0,"max_hp_loss":0,"event_name":"WeMeetAgain","floor":42,"gold_loss":52}],"is_beta":false,"boss_relics":[{"not_picked":["SlaversCollar","Astrolabe"],"picked":"Cursed Key"},{"not_picked":["Fusion Hammer","Busted Crown"],"picked":"Coffee Dripper"}],"items_purged_floors":[24],"is_endless":false,"potions_floor_spawned":[6,7,11,18,33,44,45,48],"killed_by":"Shield and Spear","ascension_level":10}}