{"host":"Qube","time":1613141988,"event":{"mods":["AchievementEnabler","BaseMod","Colored Map","Colored Powertips","Highlight Path","Minty Spire (QoL Compilation)","Permanent Neow","Quick Restart","Random Character Button","StSLib"],"gold_per_floor":[111,121,121,121,142,175,140,140,167,205,218,49,49,83,83,176,176,190,211,211,231,281,319,319,340,340,371,371,407,407,442,442,533,533,549,196,212,212,212,212,2,2,29,68,89,120,164,179,179,179,179,179,179,36,74,74,74],"floor_reached":56,"language":"ENG","playtime":3718,"items_purged":["Coolheaded","Zap","Darkness+1"],"score":2098,"play_id":"31b06210-a5cb-4ff6-a19a-427200fc7b3d","local_time":"20210212065948","is_ascension_mode":true,"campfire_choices":[{"data":"Hyperbeam","floor":8.0,"key":"SMITH"},{"data":"Hologram","floor":13.0,"key":"SMITH"},{"data":"Beam Cell","floor":15.0,"key":"SMITH"},{"data":"Reprogram","floor":24.0,"key":"SMITH"},{"floor":28.0,"key":"REST"},{"data":"Auto Shields","floor":30.0,"key":"SMITH"},{"floor":32.0,"key":"REST"},{"floor":40.0,"key":"RECALL"},{"floor":42.0,"key":"REST"},{"floor":49.0,"key":"REST"},{"floor":53.0,"key":"REST"}],"circlet_count":0,"master_deck":["AscendersBane","Dualcast","Hyperbeam+1","Rip and Tear","Rip and Tear","Beam Cell+1","Gash","Hologram+1","Rebound","Auto Shields+1","All For One","Rip and Tear","Reinforced Body","Streamline","White Noise","Go for the Eyes","Stack","Conserve Battery+1","Reprogram+1","Reprogram","Fusion+1","Steam","Undo+1","Steam","Meteor Strike","Skim","Steam Power+1","Beam Cell+1","Meteor Strike","Conserve Battery+1"],"relics":["Cracked Core","Happy Flower","Golden Idol","Centennial Puzzle","Blood Vial","Bag of Preparation","Akabeko","Nunchaku","Pandora\u0027s Box","Dream Catcher","Pocketwatch","Pear","Oddly Smooth Stone","War Paint","Letter Opener","Fusion Hammer","Bottled Lightning","Membership Card","Sundial","CaptainsWheel","Bottled Flame","Boot","Ornamental Fan"],"acts_visited":["Exordium","TheCity","TheBeyond","TheEnding"],"potions_floor_usage":[],"damage_taken":[{"damage":0.0,"enemies":"Small Slimes","floor":1.0,"turns":1.0},{"damage":0.0,"enemies":"2 Louse","floor":2.0,"turns":1.0},{"damage":0.0,"enemies":"Jaw Worm","floor":5.0,"turns":1.0},{"damage":5.0,"enemies":"3 Sentries","floor":6.0,"turns":4.0},{"damage":8.0,"enemies":"Gremlin Nob","floor":10.0,"turns":3.0},{"damage":0.0,"enemies":"Blue Slaver","floor":11.0,"turns":1.0},{"damage":0.0,"enemies":"3 Sentries","floor":14.0,"turns":2.0},{"damage":0.0,"enemies":"Slime Boss","floor":16.0,"turns":5.0},{"damage":0.0,"enemies":"Spheric Guardian","floor":18.0,"turns":3.0},{"damage":1.0,"enemies":"3 Byrds","floor":19.0,"turns":4.0},{"damage":17.0,"enemies":"Snake Plant","floor":21.0,"turns":3.0},{"damage":4.0,"enemies":"Book of Stabbing","floor":23.0,"turns":3.0},{"damage":0.0,"enemies":"Centurion and Healer","floor":25.0,"turns":4.0},{"damage":23.0,"enemies":"Slavers","floor":27.0,"turns":3.0},{"damage":8.0,"enemies":"Gremlin Leader","floor":29.0,"turns":3.0},{"damage":32.0,"enemies":"Slavers","floor":31.0,"turns":4.0},{"damage":5.0,"enemies":"Champ","floor":33.0,"turns":10.0},{"damage":11.0,"enemies":"Orb Walker","floor":35.0,"turns":2.0},{"damage":0.0,"enemies":"3 Shapes","floor":37.0,"turns":4.0},{"damage":9.0,"enemies":"Reptomancer","floor":44.0,"turns":5.0},{"damage":6.0,"enemies":"Maw","floor":45.0,"turns":5.0},{"damage":36.0,"enemies":"Mind Bloom Boss Battle","floor":46.0,"turns":4.0},{"damage":4.0,"enemies":"Giant Head","floor":47.0,"turns":5.0},{"damage":18.0,"enemies":"Spire Growth","floor":48.0,"turns":4.0},{"damage":38.0,"enemies":"Donu and Deca","floor":50.0,"turns":9.0},{"damage":2.0,"enemies":"Awakened One","floor":51.0,"turns":12.0},{"damage":28,"enemies":"Shield and Spear","floor":55,"turns":7},{"damage":54,"enemies":"The Heart","floor":56,"turns":5}],"seed_played":"5873314328300734865","potions_obtained":[{"floor":1.0,"key":"Fire Potion"},{"floor":5.0,"key":"Weak Potion"},{"floor":11.0,"key":"Fruit Juice"},{"floor":21.0,"key":"FearPotion"},{"floor":23.0,"key":"SkillPotion"},{"floor":25.0,"key":"PowerPotion"},{"floor":31.0,"key":"LiquidMemories"},{"floor":35.0,"key":"DuplicationPotion"},{"floor":44.0,"key":"AttackPotion"}],"is_trial":false,"path_per_floor":["M","M","?","?","M","E","?","R","T","E","M","$","R","E","R","B",null,"M","M","?","M","?","E","R","M","T","E","R","E","R","E","R","B",null,"M","$","M","?","?","R","$","R","T","E","M","?","E","M","R","B","B",null,"R","$","E","B"],"character_chosen":"DEFECT","items_purchased":["Akabeko","Bottled Lightning","Membership Card","Boot"],"campfire_rested":5,"item_purchase_floors":[12,36,41,54],"current_hp_per_floor":[46,46,35,35,35,30,46,46,46,40,42,42,42,44,44,46,60,62,63,63,47,41,39,39,46,56,35,58,52,52,22,45,42,70,61,61,63,63,63,63,63,79,79,70,66,32,30,14,37,1,1,60,79,79,51,0,0],"gold":74,"neow_bonus":"THREE_RARE_CARDS","is_daily":false,"chose_seed":false,"campfire_upgraded":5,"win_rate":0.0,"timestamp":1613141988,"path_taken":["M","M","?","?","M","E","?","R","T","E","M","?","R","E","R","BOSS","M","M","?","?","?","E","R","M","T","E","R","E","R","E","R","BOSS","M","$","M","?","?","R","$","R","T","E","M","?","E","M","R","BOSS","BOSS","R","$","E","BOSS"],"items_purchased_type":["Relic","Relic","Relic","Relic"],"build_version":"2020-12-18","purchased_purges":3,"victory":false,"max_hp_per_floor":[71,71,71,64,64,64,64,64,64,64,64,64,64,64,64,64,64,64,64,64,64,64,64,64,69,79,79,79,79,79,79,79,79,79,79,79,79,79,79,79,79,79,79,79,79,79,79,79,79,79,79,79,79,79,79,79,79],"card_choices":[{"not_picked":["Rainbow","Meteor Strike"],"picked":"Hyperbeam","floor":0.0},{"not_picked":["Double Energy","Lockon"],"picked":"Rip and Tear","floor":1.0},{"not_picked":["Tempest","Ball Lightning"],"picked":"Rip and Tear","floor":2.0},{"not_picked":["Recycle","Doom and Gloom"],"picked":"Beam Cell","floor":5.0},{"not_picked":["Rainbow","Redo"],"picked":"Gash","floor":6.0},{"not_picked":["Creative AI","BootSequence"],"picked":"Hologram","floor":10.0},{"not_picked":["Cold Snap","Redo"],"picked":"Rebound","floor":11.0},{"not_picked":["Barrage","Rebound"],"picked":"Auto Shields","floor":14.0},{"not_picked":["Rainbow","Echo Form"],"picked":"All For One","floor":16.0},{"not_picked":["Rebound","Aggregate"],"picked":"Stack","floor":18.0},{"not_picked":["Streamline","Hologram"],"picked":"Conserve Battery","floor":19.0},{"not_picked":["Steam","Force Field+1"],"picked":"Reprogram","floor":21.0},{"not_picked":["Defragment","Sweeping Beam"],"picked":"Reprogram","floor":23.0},{"not_picked":["Conserve Battery+1","Rainbow"],"picked":"Fusion+1","floor":25.0},{"not_picked":["Beam Cell","Machine Learning","Coolheaded"],"picked":"SKIP","floor":27.0},{"not_picked":["Sunder","Capacitor"],"picked":"Steam","floor":28.0},{"not_picked":["Defragment","Amplify","Redo"],"picked":"SKIP","floor":29.0},{"not_picked":["Beam Cell","Compile Driver"],"picked":"Undo+1","floor":31.0},{"not_picked":["Stack","Scrape"],"picked":"Steam","floor":32.0},{"not_picked":["Core Surge","Buffer"],"picked":"Meteor Strike","floor":33.0},{"not_picked":["Undo","Hologram"],"picked":"Skim","floor":35.0},{"not_picked":["Ball Lightning","Steam"],"picked":"Steam Power+1","floor":37.0},{"not_picked":["BootSequence+1","Cold Snap"],"picked":"Beam Cell+1","floor":42.0},{"not_picked":["Ball Lightning","Leap","FTL"],"picked":"SKIP","floor":44.0},{"not_picked":["Rebound","Conserve Battery","Go for the Eyes+1"],"picked":"SKIP","floor":45.0},{"not_picked":["Go for the Eyes","Compile Driver+1"],"picked":"Meteor Strike","floor":46.0},{"not_picked":["Scrape","Streamline"],"picked":"Conserve Battery+1","floor":47.0},{"not_picked":["Undo","Leap","Stack"],"picked":"SKIP","floor":48.0},{"not_picked":["Genetic Algorithm","Fusion+1","Gash"],"picked":"SKIP","floor":55}],"player_experience":1152627,"relics_obtained":[{"floor":6.0,"key":"Centennial Puzzle"},{"floor":9.0,"key":"Blood Vial"},{"floor":10.0,"key":"Bag of Preparation"},{"floor":14.0,"key":"Nunchaku"},{"floor":23.0,"key":"Pocketwatch"},{"floor":26.0,"key":"Pear"},{"floor":27.0,"key":"Oddly Smooth Stone"},{"floor":29.0,"key":"War Paint"},{"floor":31.0,"key":"Letter Opener"},{"floor":44.0,"key":"Sundial"},{"floor":46.0,"key":"CaptainsWheel"},{"floor":47.0,"key":"Bottled Flame"},{"floor":55,"key":"Ornamental Fan"}],"event_choices":[{"damage_healed":0.0,"max_hp_gain":0.0,"max_hp_loss":0.0,"gold_gain":0.0,"event_name":"Scrap Ooze","player_choice":"Success","floor":3.0,"gold_loss":0.0,"damage_taken":11.0,"relics_obtained":["Happy Flower"]},{"damage_healed":0.0,"max_hp_gain":0.0,"max_hp_loss":7.0,"gold_gain":0.0,"event_name":"Golden Idol","player_choice":"Lose Max HP","floor":4.0,"gold_loss":0.0,"damage_taken":0.0,"relics_obtained":["Golden Idol"]},{"damage_healed":16.0,"max_hp_gain":0.0,"max_hp_loss":0.0,"gold_gain":0.0,"event_name":"The Cleric","player_choice":"Healed","floor":7.0,"gold_loss":35.0,"damage_taken":0.0},{"cards_removed":["Creative AI"],"damage_healed":0.0,"max_hp_gain":0.0,"max_hp_loss":0.0,"gold_gain":0.0,"event_name":"WeMeetAgain","player_choice":"Gave Card","floor":20.0,"gold_loss":0.0,"damage_taken":0.0,"relics_obtained":["Dream Catcher"]},{"damage_healed":0.0,"max_hp_gain":0.0,"max_hp_loss":0.0,"gold_gain":50.0,"event_name":"FaceTrader","player_choice":"Touch","floor":22.0,"gold_loss":0.0,"damage_taken":6.0},{"damage_healed":0.0,"max_hp_gain":0.0,"max_hp_loss":0.0,"gold_gain":0.0,"event_name":"Tomb of Lord Red Mask","player_choice":"Ignored","floor":38.0,"gold_loss":0.0,"damage_taken":0.0},{"damage_healed":0.0,"max_hp_gain":0.0,"max_hp_loss":0.0,"gold_gain":0.0,"event_name":"SensoryStone","player_choice":"Memory 1","floor":39.0,"gold_loss":0.0,"damage_taken":0.0},{"damage_healed":0.0,"max_hp_gain":0.0,"max_hp_loss":0.0,"gold_gain":0.0,"event_name":"MindBloom","player_choice":"Fight","floor":46.0,"gold_loss":0.0,"damage_taken":0.0}],"is_beta":true,"boss_relics":[{"not_picked":["SacredBark","Runic Pyramid"],"picked":"Pandora\u0027s Box"},{"not_picked":["Empty Cage","Calling Bell"],"picked":"Fusion Hammer"}],"items_purged_floors":[36,41,54],"is_endless":false,"potions_floor_spawned":[1,5,11,21,23,25,31,35,44],"killed_by":"The Heart","ascension_level":20}}