{"host":"ek3xvuouaw6vk9if","time":1613093385,"event":{"mods":["AchievementEnabler","BaseMod","Better Third Choice","BetterRewards","Curses Come First","Dark Map","Downfall","FTL Soundtrack","Hubris","Minty Spire (QoL Compilation)","Permanent Neow","Quick Restart","Relic Stats","Replay The Spire","Spire Arcade","StSLib","The Jungle","The Mystic","Trackpad"],"gold_per_floor":[110,110,110,128,128,142,167,167,167,13,88,113,113,127,127,229,229,240,240,25,42,59,87,165,165,165,165,165,165,165],"floor_reached":29,"language":"ENG","playtime":1455,"items_purged":["mysticmod:Strike_Mystic"],"score":239,"play_id":"28507a59-ef7f-49c3-94e5-5eecb9b4a9a4","local_time":"20210211202945","is_ascension_mode":false,"campfire_choices":[{"data":"mysticmod:Dedication","floor":8,"key":"SMITH"},{"data":"mysticmod:Dedication+1","floor":13,"key":"SMITH"},{"data":"mysticmod:Dedication+2","floor":15,"key":"SMITH"},{"data":"mysticmod:Dedication+3","floor":25,"key":"SMITH"}],"circlet_count":0,"master_deck":["mysticmod:Strike_Mystic","mysticmod:Defend_Mystic","mysticmod:Defend_Mystic","mysticmod:Defend_Mystic","mysticmod:ArcaneDodge","mysticmod:ShockingGrasp","mysticmod:Dedication+4","mysticmod:KeenEdge","mysticmod:SpellCombat","mysticmod:Snowball","mysticmod:PureInstinct","mysticmod:Riposte","mysticmod:ObscuringMist+1","mysticmod:Flurry","mysticmod:Haste+1","mysticmod:MagicWeapon","mysticmod:Dedication","mysticmod:ObscuringMist+1","mysticmod:BladeMaster+1","mysticmod:Alacrity"],"relics":["mysticmod:SpellBook","hubris:Towel","Pear","Golden Egg","Ancient Tea Set","Coffee Dripper","trackpad:DisasterInABottle","trackpad:BottledShadow","Mummified Hand"],"acts_visited":["Exordium","Exordium"],"potions_floor_usage":[7,23,29],"damage_taken":[{"damage":3,"enemies":"2 Louse","floor":1,"turns":4},{"damage":3,"enemies":"Small Slimes","floor":4,"turns":4},{"damage":6,"enemies":"Cultist","floor":6,"turns":3},{"damage":18,"enemies":"3 Sentries","floor":7,"turns":11},{"damage":12,"enemies":"Large Slime","floor":14,"turns":6},{"damage":25,"enemies":"Hexaghost","floor":16,"turns":13},{"damage":7,"enemies":"Shell Parasite","floor":18,"turns":6},{"damage":18,"enemies":"theJungle:5_Spyders","floor":21,"turns":7},{"damage":15,"enemies":"Snake Plant","floor":22,"turns":4},{"damage":37,"enemies":"theJungle:Cassacara","floor":23,"turns":8},{"damage":2,"enemies":"theJungle:JungleHuntersEncounter","floor":29,"turns":2}],"seed_played":"-2919516308935857041","potions_obtained":[{"floor":4,"key":"Block Potion"},{"floor":16,"key":"Strength Potion"},{"floor":21,"key":"champ:CounterPotion"},{"floor":22,"key":"BlessingOfTheForge"},{"floor":23,"key":"Block Potion"}],"is_trial":false,"path_per_floor":["M","?","?","M","?","M","E","R","T","$","?","T","R","M","R","B",null,"M","?","$","M","M","E","T","R","T","?","?","M"],"character_chosen":"MYSTIC_CLASS","items_purchased":["mysticmod:ObscuringMist","mysticmod:ObscuringMist"],"campfire_rested":0,"item_purchase_floors":[10,20],"current_hp_per_floor":[74,74,74,71,71,65,57,57,57,57,46,46,46,34,34,9,87,80,80,80,62,47,10,10,10,10,10,2,0,0],"gold":165,"neow_bonus":"THREE_CARDS","is_daily":false,"chose_seed":false,"campfire_upgraded":4,"win_rate":0.0,"timestamp":1613093385,"path_taken":["M","?","?","?","?","M","E","R","T","?","?","?","R","M","R","BOSS","M","?","$","M","?","E","?","R","T","?","?","M"],"items_purchased_type":["Card","Card"],"build_version":"2020-12-22","purchased_purges":1,"victory":false,"max_hp_per_floor":[77,77,77,77,77,77,87,87,87,87,87,87,87,87,87,87,87,87,87,87,87,87,87,87,87,87,87,87,87,87],"relic_stats":{"counters":[11,68],"Mummified Hand":[0],"obtain_stats":[{"Golden Egg":9,"Pear":7,"Mummified Hand":26,"mysticmod:SpellBook":0,"trackpad:BottledShadow":24,"Coffee Dripper":17,"hubris:Towel":2,"Ancient Tea Set":12,"trackpad:DisasterInABottle":23},{"Golden Egg":4,"Pear":4,"Mummified Hand":10,"mysticmod:SpellBook":0,"trackpad:BottledShadow":10,"Coffee Dripper":6,"hubris:Towel":1,"Ancient Tea Set":4,"trackpad:DisasterInABottle":10},{"Golden Egg":22,"Pear":22,"Mummified Hand":66,"mysticmod:SpellBook":0,"trackpad:BottledShadow":66,"Coffee Dripper":41,"hubris:Towel":4,"Ancient Tea Set":22,"trackpad:DisasterInABottle":66}]},"card_choices":[{"not_picked":["mysticmod:ComponentsPouch","mysticmod:LightningBolt"],"picked":"mysticmod:Dedication","floor":0},{"not_picked":["mysticmod:PureInstinct","mysticmod:ComponentsPouch"],"picked":"mysticmod:KeenEdge","floor":1},{"not_picked":["mysticmod:PreparedCaster","mysticmod:BulkUp"],"picked":"mysticmod:Snowball","floor":4},{"not_picked":["mysticmod:SpontaneousCaster","mysticmod:EbbAndFlow"],"picked":"mysticmod:PureInstinct","floor":6},{"not_picked":["mysticmod:AllIn","mysticmod:Daze"],"picked":"mysticmod:Riposte","floor":7},{"not_picked":["mysticmod:FloatingDisk","mysticmod:EarthenWall"],"picked":"mysticmod:Flurry","floor":14},{"not_picked":["mysticmod:GreaterInvisibility","mysticmod:ClosingBarrage"],"picked":"mysticmod:Haste","floor":16},{"not_picked":["mysticmod:Snowball","mysticmod:Probe+1"],"picked":"mysticmod:MagicWeapon","floor":18},{"not_picked":["mysticmod:MirrorStrike","mysticmod:Grapple","mysticmod:Daze"],"picked":"SKIP","floor":21},{"not_picked":["mysticmod:Dedication","mysticmod:PunishingArmor"],"picked":"mysticmod:BladeMaster+1","floor":22},{"not_picked":["mysticmod:Disintegrate","mysticmod:Dedication"],"picked":"mysticmod:Alacrity","floor":23}],"player_experience":768066,"relics_obtained":[{"floor":7,"key":"Pear"},{"floor":9,"key":"Golden Egg"},{"floor":12,"key":"Ancient Tea Set"},{"floor":23,"key":"trackpad:DisasterInABottle"},{"floor":24,"key":"trackpad:BottledShadow"},{"floor":26,"key":"Mummified Hand"}],"event_choices":[{"damage_healed":0,"gold_gain":0,"cards_transformed":["mysticmod:Strike_Mystic"],"player_choice":"Transformed","damage_taken":0,"max_hp_gain":0,"max_hp_loss":0,"event_name":"Transmorgrifier","floor":3,"gold_loss":0,"cards_obtained":["mysticmod:SpellCombat"]},{"cards_removed":["mysticmod:Defend_Mystic"],"damage_healed":0,"gold_gain":0,"player_choice":"Purged","damage_taken":0,"max_hp_gain":0,"max_hp_loss":0,"event_name":"Purifier","floor":5,"gold_loss":0},{"damage_healed":0,"gold_gain":75,"player_choice":"Gold","damage_taken":11,"max_hp_gain":0,"max_hp_loss":0,"event_name":"betterThird:BetterGoop","floor":11,"gold_loss":0},{"damage_healed":0,"gold_gain":0,"cards_transformed":["mysticmod:Strike_Mystic"],"player_choice":"Transformed","damage_taken":0,"max_hp_gain":0,"max_hp_loss":0,"event_name":"Transmorgrifier","floor":19,"gold_loss":0,"cards_obtained":["mysticmod:Dedication"]},{"damage_healed":0,"gold_gain":0,"player_choice":"Damaged","damage_taken":8,"max_hp_gain":0,"max_hp_loss":0,"event_name":"Wheel of Change","floor":28,"gold_loss":0}],"is_beta":false,"boss_relics":[{"not_picked":["Replay:Bronze Core","Replay:Grab Bag"],"picked":"Coffee Dripper"}],"items_purged_floors":[20],"is_endless":false,"potions_floor_spawned":[4,16,21,22,23],"killed_by":"theJungle:JungleHuntersEncounter","ascension_level":0}}