{"host":"pazl5877qhghhrip","time":1613137921,"event":{"mods":["Act Like it!","BaseMod","Minty Spire (QoL Compilation)","Reliquary","Replay The Spire","RumiaBox-露米娅的神秘盒子","Spicy Shops","StSLib","【功能Mod】混沌之环修复补丁"],"gold_per_floor":[109,284,384,403,406,406,432,432,432,466,466,498,498,498,498,498,498],"floor_reached":16,"language":"ZHS","playtime":1182,"items_purged":[],"score":116,"play_id":"ac51e61a-9055-4408-ae9c-06ab350dd267","local_time":"20210212215201","is_ascension_mode":false,"campfire_choices":[{"data":"ReplayTheSpireMod:Muscle Training","floor":6,"key":"SMITH"},{"data":"Shrug It Off","floor":11,"key":"SMITH"},{"floor":15,"key":"REST"}],"circlet_count":0,"master_deck":["Strike_R","Strike_R","Strike_R","Strike_R","Strike_R","Defend_R","Defend_R","Defend_R+1","Defend_R","Bash","ReplayTheSpireMod:Muscle Training+1","Doubt","Shrug It Off+1","Thunderclap","ReplayTheSpireMod:Corrosion Curse","Quick Slash"],"relics":["Burning Blood","AddBug","SecretRecord","Baka2","SecretRecord"],"acts_visited":["Exordium"],"potions_floor_usage":[],"damage_taken":[{"damage":6.0,"enemies":"Cultist","floor":1.0,"turns":3.0},{"damage":6,"enemies":"Jaw Worm","floor":4,"turns":3},{"damage":7,"enemies":"Small Slimes","floor":5,"turns":2},{"damage":23,"enemies":"Replay:BlueRogue","floor":7,"turns":7},{"damage":55,"enemies":"Lagavulin","floor":10,"turns":6},{"damage":8,"enemies":"3 Sentries","floor":12,"turns":2},{"damage":47,"enemies":"Hexaghost","floor":16,"turns":6}],"seed_played":"-4598509486181275733","potions_obtained":[{"floor":4,"key":"Fire Potion"}],"is_trial":false,"path_per_floor":["M","?","?","M","M","R","E","?","T","E","R","E","T","?","R","B"],"character_chosen":"IRONCLAD","items_purchased":[],"campfire_rested":1,"item_purchase_floors":[],"current_hp_per_floor":[88,88,88,88,87,87,88,70,70,21,21,19,19,19,45,0,0],"gold":498,"neow_bonus":"TEN_PERCENT_HP_BONUS","is_daily":false,"chose_seed":false,"campfire_upgraded":2,"win_rate":0.0,"timestamp":1613137921,"path_taken":["M","?","?","M","?","R","E","?","T","E","R","E","?","?","R","BOSS"],"items_purchased_type":[],"build_version":"2020-12-22","purchased_purges":0,"victory":false,"max_hp_per_floor":[88,88,88,88,88,88,88,88,88,88,88,88,88,88,88,88,88],"card_choices":[{"not_picked":["Clash","Sword Boomerang"],"picked":"ReplayTheSpireMod:Muscle Training","floor":1},{"not_picked":["Wild Strike","Feel No Pain","Heavy Blade"],"picked":"SKIP","floor":4},{"not_picked":["ReplayTheSpireMod:LeadingStrike","Run Through"],"picked":"Shrug It Off","floor":5},{"not_picked":["Heavy Blade","Clash"],"picked":"Uppercut","floor":7},{"not_picked":["Power Through","Limit Break"],"picked":"Thunderclap","floor":10},{"not_picked":["Flame Barrier","Wild Strike"],"picked":"ReplayTheSpireMod:Corrosion Curse","floor":12}],"player_experience":227777,"relics_obtained":[{"floor":1,"key":"Baka"},{"floor":1,"key":"AddBug"},{"floor":4,"key":"Baka2"},{"floor":7,"key":"reliquary:Sideboard"},{"floor":9,"key":"Golden Egg"},{"floor":10,"key":"SecretRecord"},{"floor":10,"key":"Pantograph"},{"floor":12,"key":"MagicDraw1"}],"event_choices":[{"damage_healed":0,"gold_gain":175,"player_choice":"AGREE","damage_taken":0,"max_hp_gain":0,"max_hp_loss":0,"event_name":"Liars Game","floor":2,"gold_loss":0,"cards_obtained":["Doubt"]},{"damage_healed":0,"gold_gain":100,"player_choice":"Gold","damage_taken":0,"max_hp_gain":0,"max_hp_loss":0,"event_name":"Wheel of Change","floor":3,"gold_loss":0},{"damage_healed":0,"gold_gain":0,"player_choice":"Entered Light","damage_taken":18,"max_hp_gain":0,"max_hp_loss":0,"event_name":"Shining Light","floor":8,"gold_loss":0,"cards_upgraded":["Uppercut","Defend_R"]},{"cards_removed":["Uppercut"],"damage_healed":0,"gold_gain":0,"player_choice":"Took Card","damage_taken":0,"max_hp_gain":0,"max_hp_loss":0,"event_name":"NoteForYourself","floor":14,"gold_loss":0,"cards_obtained":["Quick Slash"]}],"is_beta":false,"boss_relics":[],"items_purged_floors":[],"is_endless":false,"potions_floor_spawned":[4],"killed_by":"Hexaghost","ascension_level":0}}