{"host":"8rqsnaeml9gxb0kp","time":1613089845,"event":{"mods":["AchievementEnabler","BaseMod","Dark Map","Minty Spire (QoL Compilation)","Relic Stats","StSLib","slay the spire mod where everything is the same but ironclad has a cowboy hat"],"gold_per_floor":[112,128,53,103,117,148,148,178,178,188,205,280,280,313,313,392,392,402,151,161,59,59,90,90,120,120,42,42,59,59,74,74,74,74],"floor_reached":33,"language":"ENG","playtime":2077,"items_purged":["Defend_R","Writhe"],"score":591,"play_id":"0a063fad-a6d8-477f-88fa-de4f5ba8d6fc","local_time":"20210211163045","is_ascension_mode":true,"campfire_choices":[{"data":"Perfected Strike","floor":7,"key":"SMITH"},{"floor":13,"key":"REST"},{"floor":15,"key":"REST"},{"floor":24,"key":"REST"},{"floor":28,"key":"REST"},{"data":"Jack Of All Trades","floor":30,"key":"SMITH"},{"data":"Armaments","floor":32,"key":"SMITH"}],"circlet_count":0,"master_deck":["AscendersBane","Strike_R","Strike_R","Strike_R","Strike_R","Strike_R","Defend_R","Defend_R","Defend_R","Bash","Perfected Strike+1","Perfected Strike","Headbutt","Thunderclap","Seeing Red","Iron Wave","Pommel Strike","True Grit","Ghostly Armor","Exhume","Jack Of All Trades+1","Armaments+1","Purity","Twin Strike","Power Through","Warcry","Shrug It Off"],"relics":["Burning Blood","Dead Branch","Shuriken","Matryoshka","Juzu Bracelet","Busted Crown","HandDrill","Smiling Mask","Vajra","Bag of Marbles","Toy Ornithopter","TungstenRod"],"acts_visited":["Exordium","TheCity"],"potions_floor_usage":[14,16,23,25,33],"damage_taken":[{"damage":6,"enemies":"Cultist","floor":1,"turns":4},{"damage":14,"enemies":"Jaw Worm","floor":2,"turns":3},{"damage":0,"enemies":"2 Louse","floor":5,"turns":2},{"damage":8,"enemies":"Gremlin Nob","floor":6,"turns":3},{"damage":30,"enemies":"Lagavulin","floor":8,"turns":5},{"damage":0,"enemies":"Large Slime","floor":10,"turns":4},{"damage":14,"enemies":"Gremlin Gang","floor":11,"turns":4},{"damage":23,"enemies":"3 Sentries","floor":14,"turns":6},{"damage":45,"enemies":"The Guardian","floor":16,"turns":7},{"damage":28,"enemies":"Shell Parasite","floor":18,"turns":3},{"damage":20,"enemies":"Spheric Guardian","floor":20,"turns":4},{"damage":26,"enemies":"Book of Stabbing","floor":23,"turns":4},{"damage":19,"enemies":"Gremlin Leader","floor":25,"turns":6},{"damage":2,"enemies":"Shelled Parasite and Fungi","floor":29,"turns":2},{"damage":15,"enemies":"Snake Plant","floor":31,"turns":3},{"damage":58,"enemies":"Collector","floor":33,"turns":7}],"seed_played":"2598913025623002058","potions_obtained":[{"floor":5,"key":"SpeedPotion"},{"floor":6,"key":"BloodPotion"},{"floor":11,"key":"Block Potion"},{"floor":14,"key":"SteroidPotion"},{"floor":20,"key":"GamblersBrew"},{"floor":23,"key":"SneckoOil"},{"floor":31,"key":"FearPotion"}],"is_trial":false,"path_per_floor":["M","M","$","?","M","E","R","E","T","M","M","?","R","E","R","B",null,"M","$","M","$","?","E","R","E","T","$","R","M","R","M","R","B"],"character_chosen":"IRONCLAD","items_purchased":["HandDrill","Jack Of All Trades","Purity","Warcry"],"campfire_rested":4,"item_purchase_floors":[19,19,21,27],"current_hp_per_floor":[68,60,60,60,66,64,64,40,40,46,38,27,49,32,54,15,60,38,38,24,24,24,19,41,28,28,28,50,54,54,45,45,0,0],"gold":74,"neow_bonus":"THREE_CARDS","is_daily":false,"chose_seed":false,"campfire_upgraded":3,"win_rate":0.0,"timestamp":1613089845,"path_taken":["M","M","$","?","?","E","R","E","T","M","M","?","R","E","R","BOSS","M","$","M","$","?","E","R","E","T","$","R","M","R","M","R","BOSS"],"items_purchased_type":["Relic","Card","Card","Card"],"build_version":"2020-12-22","purchased_purges":2,"victory":false,"max_hp_per_floor":[75,75,75,75,75,75,75,75,75,75,75,75,75,75,75,75,75,75,75,75,75,75,75,75,75,75,75,75,75,75,75,75,75,75],"relic_stats":{"Busted Crown":12,"counters":[16,67],"Shuriken":[14],"Dead Branch":[90],"Juzu Bracelet":0,"HandDrill":[14],"Smiling Mask":50,"obtain_stats":[{"Matryoshka":9,"Busted Crown":17,"Shuriken":8,"Dead Branch":6,"Vajra":23,"Juzu Bracelet":14,"HandDrill":19,"Bag of Marbles":25,"Smiling Mask":22,"Burning Blood":0,"Toy Ornithopter":26,"TungstenRod":26},{"Matryoshka":5,"Busted Crown":9,"Shuriken":5,"Dead Branch":4,"Vajra":12,"Juzu Bracelet":8,"HandDrill":10,"Bag of Marbles":13,"Smiling Mask":11,"Burning Blood":0,"Toy Ornithopter":13,"TungstenRod":13},{"Matryoshka":17,"Busted Crown":38,"Shuriken":17,"Dead Branch":12,"Vajra":49,"Juzu Bracelet":31,"HandDrill":41,"Bag of Marbles":55,"Smiling Mask":45,"Burning Blood":0,"Toy Ornithopter":55,"TungstenRod":55}],"Burning Blood":90,"Toy Ornithopter":5,"TungstenRod":9},"card_choices":[{"not_picked":["Blood for Blood","Armaments"],"picked":"Perfected Strike","floor":0},{"not_picked":["Warcry","Whirlwind"],"picked":"Perfected Strike","floor":1},{"not_picked":["Searing Blow","Clothesline"],"picked":"Headbutt","floor":2},{"not_picked":["Clash","Headbutt"],"picked":"Thunderclap","floor":5},{"not_picked":["Twin Strike","Fire Breathing"],"picked":"Seeing Red","floor":6},{"not_picked":["Fire Breathing","Clash"],"picked":"Iron Wave","floor":8},{"not_picked":["Evolve","Iron Wave"],"picked":"Pommel Strike","floor":10},{"not_picked":["Uppercut","Warcry"],"picked":"True Grit","floor":11},{"not_picked":["Juggernaut","Flex"],"picked":"Ghostly Armor","floor":14},{"not_picked":["Demon Form","Juggernaut"],"picked":"Exhume","floor":16},{"not_picked":["Combust"],"picked":"SKIP","floor":18},{"not_picked":[],"picked":"Armaments","floor":20},{"not_picked":[],"picked":"Twin Strike","floor":23},{"not_picked":[],"picked":"Power Through","floor":25},{"not_picked":["Searing Blow+1"],"picked":"SKIP","floor":29},{"not_picked":[],"picked":"Shrug It Off","floor":31}],"player_experience":198218,"relics_obtained":[{"floor":6,"key":"Dead Branch"},{"floor":8,"key":"Shuriken"},{"floor":9,"key":"Matryoshka"},{"floor":14,"key":"Juzu Bracelet"},{"floor":23,"key":"Vajra"},{"floor":25,"key":"Bag of Marbles"},{"floor":26,"key":"Toy Ornithopter"},{"floor":26,"key":"TungstenRod"}],"event_choices":[{"damage_healed":0,"gold_gain":50,"player_choice":"Pray","damage_taken":0,"max_hp_gain":0,"max_hp_loss":0,"event_name":"Golden Shrine","floor":4,"gold_loss":0},{"damage_healed":0,"gold_gain":75,"player_choice":"Gather Gold","damage_taken":11,"max_hp_gain":0,"max_hp_loss":0,"event_name":"World of Goop","floor":12,"gold_loss":0},{"damage_healed":0,"gold_gain":0,"player_choice":"Opened","damage_taken":0,"relics_obtained":["Smiling Mask"],"max_hp_gain":0,"max_hp_loss":0,"event_name":"The Mausoleum","floor":22,"gold_loss":0,"cards_obtained":["Writhe"]}],"is_beta":false,"boss_relics":[{"not_picked":["SacredBark","Runic Pyramid"],"picked":"Busted Crown"}],"items_purged_floors":[3,27],"is_endless":false,"potions_floor_spawned":[5,6,11,14,20,23,31],"killed_by":"Collector","ascension_level":19}}