{"host":"8r9w96u1r57aou22","time":1613147925,"event":{"mods":["AchievementEnabler","BaseMod","Colored Map","Colored Powertips","Keyboard Shortcuts","Minty Spire (QoL Compilation)","StSLib","SuperFastMode"],"gold_per_floor":[119,132,92,111,121,156,173,193,193,219,219,234,234,262,262,364,364,379,395,409,180,197,222,222,248,248,275,291,291,168,178,178,277,277,293,168,183,195,45,79,91,104,154,154,154,170,170,186,186,186,186,186,11,38,38],"floor_reached":56,"language":"KOR","playtime":3621,"items_purged":["Strike_P","Strike_P","Strike_P","BowlingBash","JustLucky"],"score":1263,"play_id":"d2930338-05e8-4b1b-8bc9-cced3a3abc05","local_time":"20210213013845","is_ascension_mode":true,"campfire_choices":[{"floor":13.0,"key":"REST"},{"data":"Eruption","floor":15.0,"key":"SMITH"},{"data":"Scrawl","floor":24.0,"key":"SMITH"},{"data":"Vault","floor":29.0,"key":"SMITH"},{"data":"Ragnarok","floor":32.0,"key":"SMITH"},{"data":"TalkToTheHand","floor":44,"key":"SMITH"},{"data":"CrushJoints","floor":47,"key":"SMITH"},{"floor":49,"key":"RECALL"},{"data":"Protect","floor":52,"key":"SMITH"}],"circlet_count":0,"master_deck":["Defend_P","Defend_P+1","Eruption+1","Vigilance","Study+1","DeceiveReality+1","LikeWater+1","EmptyFist","FollowUp+1","EmptyBody","SandsOfTime+1","Wallop+1","Scrawl+1","Ragnarok+1","Tantrum","WheelKick","Adaptation","InnerPeace","Vault+1","Protect+1","CrushJoints+1","MasterReality","Adaptation+1","TalkToTheHand+1","Halt+1","Establishment"],"relics":["Astrolabe","Pantograph","Nunchaku","Meat on the Bone","Coffee Dripper","Letter Opener","Tiny Chest","Mercury Hourglass","Bag of Preparation","SlaversCollar","White Beast Statue","Whetstone"],"acts_visited":["Exordium","TheCity","TheBeyond","TheEnding"],"potions_floor_usage":[41,41,46,54,55,55],"damage_taken":[{"damage":3.0,"enemies":"Jaw Worm","floor":1.0,"turns":5.0},{"damage":0.0,"enemies":"Cultist","floor":2.0,"turns":3.0},{"damage":4.0,"enemies":"2 Louse","floor":4.0,"turns":2.0},{"damage":0.0,"enemies":"2 Fungi Beasts","floor":5.0,"turns":4.0},{"damage":27.0,"enemies":"3 Sentries","floor":6.0,"turns":13.0},{"damage":4.0,"enemies":"Blue Slaver","floor":7.0,"turns":3.0},{"damage":0.0,"enemies":"Exordium Wildlife","floor":8.0,"turns":2.0},{"damage":19.0,"enemies":"Gremlin Nob","floor":10.0,"turns":4.0},{"damage":0.0,"enemies":"3 Louse","floor":12.0,"turns":2.0},{"damage":5.0,"enemies":"3 Sentries","floor":14.0,"turns":7.0},{"damage":9.0,"enemies":"Hexaghost","floor":16.0,"turns":10.0},{"damage":0.0,"enemies":"2 Thieves","floor":18.0,"turns":3.0},{"damage":1.0,"enemies":"Shell Parasite","floor":19.0,"turns":3.0},{"damage":0.0,"enemies":"Cultist and Chosen","floor":20.0,"turns":3.0},{"damage":20.0,"enemies":"Sentry and Sphere","floor":22.0,"turns":3.0},{"damage":27.0,"enemies":"Book of Stabbing","floor":23.0,"turns":4.0},{"damage":14.0,"enemies":"Gremlin Leader","floor":25.0,"turns":5.0},{"damage":0.0,"enemies":"Slavers","floor":27.0,"turns":5.0},{"damage":0.0,"enemies":"3 Cultists","floor":28.0,"turns":4.0},{"damage":0.0,"enemies":"Snecko","floor":31.0,"turns":4.0},{"damage":4.0,"enemies":"Champ","floor":33.0,"turns":8.0},{"damage":20.0,"enemies":"3 Darklings","floor":35.0,"turns":4.0},{"damage":2.0,"enemies":"Orb Walker","floor":37.0,"turns":3.0},{"damage":23,"enemies":"Writhing Mass","floor":38,"turns":6},{"damage":2,"enemies":"Nemesis","floor":40,"turns":4},{"damage":8,"enemies":"Jaw Worm Horde","floor":41,"turns":4},{"damage":0,"enemies":"Spire Growth","floor":42,"turns":3},{"damage":8,"enemies":"Sphere and 2 Shapes","floor":46,"turns":5},{"damage":9,"enemies":"Writhing Mass","floor":48,"turns":5},{"damage":40,"enemies":"Time Eater","floor":50,"turns":10},{"damage":36,"enemies":"Shield and Spear","floor":54,"turns":7},{"damage":36,"enemies":"The Heart","floor":55,"turns":10}],"seed_played":"-3598868881899395866","potions_obtained":[{"floor":3.0,"key":"Ancient Potion"},{"floor":3.0,"key":"FearPotion"},{"floor":3.0,"key":"EntropicBrew"},{"floor":7.0,"key":"AttackPotion"},{"floor":12.0,"key":"Fire Potion"},{"floor":19.0,"key":"CultistPotion"},{"floor":20.0,"key":"StancePotion"},{"floor":27.0,"key":"DuplicationPotion"},{"floor":28.0,"key":"Dexterity Potion"},{"floor":35.0,"key":"Dexterity Potion"},{"floor":38,"key":"EssenceOfSteel"},{"floor":41,"key":"FearPotion"},{"floor":42,"key":"LiquidMemories"},{"floor":46,"key":"DuplicationPotion"},{"floor":54,"key":"SkillPotion"}],"is_trial":false,"path_per_floor":["M","M","?","M","M","E","M","M","T","E","?","M","R","E","R","B",null,"M","M","M","$","M","E","R","E","T","E","M","R","$","M","R","B",null,"M","$","M","M","$","E","M","M","T","R","?","M","R","M","R","B",null,"R","$","E","B",null],"character_chosen":"WATCHER","items_purchased":["Adaptation","InnerPeace","CrushJoints"],"campfire_rested":1,"item_purchase_floors":[21,21,30],"current_hp_per_floor":[69,69,69,65,65,38,34,34,34,15,1,1,22,17,17,45,72,72,71,71,71,51,36,36,34,34,46,46,46,46,46,46,67,72,52,52,50,39,39,37,41,41,41,41,41,45,45,36,36,33,68,68,68,44,44],"gold":38,"neow_bonus":"BOSS_RELIC","is_daily":false,"chose_seed":false,"campfire_upgraded":7,"win_rate":0.0,"timestamp":1613147925,"path_taken":["M","M","?","M","?","E","M","M","T","E","?","M","R","E","R","BOSS","M","M","M","$","M","E","R","E","T","E","M","R","$","M","R","BOSS","M","$","M","M","$","E","M","M","T","R","?","M","R","M","R","BOSS","R","$","E","BOSS"],"items_purchased_type":["Card","Card","Card"],"build_version":"2020-12-22","purchased_purges":5,"victory":true,"max_hp_per_floor":[72,72,72,72,72,72,72,72,72,72,72,72,72,72,72,72,72,72,72,72,72,72,72,72,72,72,72,72,72,72,72,72,72,72,72,72,72,72,72,72,72,72,72,72,68,68,68,68,68,68,68,68,68,68,68],"card_choices":[{"not_picked":["SashWhip","Evaluate"],"picked":"EmptyFist","floor":1.0},{"not_picked":["CutThroughFate","Fasting2"],"picked":"FollowUp","floor":2.0},{"not_picked":["FlyingSleeves","FollowUp"],"picked":"JustLucky","floor":4.0},{"not_picked":["Perseverance","Conclude"],"picked":"EmptyBody","floor":5.0},{"not_picked":["Nirvana","FollowUp","Sanctity"],"picked":"SKIP","floor":6.0},{"not_picked":["JustLucky","LikeWater"],"picked":"BowlingBash","floor":7.0},{"not_picked":["DeceiveReality","Evaluate"],"picked":"SandsOfTime","floor":8.0},{"not_picked":["BowlingBash","Sanctity"],"picked":"Wallop","floor":10.0},{"not_picked":["Halt","Prostrate"],"picked":"Scrawl","floor":12.0},{"not_picked":["Evaluate","Pray","Fasting2"],"picked":"SKIP","floor":14.0},{"not_picked":["Blasphemy","Vault"],"picked":"Ragnarok","floor":16.0},{"not_picked":["Perseverance+1","CrushJoints"],"picked":"Tantrum","floor":18.0},{"not_picked":["FollowUp","Vengeance+1"],"picked":"WheelKick","floor":19.0},{"not_picked":["Prostrate+1","PathToVictory","ThirdEye"],"picked":"SKIP","floor":20.0},{"not_picked":["CarveReality","ThirdEye+1","Prostrate+1"],"picked":"SKIP","floor":22.0},{"not_picked":["Weave","Crescendo","Evaluate"],"picked":"SKIP","floor":23.0},{"not_picked":["WindmillStrike+1","Crescendo"],"picked":"Vault","floor":25.0},{"not_picked":["Swivel","EmptyFist+1"],"picked":"Protect","floor":27.0},{"not_picked":["SashWhip","EmptyFist","FlyingSleeves"],"picked":"SKIP","floor":28.0},{"not_picked":["MasterReality","LikeWater","FlyingSleeves"],"picked":"SKIP","floor":31.0},{"not_picked":["LessonLearned","Scrawl"],"picked":"MasterReality","floor":33.0},{"not_picked":["SashWhip+1","Collect","Crescendo"],"picked":"SKIP","floor":35.0},{"not_picked":["FearNoEvil+1","ThirdEye","BowlingBash+1"],"picked":"SKIP","floor":37.0},{"not_picked":["SashWhip","EmptyBody+1","CutThroughFate"],"picked":"SKIP","floor":38},{"not_picked":["EmptyFist+1","ThirdEye+1","Consecrate+1"],"picked":"SKIP","floor":40},{"not_picked":["FlurryOfBlows+1","FlyingSleeves+1"],"picked":"Adaptation+1","floor":41},{"not_picked":["CutThroughFate","CrushJoints"],"picked":"TalkToTheHand","floor":42},{"not_picked":["SandsOfTime+1","ThirdEye+1"],"picked":"Halt+1","floor":46},{"not_picked":["Protect+1","ReachHeaven+1"],"picked":"Establishment","floor":48},{"not_picked":["Adaptation","Swivel+1","BowlingBash+1"],"picked":"SKIP","floor":54}],"player_experience":317187,"relics_obtained":[{"floor":9.0,"key":"Pantograph"},{"floor":10.0,"key":"Nunchaku"},{"floor":14.0,"key":"Meat on the Bone"},{"floor":23.0,"key":"Letter Opener"},{"floor":25.0,"key":"Tiny Chest"},{"floor":26.0,"key":"Mercury Hourglass"},{"floor":27.0,"key":"Bag of Preparation"},{"floor":40,"key":"White Beast Statue"},{"floor":54,"key":"Whetstone"}],"event_choices":[{"damage_healed":0.0,"max_hp_gain":0.0,"max_hp_loss":0.0,"gold_gain":0.0,"event_name":"The Woman in Blue","player_choice":"Bought 3 Potions","floor":3.0,"gold_loss":0.0,"damage_taken":0.0},{"damage_healed":0.0,"max_hp_gain":0.0,"max_hp_loss":0.0,"gold_gain":0.0,"event_name":"Shining Light","player_choice":"Entered Light","floor":11.0,"gold_loss":0.0,"damage_taken":14.0,"cards_upgraded":["Defend_P","SandsOfTime"]},{"damage_healed":0,"gold_gain":0,"player_choice":"Max HP","damage_taken":0,"max_hp_gain":0,"max_hp_loss":4,"event_name":"Winding Halls","floor":45,"gold_loss":0}],"is_beta":false,"boss_relics":[{"not_picked":["SacredBark","Philosopher\u0027s Stone"],"picked":"Coffee Dripper"},{"not_picked":["Tiny House","Fusion Hammer"],"picked":"SlaversCollar"}],"items_purged_floors":[21,30,36,39,53],"is_endless":false,"potions_floor_spawned":[4,6,7,12,14,16,19,20,27,28,35,38,41,42,46,48,54],"ascension_level":1}}