{"host":"vyiqbz5w606ur92t","time":1613093815,"event":{"mods":["BaseMod","Downfall","Minty Spire (QoL Compilation)","StSLib"],"gold_per_floor":[99,117,132,190,31,31,55,68,86,113,113,139,139,139,159,233,233,233,252,262,362,133,143,168,168,168,64,64,79,79,112,123,196,196,96,96,96,96,96],"floor_reached":37,"language":"ENG","playtime":4670,"items_purged":["Slimebound:Strike_Slimebound","Slimebound:Strike_Slimebound"],"score":735,"play_id":"a2a882fa-812f-45b9-be9f-d15e7e039977","local_time":"20210212013655","is_ascension_mode":true,"campfire_choices":[{"data":"Slimebound:Split","floor":1.0,"key":"SMITH"},{"floor":11.0,"key":"REST"},{"data":"Slimebound:DouseInSlime","floor":13.0,"key":"SMITH"},{"data":"Slimebound:SlimeSlap","floor":18.0,"key":"SMITH"},{"floor":28,"key":"REST"},{"floor":35,"key":"RECALL"}],"circlet_count":0,"master_deck":["AscendersBane","Slimebound:Strike_Slimebound","Slimebound:Tackle","Slimebound:Defend_Slimebound","Slimebound:Defend_Slimebound","Slimebound:Defend_Slimebound","Slimebound:Defend_Slimebound","Slimebound:Split+1","Slimebound:CorrosiveSpit","Slimebound:SplitMire","Slimebound:AcidTongue","Slimebound:SplitLeeching","Slimebound:SpikyOuterGoop","Slimebound:LeechingTouch","Slimebound:SamplingLick","Slimebound:Schlurp","Slimebound:DouseInSlime+1","Slimebound:PressTheAttack","Slimebound:SlimeSlap+1","Slimebound:LevelUp","Slimebound:LevelUp","Slimebound:LivingWall","Slimebound:FirmFortitude","Slimebound:LevelUp","Ghostly","Ghostly","Ghostly","Slimebound:Overexert","Slimebound:Darklings","Slimebound:Gluttony","Slimebound:Darklings"],"relics":["Slimebound:AbsorbEndCombat","OrangePellets","Slimebound:ScrapOozeRelic","Bag of Preparation","Anchor","Orichalcum","Black Star","White Beast Statue","Enchiridion","Mummified Hand","Slimebound:SlimedSkullRelic","Bottled Tornado","Sozu","downfall:HeartBlessingBlue","Oddly Smooth Stone"],"acts_visited":["Exordium","TheCity","TheBeyond"],"potions_floor_usage":[27,33,37,37],"damage_taken":[{"damage":5.0,"enemies":"2 Louse","floor":2.0,"turns":2.0},{"damage":2.0,"enemies":"Jaw Worm","floor":3.0,"turns":5.0},{"damage":46.0,"enemies":"3 Sentries","floor":4.0,"turns":9.0},{"damage":2.0,"enemies":"downfall:FleeingMerchant","floor":5.0,"turns":4.0},{"damage":5.0,"enemies":"Small Slimes","floor":8.0,"turns":4.0},{"damage":13.0,"enemies":"Exordium Thugs","floor":9.0,"turns":5.0},{"damage":4.0,"enemies":"Lagavulin","floor":10.0,"turns":6.0},{"damage":17.0,"enemies":"3 Sentries","floor":12.0,"turns":7.0},{"damage":0.0,"enemies":"Red Slaver","floor":15.0,"turns":4.0},{"damage":32.0,"enemies":"WA_ARCHETYPE_RETAIN","floor":16.0,"turns":7.0},{"damage":7.0,"enemies":"Chosen","floor":19.0,"turns":6.0},{"damage":0.0,"enemies":"Shell Parasite","floor":20.0,"turns":4.0},{"damage":12.0,"enemies":"downfall:LadyInBlue","floor":21.0,"turns":6.0},{"damage":8.0,"enemies":"downfall:FleeingMerchant","floor":22.0,"turns":4.0},{"damage":0.0,"enemies":"Snecko","floor":23.0,"turns":4.0},{"damage":10,"enemies":"downfall:FleeingMerchant","floor":27,"turns":4},{"damage":3,"enemies":"3 Cultists","floor":29,"turns":3},{"damage":0,"enemies":"Book of Stabbing","floor":31,"turns":3},{"damage":2,"enemies":"Centurion and Healer","floor":32,"turns":6},{"damage":23,"enemies":"IC_MUSHROOM_ARCHETYPE","floor":33,"turns":7},{"damage":60,"enemies":"2 Orb Walkers","floor":37,"turns":3}],"seed_played":"-7976951599522882379","potions_obtained":[{"floor":4.0,"key":"champ:CounterPotion"},{"floor":8.0,"key":"Energy Potion"},{"floor":14.0,"key":"Swift Potion"},{"floor":16.0,"key":"ColorlessPotion"},{"floor":27,"key":"GamblersBrew"},{"floor":29,"key":"Dexterity Potion"},{"floor":31,"key":"Regen Potion"},{"floor":33,"key":"EssenceOfSteel"}],"is_trial":false,"path_per_floor":["R","M","M","?","$","?","T","M","M","E","R","E","R","?","M","B",null,"R","M","M","?","$","M","T","?","?","$","R","M","?","E","M","B",null,"R","?","?"],"character_chosen":"SLIMEBOUND","items_purchased":["OrangePellets","Slimebound:FirmFortitude","Mummified Hand","Slimebound:Overexert"],"campfire_rested":2,"item_purchase_floors":[5,22,27,27],"current_hp_per_floor":[58,55,61,23,27,27,27,24,17,21,40,31,31,31,33,9,50,50,49,55,49,47,51,51,32,11,9,18,21,21,27,31,11,27,37,37,0,0,0],"gold":96,"neow_bonus":"TEN_PERCENT_HP_BONUS","is_daily":false,"chose_seed":false,"campfire_upgraded":3,"win_rate":0.0,"timestamp":1613093815,"path_taken":["R","M","M","?","$","?","T","?","M","E","R","E","R","?","M","BOSS","R","M","M","?","$","?","T","?","?","$","R","M","?","E","M","BOSS","R","?","?"],"items_purchased_type":["Relic","Card","Relic","Card"],"build_version":"2020-12-22","purchased_purges":2,"victory":false,"max_hp_per_floor":[64,64,64,64,64,64,64,64,64,64,64,64,64,64,64,64,64,64,64,64,64,64,64,64,32,32,32,32,32,32,32,32,32,32,42,42,42,42,42],"card_choices":[{"not_picked":["Slimebound:FormOfPuddle","Slimebound:GoopTackle"],"picked":"Slimebound:SplitMire","floor":2.0},{"not_picked":["Slimebound:GoopTackle","Slimebound:Schlurp"],"picked":"Slimebound:AcidTongue","floor":3.0},{"not_picked":["Slimebound:LivingWall","Slimebound:RollThrough"],"picked":"Slimebound:SplitLeeching","floor":4.0},{"not_picked":["Slimebound:BestDefense","Slimebound:FormOfPuddle"],"picked":"Slimebound:SpikyOuterGoop","floor":5.0},{"not_picked":["Slimebound:GoopTackle","Slimebound:ComboTackle"],"picked":"Slimebound:LeechingTouch","floor":8.0},{"not_picked":["Slimebound:SplitMire","Slimebound:LeechEnergy"],"picked":"Slimebound:SamplingLick","floor":9.0},{"not_picked":["Slimebound:FormOfPuddle","Slimebound:RainOfGoop"],"picked":"Slimebound:Schlurp","floor":10.0},{"not_picked":["Slimebound:PressTheAttack","Slimebound:Grow"],"picked":"Slimebound:DouseInSlime","floor":12.0},{"not_picked":["Slimebound:HauntingLick","Slimebound:SlimeSpikes"],"picked":"Slimebound:PressTheAttack","floor":15.0},{"not_picked":["Slimebound:Teamwork","Slimebound:OozeBath"],"picked":"Slimebound:SlimeSlap","floor":16.0},{"not_picked":["Slimebound:LeechEnergy","Slimebound:LeechingTouch","Slimebound:ForwardTackle"],"picked":"SKIP","floor":19.0},{"not_picked":["Slimebound:DisruptingSlam+1","Slimebound:ForwardTackle"],"picked":"Slimebound:LevelUp","floor":20.0},{"not_picked":["Slimebound:SplitMire","Slimebound:Schlurp"],"picked":"Slimebound:LevelUp","floor":21.0},{"not_picked":["Slimebound:HungryTackle","Slimebound:TongueLash"],"picked":"Slimebound:LivingWall","floor":22.0},{"not_picked":["Slimebound:SlimeSpikes","Slimebound:SplitMire"],"picked":"Slimebound:LevelUp","floor":23.0},{"not_picked":["Slimebound:SlimeSpikes","Slimebound:LivingWall","Slimebound:DivideAndConquer"],"picked":"SKIP","floor":27},{"not_picked":["Slimebound:AcidTongue","Slimebound:ComboTackle+1"],"picked":"Slimebound:Darklings","floor":29},{"not_picked":["Slimebound:Chomp","Slimebound:RejuvenatingLick","Slimebound:DuplicatedForm"],"picked":"SKIP","floor":31},{"not_picked":["Slimebound:Grow","Slimebound:SplitBruiser"],"picked":"Slimebound:Gluttony","floor":32},{"not_picked":["Slimebound:TagTeam","Slimebound:Overexert"],"picked":"Slimebound:Darklings","floor":33}],"player_experience":1746302,"relics_obtained":[{"floor":4.0,"key":"Akabeko"},{"floor":7.0,"key":"Bag of Preparation"},{"floor":10.0,"key":"Anchor"},{"floor":12.0,"key":"Orichalcum"},{"floor":21.0,"key":"White Beast Statue"},{"floor":26.0,"key":"Enchiridion"},{"floor":31,"key":"Slimebound:SlimedSkullRelic"},{"floor":31,"key":"Bottled Tornado"},{"floor":36,"key":"Oddly Smooth Stone"}],"event_choices":[{"damage_healed":0.0,"max_hp_gain":0.0,"max_hp_loss":0.0,"gold_gain":0.0,"event_name":"Lab","player_choice":"Got Potions","floor":14.0,"gold_loss":0.0,"damage_taken":0.0},{"damage_healed":0.0,"max_hp_gain":0.0,"max_hp_loss":32.0,"gold_gain":0.0,"event_name":"Ghosts","player_choice":"Became a Ghost","floor":25.0,"gold_loss":0.0,"damage_taken":0.0,"cards_obtained":["Ghostly","Ghostly","Ghostly"]},{"damage_healed":0,"gold_gain":0,"player_choice":"Fight","damage_taken":0,"max_hp_gain":0,"max_hp_loss":0,"event_name":"Mysterious Sphere","floor":37,"gold_loss":0}],"is_beta":false,"boss_relics":[{"not_picked":["Slimebound:AbsorbEndCombatUpgraded","Calling Bell"],"picked":"Black Star"},{"not_picked":["bronze:MakeshiftBattery","Empty Cage"],"picked":"Sozu"}],"items_purged_floors":[22,27],"is_endless":false,"potions_floor_spawned":[4,8,9,15,16,21,22,23,27,29,31,32,33],"killed_by":"2 Orb Walkers","ascension_level":15}}