{"host":"fbdlh90rovbiajun","time":1613149782,"event":{"mods":["AchievementEnabler","BaseMod","Colored Map","Minty Spire (QoL Compilation)","SuperFastMode"],"gold_per_floor":[111,111,111,125,50,90,90,90,136,149,170,190,190,213,213,213,213],"floor_reached":16,"language":"KOR","playtime":300,"items_purged":["Defend_P"],"score":127,"play_id":"87ad6dae-e774-4d17-8fb4-0ebf9ad4055b","local_time":"20210213020942","is_ascension_mode":false,"campfire_choices":[{"data":"Eruption","floor":7,"key":"SMITH"},{"data":"CrushJoints","floor":15,"key":"SMITH"}],"circlet_count":0,"master_deck":["Strike_P","Strike_P","Strike_P","Strike_P","Defend_P","Defend_P","Defend_P","Eruption+1","Vigilance","CrushJoints+1","CrushJoints"],"relics":["PureWater","NeowsBlessing","Golden Idol","Shuriken","Potion Belt","Bronze Scales"],"acts_visited":["Exordium"],"potions_floor_usage":[16,16,16],"damage_taken":[{"damage":0,"enemies":"Cultist","floor":1,"turns":1},{"damage":0,"enemies":"2 Louse","floor":4,"turns":1},{"damage":0,"enemies":"Lagavulin","floor":6,"turns":1},{"damage":1,"enemies":"Small Slimes","floor":10,"turns":2},{"damage":7,"enemies":"Looter","floor":11,"turns":3},{"damage":13,"enemies":"2 Fungi Beasts","floor":12,"turns":3},{"damage":16,"enemies":"Red Slaver","floor":14,"turns":3},{"damage":28,"enemies":"Hexaghost","floor":16,"turns":3}],"seed_played":"2889585199974600745","potions_obtained":[{"floor":10,"key":"CultistPotion"},{"floor":11,"key":"Weak Potion"},{"floor":12,"key":"LiquidMemories"},{"floor":14,"key":"Dexterity Potion"}],"is_trial":false,"path_per_floor":["M","?","?","M","$","E","R","$","T","M","M","M","?","M","R","B"],"character_chosen":"WATCHER","items_purchased":[],"campfire_rested":0,"item_purchase_floors":[],"current_hp_per_floor":[72,54,59,59,59,59,59,59,59,58,51,38,35,19,19,0,0],"gold":213,"neow_bonus":"THREE_ENEMY_KILL","is_daily":false,"chose_seed":false,"campfire_upgraded":2,"win_rate":0.0,"timestamp":1613149782,"path_taken":["M","?","?","M","$","E","R","$","T","M","M","M","?","M","R","BOSS"],"items_purchased_type":[],"build_version":"2020-12-22","purchased_purges":1,"victory":false,"max_hp_per_floor":[72,72,77,77,77,77,77,77,77,77,77,77,77,77,77,77,77],"card_choices":[{"not_picked":["Evaluate","Pray"],"picked":"CrushJoints","floor":1},{"not_picked":["SignatureMove","ForeignInfluence","ClearTheMind"],"picked":"SKIP","floor":4},{"not_picked":["ReachHeaven","SignatureMove","BowlingBash"],"picked":"SKIP","floor":6},{"not_picked":["FollowUp","EmptyFist","BowlingBash"],"picked":"SKIP","floor":10},{"not_picked":["BattleHymn","EmptyMind","Protect"],"picked":"SKIP","floor":11},{"not_picked":["ThirdEye","BattleHymn"],"picked":"CrushJoints","floor":12},{"not_picked":["EmptyBody","JustLucky","DeceiveReality"],"picked":"SKIP","floor":14}],"player_experience":15101,"relics_obtained":[{"floor":6,"key":"Shuriken"},{"floor":9,"key":"Potion Belt"}],"event_choices":[{"damage_healed":0,"gold_gain":0,"player_choice":"Take Damage","damage_taken":18,"relics_obtained":["Golden Idol"],"max_hp_gain":0,"max_hp_loss":0,"event_name":"Golden Idol","floor":2,"gold_loss":0},{"damage_healed":0,"gold_gain":0,"player_choice":"Donut","damage_taken":0,"max_hp_gain":5,"max_hp_loss":0,"event_name":"Big Fish","floor":3,"gold_loss":0},{"damage_healed":0,"gold_gain":0,"player_choice":"Success","damage_taken":3,"relics_obtained":["Bronze Scales"],"max_hp_gain":0,"max_hp_loss":0,"event_name":"Scrap Ooze","floor":13,"gold_loss":0}],"is_beta":false,"boss_relics":[],"items_purged_floors":[5],"is_endless":false,"potions_floor_spawned":[10,11,12,14],"killed_by":"Hexaghost","ascension_level":0}}