{"host":"b0hh64pqctf46s8m","time":1613089916,"event":{"mods":["100% Spire Juice","Act Like it!","Aspiration","BaseMod","Bestiary","Better Third Choice","CCEM2","CapriCore","ChefMod","Conspire","Curses Come First","Displayed Cursed Tome","Dota2Spire","Downfall","Ekko","Elementarium","Evolution","Fireblade Mod","Fox Events","Halation","Hallownest","Hermit","Hubris","Infinite Spire","Jess\u0027s Bottle","JesterMod","Jorbs\u0027s Wanderer Trilogy","Koishi","Kratos Character Expansion","Lobotomy","Luminous","Mari Mod (Legacy)","Mari\u0027s V1 Patch","Menagerie","Mimic Mod","Minty Spire (QoL Compilation)","Pale of the Ancients","Permanent Neow","Pikachu Mod","QueenMod","Random Character Button","Relic Sorter","Relic Stats","Reliquary","Replay The Spire","Robot Space Explorer","Shade Mod","Spire Arcade","StSLib","The Blue Laboratory","The Bug Knight","The Dragon Tamer","The Hayseed","The Immortal","TheSurvivalist","TheSwordswoman","TheVacant","TheWitcher","Treasure Hunter","UnlockEverythingMod","Wandering Minibosses","??????REMEMod"],"gold_per_floor":[99,109,125,59,79,106,142,156,182,196,38,70,80,65,80,80,80],"floor_reached":16,"language":"ENG","playtime":979,"items_purged":[],"score":114,"play_id":"a6e539f6-8135-42d3-8a30-fead3b04c701","local_time":"20210211163156","is_ascension_mode":false,"campfire_choices":[{"data":"Luminous:Armageddon_Luminous","floor":1,"key":"SMITH"}],"circlet_count":0,"master_deck":["hermit:Strike_Hermit","hermit:Strike_Hermit","hermit:Strike_Hermit","hermit:Strike_Hermit","hermit:Defend_Hermit","hermit:Defend_Hermit","hermit:Defend_Hermit","hermit:Defend_Hermit","hermit:Snapshot","hermit:Covet","Luminous:Armageddon_Luminous+1","hermit:TrackingShot","hermit:Feint","hermit:FlashPowder","hermit:Roulette","hermit:Quickdraw","hermit:Maintenance","hermit:Maintenance","hermit:CursedWeapon","hermit:Dive","hermit:Roughhouse","hermit:ItchyTrigger","hermit:GhostlyPresence"],"relics":["hermit:Momento","Dota2Spire:DrumOfEndurance","REME_ComplimentaryCards","EVO:Axolotl","reliquary:Aerogel","aspiration:HummingbirdHeart","hubris:64BitClover"],"acts_visited":["Exordium"],"potions_floor_usage":[10,16],"damage_taken":[{"damage":0,"enemies":"Cultist","floor":2,"turns":3},{"damage":2,"enemies":"Small Slimes","floor":3,"turns":4},{"damage":0,"enemies":"downfall:FleeingMerchant","floor":4,"turns":6},{"damage":6,"enemies":"Jaw Worm","floor":5,"turns":2},{"damage":0,"enemies":"2 Fungi Beasts","floor":7,"turns":7},{"damage":2,"enemies":"2 Fungi Beasts","floor":8,"turns":4},{"damage":4,"enemies":"Lagavulin","floor":9,"turns":8},{"damage":7,"enemies":"Gremlin Gang","floor":10,"turns":5},{"damage":2,"enemies":"downfall:FleeingMerchant","floor":11,"turns":6},{"damage":24,"enemies":"HollowMod:MossKnight","floor":12,"turns":14},{"damage":2,"enemies":"Exordium Wildlife","floor":13,"turns":2},{"damage":12,"enemies":"downfall:FleeingMerchant","floor":14,"turns":6},{"damage":2,"enemies":"Large Slime","floor":15,"turns":6},{"damage":14,"enemies":"DF_ARCHETYPE_STREAMLINE","floor":16,"turns":6}],"seed_played":"-9141283719859990835","potions_obtained":[{"floor":0,"key":"AttackPotion"},{"floor":0,"key":"blueLaboratory:NullPotion"},{"floor":0,"key":"blueLaboratory:BottledHope"},{"floor":12,"key":"SkillPotion"}],"is_trial":false,"path_per_floor":["R","M","M","$","M","T","MIM","M","E","M","$","E","M","$","M","B"],"character_chosen":"HERMIT","items_purchased":["hermit:Roulette","hermit:Roughhouse"],"campfire_rested":0,"item_purchase_floors":[4,11],"current_hp_per_floor":[75,75,73,73,67,67,67,65,61,54,52,28,26,14,12,0,0],"gold":80,"neow_bonus":"THREE_SMALL_POTIONS","is_daily":false,"chose_seed":false,"campfire_upgraded":1,"win_rate":0.0,"timestamp":1613089916,"path_taken":["R","M","M","$","M","?","MIM","M","E","M","$","E","M","$","M","BOSS"],"items_purchased_type":["Card","Card"],"build_version":"2020-12-22","purchased_purges":0,"victory":false,"max_hp_per_floor":[75,75,75,75,75,75,75,75,75,75,75,75,75,75,75,75,75],"relic_stats":{"counters":[14,79],"obtain_stats":[{"reliquary:Aerogel":7,"hubris:64BitClover":12,"Dota2Spire:DrumOfEndurance":6,"aspiration:HummingbirdHeart":9,"EVO:Axolotl":0,"hermit:Momento":0,"REME_ComplimentaryCards":0},{"reliquary:Aerogel":5,"hubris:64BitClover":10,"Dota2Spire:DrumOfEndurance":4,"aspiration:HummingbirdHeart":7,"EVO:Axolotl":0,"hermit:Momento":0,"REME_ComplimentaryCards":0},{"reliquary:Aerogel":22,"hubris:64BitClover":59,"Dota2Spire:DrumOfEndurance":15,"aspiration:HummingbirdHeart":34,"EVO:Axolotl":0,"hermit:Momento":0,"REME_ComplimentaryCards":0}]},"card_choices":[{"not_picked":["hermit:Shortfuse","hermit:Malice"],"picked":"hermit:TrackingShot","floor":2},{"not_picked":["hermit:Cheat","hermit:Shortfuse"],"picked":"hermit:Feint","floor":3},{"not_picked":["hermit:Feint","hermit:Gambit"],"picked":"hermit:FlashPowder","floor":4},{"not_picked":["hermit:CalledShot","hermit:Misfire"],"picked":"hermit:Quickdraw","floor":5},{"not_picked":["TH:ArmorSpikes","TH:ElvenBoots"],"picked":"SKIP","floor":6},{"not_picked":["hermit:Malice","hermit:FlashPowder"],"picked":"hermit:Maintenance","floor":8},{"not_picked":["hermit:TakeAim","hermit:CursedWeapon"],"picked":"hermit:Maintenance","floor":9},{"not_picked":["TH:EnergyPotion","TH:ArmorSpikes"],"picked":"SKIP","floor":9},{"not_picked":["hermit:Ricochet","hermit:TakeCover"],"picked":"hermit:CursedWeapon","floor":10},{"not_picked":["hermit:ShadowCloak","hermit:Showdown"],"picked":"hermit:Dive","floor":11},{"not_picked":["hermit:Roulette","hermit:WideOpen"],"picked":"hermit:ItchyTrigger","floor":12},{"not_picked":["TH:Mimic","TH:EnergyPotion"],"picked":"SKIP","floor":12},{"not_picked":["hermit:Deadeye","hermit:Brawl"],"picked":"hermit:GhostlyPresence","floor":13},{"not_picked":["hermit:Dive","hermit:Snipe","hermit:BodyArmor"],"picked":"SKIP","floor":14},{"not_picked":["hermit:Spite","hermit:Dive","hermit:Desperado"],"picked":"SKIP","floor":15}],"player_experience":1576664,"relics_obtained":[{"floor":6,"key":"Dota2Spire:DrumOfEndurance"},{"floor":7,"key":"reliquary:Aerogel"},{"floor":9,"key":"aspiration:HummingbirdHeart"},{"floor":12,"key":"hubris:64BitClover"}],"event_choices":[],"is_beta":false,"boss_relics":[],"items_purged_floors":[],"is_endless":false,"potions_floor_spawned":[2,8,9,12],"killed_by":"DF_ARCHETYPE_STREAMLINE","ascension_level":0}}