{"host":"gobyjzz6xbwq9f9i","time":1613113352,"event":{"mods":["AchievementEnabler","BaseMod","Bestiary","Colored Map","Minty Spire (QoL Compilation)","Relic Stats"],"gold_per_floor":[117,192,192,47,47,47,60,81,81,99,112,126,161,176,176,300,300,315,240,261,360,39,39,79,110,122,134,146,146],"floor_reached":28,"language":"ENG","playtime":1035,"items_purged":["Strike_B","Strike_B"],"score":385,"play_id":"f6a8f15f-85c3-46a1-a725-ea8bbf4a7622","local_time":"20210211230232","is_ascension_mode":true,"campfire_choices":[{"data":"Compile Driver","floor":6,"key":"SMITH"},{"data":"Defragment","floor":15,"key":"SMITH"},{"data":"Fission","floor":23,"key":"SMITH"}],"circlet_count":0,"master_deck":["AscendersBane","Defend_B","Defend_B","Defend_B","Defend_B","Zap","Dualcast","Compile Driver+1","Genetic Algorithm","Barrage","Compile Driver","Conserve Battery","Ball Lightning","Coolheaded","Sweeping Beam","Steam","Defragment+1","Genetic Algorithm","Fission+1","Reinforced Body+1","Turbo+1","Ball Lightning","Defragment","Consume","BootSequence+1","Doubt","Bite","Bite","Bite","Bite","Bite"],"relics":["Cracked Core","Bag of Preparation","Golden Idol","Runic Capacitor","Prayer Wheel","Dream Catcher","Cursed Key","TheAbacus","MawBank","Strawberry"],"acts_visited":["Exordium","TheCity"],"potions_floor_usage":[13,13,16,28,28],"damage_taken":[{"damage":0,"enemies":"Cultist","floor":1,"turns":3},{"damage":7,"enemies":"Small Slimes","floor":7,"turns":3},{"damage":0,"enemies":"2 Louse","floor":8,"turns":2},{"damage":3,"enemies":"Blue Slaver","floor":10,"turns":3},{"damage":0,"enemies":"Large Slime","floor":11,"turns":4},{"damage":5,"enemies":"Exordium Thugs","floor":12,"turns":4},{"damage":4,"enemies":"Lagavulin","floor":13,"turns":5},{"damage":0,"enemies":"Exordium Wildlife","floor":14,"turns":3},{"damage":4,"enemies":"The Guardian","floor":16,"turns":10},{"damage":0,"enemies":"Chosen","floor":18,"turns":4},{"damage":3,"enemies":"2 Thieves","floor":20,"turns":5},{"damage":46,"enemies":"Gremlin Leader","floor":24,"turns":8},{"damage":0,"enemies":"Snecko","floor":25,"turns":7},{"damage":35,"enemies":"Slavers","floor":28,"turns":4}],"seed_played":"-5339638687446741067","potions_obtained":[{"floor":10,"key":"Energy Potion"},{"floor":12,"key":"DuplicationPotion"},{"floor":13,"key":"Explosive Potion"},{"floor":14,"key":"DuplicationPotion"},{"floor":20,"key":"Dexterity Potion"}],"is_trial":false,"path_per_floor":["M","?","?","$","?","R","M","M","T","M","M","M","E","M","R","B",null,"M","$","M","?","$","R","E","M","T","?","E"],"character_chosen":"DEFECT","items_purchased":["Runic Capacitor","Defragment","TheAbacus"],"campfire_rested":0,"item_purchase_floors":[4,22,22],"current_hp_per_floor":[68,57,39,39,64,64,57,57,57,54,54,49,45,45,45,41,67,67,67,64,64,64,64,18,18,25,25,0,0],"gold":146,"neow_bonus":"RANDOM_COMMON_RELIC","is_daily":false,"chose_seed":false,"campfire_upgraded":3,"win_rate":0.0,"timestamp":1613113352,"path_taken":["M","?","?","$","?","R","M","M","T","M","M","M","E","M","R","BOSS","M","$","M","?","$","R","E","M","T","?","E"],"items_purchased_type":["Relic","Card","Relic"],"build_version":"2020-12-22","purchased_purges":2,"victory":false,"max_hp_per_floor":[75,75,75,75,75,75,75,75,75,75,75,75,75,75,75,75,75,75,75,75,75,75,75,75,75,82,57,57,57],"relic_stats":{"Dream Catcher":0,"TheAbacus":[24],"counters":[14,65],"Golden Idol":71,"Prayer Wheel":7,"Bag of Preparation":[28],"Cursed Key":1,"MawBank":48,"obtain_stats":[{"Dream Catcher":13,"TheAbacus":22,"Golden Idol":3,"Strawberry":26,"Prayer Wheel":9,"Bag of Preparation":0,"Runic Capacitor":4,"Cracked Core":0,"Cursed Key":17,"MawBank":24},{"Dream Catcher":7,"TheAbacus":11,"Golden Idol":1,"Strawberry":13,"Prayer Wheel":3,"Bag of Preparation":0,"Runic Capacitor":1,"Cracked Core":0,"Cursed Key":9,"MawBank":12},{"Dream Catcher":24,"TheAbacus":46,"Golden Idol":3,"Strawberry":61,"Prayer Wheel":8,"Bag of Preparation":0,"Runic Capacitor":3,"Cracked Core":0,"Cursed Key":37,"MawBank":54}]},"card_choices":[{"not_picked":["Gash","Streamline"],"picked":"Compile Driver","floor":1},{"not_picked":["Steam Power","Beam Cell"],"picked":"Genetic Algorithm","floor":7},{"not_picked":["Reinforced Body","Redo"],"picked":"Barrage","floor":8},{"not_picked":["Blizzard","Conserve Battery"],"picked":"Compile Driver","floor":10},{"not_picked":["Loop","Compile Driver"],"picked":"Conserve Battery","floor":10},{"not_picked":["Reprogram","Self Repair"],"picked":"Ball Lightning","floor":11},{"not_picked":["Go for the Eyes","Creative AI"],"picked":"Coolheaded","floor":11},{"not_picked":["Streamline","Aggregate"],"picked":"Sweeping Beam","floor":12},{"not_picked":["Blizzard","Rebound","Reprogram"],"picked":"SKIP","floor":12},{"not_picked":["Rebound","Storm"],"picked":"Steam","floor":13},{"not_picked":["Cold Snap","Coolheaded"],"picked":"Defragment","floor":14},{"not_picked":["Gash","Turbo"],"picked":"Genetic Algorithm","floor":14},{"not_picked":["Buffer","Hyperbeam"],"picked":"Fission","floor":16},{"not_picked":["Steam+1","Conserve Battery"],"picked":"Reinforced Body+1","floor":18},{"not_picked":["Hologram","BootSequence","Sweeping Beam"],"picked":"SKIP","floor":18},{"not_picked":["Streamline","Recycle+1"],"picked":"Turbo+1","floor":20},{"not_picked":["Recycle","Gash"],"picked":"Ball Lightning","floor":20},{"not_picked":["Tempest","Streamline","Recycle"],"picked":"SKIP","floor":24},{"not_picked":["Steam","Hologram+1"],"picked":"Consume","floor":25},{"not_picked":["Leap","All For One"],"picked":"BootSequence+1","floor":25}],"player_experience":1342490,"relics_obtained":[{"floor":9,"key":"Prayer Wheel"},{"floor":13,"key":"Dream Catcher"},{"floor":24,"key":"MawBank"},{"floor":26,"key":"Strawberry"}],"event_choices":[{"damage_healed":0,"gold_gain":75,"player_choice":"Gather Gold","damage_taken":11,"max_hp_gain":0,"max_hp_loss":0,"event_name":"World of Goop","floor":2,"gold_loss":0},{"damage_healed":0,"gold_gain":0,"player_choice":"Take Damage","damage_taken":18,"relics_obtained":["Golden Idol"],"max_hp_gain":0,"max_hp_loss":0,"event_name":"Golden Idol","floor":3,"gold_loss":0},{"damage_healed":25,"gold_gain":0,"player_choice":"Banana","damage_taken":0,"max_hp_gain":0,"max_hp_loss":0,"event_name":"Big Fish","floor":5,"gold_loss":0},{"damage_healed":0,"gold_gain":99,"player_choice":"Stole From Cult","damage_taken":0,"max_hp_gain":0,"max_hp_loss":0,"event_name":"Nest","floor":21,"gold_loss":0},{"damage_healed":0,"gold_gain":0,"player_choice":"Became a vampire","damage_taken":0,"max_hp_gain":0,"max_hp_loss":25,"event_name":"Vampires","floor":27,"gold_loss":0,"cards_obtained":["Bite","Bite","Bite","Bite","Bite"]}],"is_beta":false,"boss_relics":[{"not_picked":["Ectoplasm","Sozu"],"picked":"Cursed Key"}],"items_purged_floors":[19,22],"is_endless":false,"potions_floor_spawned":[10,12,13,14,20],"killed_by":"Slavers","ascension_level":10}}