{"host":"baymyijz6sxaqj5s","time":1613118821,"event":{"mods":["AchievementEnabler","BaseMod","Colored Map","Colored Powertips","DeckTracker","Highlight Path","KOR Keyword Fix","Keyboard Shortcuts","Minty Spire (QoL Compilation)","StSLib","SuperFastMode","everything is the same but u backflip on backflip"],"gold_per_floor":[116,133,151,162,112,112,112,127,175,175,187,199,216,234,234,338,338,354,211,211,211,222,222,78,78,78,78,52,52,70,80,80,181,181,197,197,211,136,136,136,148,158,158,158,170,170,181,196,196,196,196],"floor_reached":50,"language":"KOR","playtime":2940,"items_purged":["Strike_R"],"score":535,"play_id":"9a7fd06d-4502-49be-8946-952b0e241a1a","local_time":"20210212173341","is_ascension_mode":true,"campfire_choices":[{"data":"Body Slam","floor":6.0,"key":"SMITH"},{"data":"Whirlwind","floor":10.0,"key":"SMITH"},{"data":"Heavy Blade","floor":15.0,"key":"SMITH"},{"floor":23.0,"key":"REST"},{"data":"Demon Form","floor":25.0,"key":"SMITH"},{"data":"Armaments","floor":27.0,"key":"SMITH"},{"data":"Shrug It Off","floor":29.0,"key":"SMITH"},{"data":"Shrug It Off","floor":32.0,"key":"SMITH"},{"floor":40.0,"key":"REST"},{"data":"Double Tap","floor":44.0,"key":"SMITH"},{"data":"Seeing Red","floor":46.0,"key":"SMITH"},{"floor":49,"key":"REST"}],"circlet_count":0,"master_deck":["Strike_R","Strike_R","Strike_R","Defend_R","Defend_R","Defend_R","Defend_R","Bash","Body Slam+1","Spot Weakness","Whirlwind+1","Armaments+1","Heavy Blade+1","Shrug It Off+1","Demon Form+1","Shrug It Off+1","Seeing Red+1","Inflame","Double Tap+1","Heavy Blade+1","Ghostly Armor+1","Thunderclap+1"],"relics":["Black Blood","Paper Frog","Regal Pillow","Philosopher\u0027s Stone","Bag of Marbles","Pen Nib","Meat on the Bone","Frozen Egg 2"],"acts_visited":["Exordium","TheCity","TheBeyond"],"potions_floor_usage":[48],"damage_taken":[{"damage":13.0,"enemies":"Cultist","floor":1.0,"turns":6.0},{"damage":10.0,"enemies":"2 Louse","floor":2.0,"turns":3.0},{"damage":4.0,"enemies":"Jaw Worm","floor":3.0,"turns":3.0},{"damage":11.0,"enemies":"Lots of Slimes","floor":4.0,"turns":3.0},{"damage":13.0,"enemies":"Blue Slaver","floor":8.0,"turns":4.0},{"damage":0.0,"enemies":"2 Fungi Beasts","floor":11.0,"turns":1.0},{"damage":0.0,"enemies":"3 Louse","floor":12.0,"turns":1.0},{"damage":1.0,"enemies":"Looter","floor":13.0,"turns":3.0},{"damage":0.0,"enemies":"Exordium Wildlife","floor":14.0,"turns":2.0},{"damage":39.0,"enemies":"The Guardian","floor":16.0,"turns":12.0},{"damage":24.0,"enemies":"2 Thieves","floor":18.0,"turns":3.0},{"damage":4.0,"enemies":"Chosen","floor":22.0,"turns":4.0},{"damage":9.0,"enemies":"Snecko","floor":30.0,"turns":5.0},{"damage":14.0,"enemies":"Cultist and Chosen","floor":31.0,"turns":2.0},{"damage":52.0,"enemies":"Automaton","floor":33.0,"turns":9.0},{"damage":43.0,"enemies":"3 Darklings","floor":35.0,"turns":6.0},{"damage":15.0,"enemies":"Orb Walker","floor":37.0,"turns":3.0},{"damage":28.0,"enemies":"Maw","floor":41.0,"turns":7.0},{"damage":16.0,"enemies":"4 Shapes","floor":42.0,"turns":1.0},{"damage":16.0,"enemies":"Jaw Worm Horde","floor":45.0,"turns":5.0},{"damage":48.0,"enemies":"Transient","floor":47.0,"turns":5.0},{"damage":31,"enemies":"Maw","floor":48,"turns":6},{"damage":79,"enemies":"Donu and Deca","floor":50,"turns":5}],"seed_played":"-3938852991492944828","potions_obtained":[{"floor":3.0,"key":"DistilledChaos"},{"floor":4.0,"key":"SteroidPotion"},{"floor":8.0,"key":"BlessingOfTheForge"},{"floor":11.0,"key":"AttackPotion"},{"floor":16.0,"key":"Dexterity Potion"},{"floor":18.0,"key":"SteroidPotion"},{"floor":33.0,"key":"Dexterity Potion"},{"floor":41.0,"key":"Ancient Potion"},{"floor":45.0,"key":"Swift Potion"},{"floor":47.0,"key":"Energy Potion"}],"is_trial":false,"path_per_floor":["M","M","M","M","?","R","T","M","T","R","M","M","M","M","R","B",null,"M","$","?","?","M","R","$","R","T","R","$","R","M","M","R","B",null,"M","?","M","$","?","R","M","M","T","R","M","R","M","M","R","B"],"character_chosen":"IRONCLAD","items_purchased":["Bag of Marbles","Pen Nib","Shrug It Off"],"campfire_rested":3,"item_purchase_floors":[19,24,28],"current_hp_per_floor":[81,77,79,74,74,74,74,67,67,67,73,79,84,88,88,55,88,70,70,70,53,55,93,93,93,93,93,93,93,90,82,82,48,93,62,62,59,59,59,88,72,68,68,68,64,64,40,33,74,0,0],"gold":196,"neow_bonus":"TEN_PERCENT_HP_BONUS","is_daily":false,"chose_seed":false,"campfire_upgraded":9,"win_rate":0.0,"timestamp":1613118821,"path_taken":["M","M","M","?","?","R","?","?","T","R","M","M","M","M","R","BOSS","M","$","?","?","M","R","?","R","T","R","$","R","M","M","R","BOSS","M","?","M","$","?","R","M","M","T","R","M","R","M","M","R","BOSS"],"items_purchased_type":["Relic","Relic","Card"],"build_version":"2020-12-22","purchased_purges":1,"victory":false,"max_hp_per_floor":[88,88,88,88,88,88,88,88,88,88,88,88,88,88,88,88,88,88,88,88,93,93,93,93,93,93,93,93,93,93,93,93,93,93,93,93,93,93,88,88,88,88,88,88,88,88,88,88,88,88,88],"card_choices":[{"not_picked":["Rupture","Flex"],"picked":"Body Slam","floor":1.0},{"not_picked":["Flame Barrier","Dark Embrace"],"picked":"Spot Weakness","floor":2.0},{"not_picked":["Iron Wave","Dual Wield"],"picked":"Whirlwind","floor":3.0},{"not_picked":["Infernal Blade","Wild Strike"],"picked":"Armaments","floor":4.0},{"not_picked":["Intimidate","Clash","Rupture"],"picked":"SKIP","floor":8.0},{"not_picked":["Dual Wield","Wild Strike","Corruption"],"picked":"SKIP","floor":11.0},{"not_picked":["Perfected Strike","Second Wind","Cleave"],"picked":"SKIP","floor":12.0},{"not_picked":["Flex","Reaper"],"picked":"Heavy Blade","floor":13.0},{"not_picked":["Shockwave","Thunderclap"],"picked":"Shrug It Off","floor":14.0},{"not_picked":["Brutality","Bludgeon"],"picked":"Demon Form","floor":16.0},{"not_picked":["Anger","Sever Soul","Thunderclap"],"picked":"SKIP","floor":18.0},{"not_picked":["Infernal Blade","Pommel Strike","Flex"],"picked":"SKIP","floor":22.0},{"not_picked":["Pommel Strike","Headbutt"],"picked":"Seeing Red","floor":30.0},{"not_picked":["Burning Pact","Blood for Blood+1"],"picked":"Inflame","floor":31.0},{"not_picked":["Demon Form","Berserk"],"picked":"Double Tap","floor":33.0},{"not_picked":["Body Slam","Clothesline"],"picked":"Heavy Blade+1","floor":35.0},{"not_picked":["Perfected Strike","Clash","Pummel+1"],"picked":"SKIP","floor":37.0},{"not_picked":["Wild Strike","Heavy Blade+1","Demon Form"],"picked":"SKIP","floor":41.0},{"not_picked":["Warcry+1","Sword Boomerang"],"picked":"Ghostly Armor+1","floor":42.0},{"not_picked":["Whirlwind","Armaments","Thunderclap+1"],"picked":"SKIP","floor":45.0},{"not_picked":["Carnage+1","Body Slam"],"picked":"Thunderclap+1","floor":47.0},{"not_picked":["Flex+1","Cleave+1","Wild Strike"],"picked":"SKIP","floor":48}],"player_experience":82127,"relics_obtained":[{"floor":7.0,"key":"Paper Frog"},{"floor":9.0,"key":"Regal Pillow"},{"floor":26.0,"key":"Meat on the Bone"},{"floor":43.0,"key":"Frozen Egg 2"}],"event_choices":[{"cards_removed":["Strike_R"],"damage_healed":0.0,"max_hp_gain":0.0,"max_hp_loss":0.0,"gold_gain":0.0,"event_name":"The Cleric","player_choice":"Card Removal","floor":5.0,"gold_loss":50.0,"damage_taken":0.0},{"damage_healed":0.0,"max_hp_gain":0.0,"max_hp_loss":0.0,"gold_gain":0.0,"event_name":"Vampires","player_choice":"Ignored","floor":20.0,"gold_loss":0.0,"damage_taken":0.0},{"damage_healed":0.0,"max_hp_gain":5.0,"max_hp_loss":0.0,"gold_gain":0.0,"event_name":"Forgotten Altar","player_choice":"Shed Blood","floor":21.0,"gold_loss":0.0,"damage_taken":22.0},{"damage_healed":0.0,"max_hp_gain":0.0,"max_hp_loss":0.0,"gold_gain":0.0,"event_name":"Mysterious Sphere","player_choice":"Ignored","floor":36.0,"gold_loss":0.0,"damage_taken":0.0},{"damage_healed":0.0,"max_hp_gain":0.0,"max_hp_loss":5.0,"gold_gain":0.0,"event_name":"Winding Halls","player_choice":"Max HP","floor":39.0,"gold_loss":0.0,"damage_taken":0.0}],"is_beta":false,"boss_relics":[{"not_picked":["SacredBark","Busted Crown"],"picked":"Philosopher\u0027s Stone"},{"not_picked":["Coffee Dripper","Astrolabe"],"picked":"Black Blood"}],"items_purged_floors":[38],"is_endless":false,"potions_floor_spawned":[3,4,8,11,16,18,33,41,45,47],"killed_by":"Donu and Deca","ascension_level":3}}