{"host":"kg61lsvem4dxoat8","time":1613136351,"event":{"mods":["AchievementEnabler","BaseMod","Better Altar","Better Match","Better Sensory Stone","Better Skull","Block Reminder","Highlight Path","Minty Spire (QoL Compilation)","Quick Restart","Rare Cards Sparkle","Relic Sorter","Relic Stats","StSLib","Synergy Search","slay the spire mod where everything is the same but ironclad has a cowboy hat"],"gold_per_floor":[115,115,390,1,20,48,64,64,64,91,109,140,40,50,50,124,124,134,9,59,59,59,92,110,145,145,145,145,163,189,207,207,286,286,302,313,313,313,325,325,375,375,375,394,394,426,437,447,447,447,447,447],"floor_reached":51,"language":"ENG","playtime":5919,"items_purged":["Regret","Strike_G","Strike_G"],"score":1585,"play_id":"1a6394c7-b335-4f98-9a12-e0c9ca74bb4b","local_time":"20210212212551","is_ascension_mode":true,"campfire_choices":[{"data":"Blade Dance","floor":8,"key":"SMITH"},{"data":"Adrenaline","floor":15,"key":"SMITH"},{"data":"Blade Dance","floor":28,"key":"SMITH"},{"floor":32,"key":"REST"},{"data":"Cloak And Dagger","floor":40,"key":"SMITH"},{"floor":49,"key":"REST"}],"circlet_count":0,"master_deck":["AscendersBane","Defend_G","Defend_G","Defend_G","Defend_G","Defend_G","Survivor","Neutralize","Trip","Adrenaline+1","Footwork","Backstab","Blade Dance+1","Dodge and Roll","Blur","Infinite Blades","Phantasmal Killer","Blade Dance+1","Bite+1","Bite+1","Bite+1","Bite+1","Bite+1","Blade Dance","Slice+1","Bullet Time","PiercingWail","Cloak And Dagger+1"],"relics":["Ring of the Snake","NeowsBlessing","Kunai","PreservedInsect","Tough Bandages","Molten Egg 2","WristBlade","Sundial","Oddly Smooth Stone","Potion Belt","Prayer Wheel","Busted Crown","CaptainsWheel","Bottled Tornado","Mango","Bag of Marbles"],"acts_visited":["Exordium","TheCity","TheBeyond"],"potions_floor_usage":[10,16,29,39,50,50],"damage_taken":[{"damage":0,"enemies":"Jaw Worm","floor":1,"turns":1},{"damage":0,"enemies":"Small Slimes","floor":5,"turns":1},{"damage":0,"enemies":"3 Sentries","floor":6,"turns":1},{"damage":0,"enemies":"Cultist","floor":7,"turns":2},{"damage":10,"enemies":"Lagavulin","floor":10,"turns":4},{"damage":4,"enemies":"Lots of Slimes","floor":11,"turns":2},{"damage":14,"enemies":"3 Sentries","floor":12,"turns":6},{"damage":1,"enemies":"Red Slaver","floor":14,"turns":2},{"damage":23,"enemies":"The Guardian","floor":16,"turns":11},{"damage":0,"enemies":"Chosen","floor":18,"turns":3},{"damage":0,"enemies":"Gremlin Leader","floor":23,"turns":5},{"damage":0,"enemies":"2 Thieves","floor":24,"turns":4},{"damage":16,"enemies":"Book of Stabbing","floor":25,"turns":3},{"damage":49,"enemies":"Cultist and Chosen","floor":29,"turns":6},{"damage":14,"enemies":"Slavers","floor":30,"turns":3},{"damage":0,"enemies":"Snecko","floor":31,"turns":4},{"damage":26,"enemies":"Champ","floor":33,"turns":9},{"damage":36,"enemies":"3 Shapes","floor":35,"turns":5},{"damage":4,"enemies":"Orb Walker","floor":36,"turns":2},{"damage":19,"enemies":"Transient","floor":39,"turns":6},{"damage":23,"enemies":"2 Orb Walkers","floor":41,"turns":5},{"damage":8,"enemies":"Spire Growth","floor":44,"turns":4},{"damage":37,"enemies":"Giant Head","floor":46,"turns":6},{"damage":6,"enemies":"Jaw Worm Horde","floor":47,"turns":4},{"damage":18,"enemies":"Transient","floor":48,"turns":6},{"damage":37,"enemies":"Donu and Deca","floor":50,"turns":12},{"damage":63,"enemies":"Awakened One","floor":51,"turns":5}],"seed_played":"-1791781829281620827","potions_obtained":[{"floor":6,"key":"FairyPotion"},{"floor":10,"key":"Strength Potion"},{"floor":25,"key":"Regen Potion"},{"floor":29,"key":"GamblersBrew"},{"floor":41,"key":"DistilledChaos"},{"floor":46,"key":"BlessingOfTheForge"}],"is_trial":false,"path_per_floor":["M","?","?","$","M","E","M","R","T","E","M","E","$","M","R","B",null,"M","$","?","?","?","E","M","E","T","?","R","M","E","M","R","B",null,"M","M","?","?","M","R","?","?","T","M","T","E","M","M","R","B","B"],"character_chosen":"THE_SILENT","items_purchased":["Adrenaline","Footwork","CunningPotion"],"campfire_rested":2,"item_purchase_floors":[4,4,4],"current_hp_per_floor":[59,59,59,59,59,59,59,59,59,49,45,31,31,30,30,7,51,51,51,51,51,31,33,35,21,21,21,21,19,8,17,36,40,60,39,41,41,41,40,40,32,32,32,27,41,22,31,28,51,47,0,0],"gold":447,"neow_bonus":"THREE_ENEMY_KILL","is_daily":false,"chose_seed":false,"campfire_upgraded":4,"win_rate":0.0,"timestamp":1613136351,"path_taken":["M","?","?","$","M","E","?","R","T","E","M","E","?","?","R","BOSS","M","$","?","?","?","E","M","E","T","?","R","M","E","?","R","BOSS","M","M","?","?","M","R","?","?","T","M","?","E","M","M","R","BOSS","BOSS"],"items_purchased_type":["Card","Card","Potion"],"build_version":"2020-12-22","purchased_purges":3,"victory":false,"max_hp_per_floor":[66,66,66,66,66,66,66,66,66,66,66,66,66,66,66,66,66,66,66,66,66,66,66,66,66,66,66,66,66,66,66,66,66,66,66,66,66,63,63,63,63,63,63,63,77,77,77,77,77,77,77,77],"relic_stats":{"Tough Bandages":[36],"Busted Crown":28,"counters":[27,122],"Sundial":[6],"Prayer Wheel":7,"PreservedInsect":323,"Kunai":[118],"obtain_stats":[{"Potion Belt":26,"NeowsBlessing":0,"Oddly Smooth Stone":25,"Mango":45,"PreservedInsect":9,"Bottled Tornado":43,"Blood Vial":22,"Tough Bandages":10,"CaptainsWheel":41,"Busted Crown":34,"WristBlade":17,"Sundial":23,"Molten Egg 2":12,"Prayer Wheel":30,"Bag of Marbles":46,"Kunai":6,"Ring of the Snake":0},{"Potion Belt":13,"NeowsBlessing":0,"Oddly Smooth Stone":13,"Mango":22,"PreservedInsect":4,"Bottled Tornado":21,"Blood Vial":10,"Tough Bandages":5,"CaptainsWheel":21,"Busted Crown":17,"WristBlade":9,"Sundial":11,"Molten Egg 2":7,"Prayer Wheel":15,"Bag of Marbles":23,"Kunai":3,"Ring of the Snake":0},{"Potion Belt":45,"NeowsBlessing":0,"Oddly Smooth Stone":45,"Mango":89,"PreservedInsect":5,"Bottled Tornado":85,"Blood Vial":33,"Tough Bandages":9,"CaptainsWheel":85,"Busted Crown":67,"WristBlade":30,"Sundial":38,"Molten Egg 2":17,"Prayer Wheel":54,"Bag of Marbles":95,"Kunai":3,"Ring of the Snake":0}],"Ring of the Snake":[54]},"card_choices":[{"not_picked":["Flying Knee","Crippling Poison"],"picked":"Dagger Spray","floor":1},{"not_picked":["PanicButton","Impatience"],"picked":"Trip","floor":2},{"not_picked":["Outmaneuver","Skewer"],"picked":"Backstab","floor":5},{"not_picked":["Distraction","Tactician"],"picked":"Blade Dance","floor":6},{"not_picked":["Deadly Poison","Setup"],"picked":"Dodge and Roll","floor":7},{"not_picked":["Quick Slash","Dagger Spray"],"picked":"Blur","floor":10},{"not_picked":["Flying Knee","Poisoned Stab","Corpse Explosion"],"picked":"SKIP","floor":11},{"not_picked":["Deflect","Heel Hook+1"],"picked":"Infinite Blades","floor":12},{"not_picked":["Heel Hook+1","Crippling Poison","Deflect"],"picked":"SKIP","floor":14},{"not_picked":["Malaise","Storm of Steel"],"picked":"Phantasmal Killer","floor":16},{"not_picked":["Prepared","Blur","Concentrate"],"picked":"SKIP","floor":18},{"not_picked":["Acrobatics","Reflex"],"picked":"Blade Dance","floor":23},{"not_picked":["Dash+1","Quick Slash+1","Concentrate"],"picked":"SKIP","floor":24},{"not_picked":["Flying Knee+1","Skewer+1","Quick Slash+1"],"picked":"SKIP","floor":25},{"not_picked":["Phantasmal Killer","Riddle With Holes+1"],"picked":"Blade Dance","floor":29},{"not_picked":["Die Die Die+1","Distraction+1","Underhanded Strike+1"],"picked":"SKIP","floor":30},{"not_picked":["Prepared","Deflect"],"picked":"Slice+1","floor":31},{"not_picked":["Outmaneuver","Dodge and Roll","Prepared"],"picked":"SKIP","floor":31},{"not_picked":["Wraith Form v2","Storm of Steel"],"picked":"Bullet Time","floor":33},{"not_picked":[],"picked":"PiercingWail","floor":35},{"not_picked":["Slice+1"],"picked":"SKIP","floor":35},{"not_picked":["Underhanded Strike+1"],"picked":"SKIP","floor":36},{"not_picked":["PiercingWail"],"picked":"SKIP","floor":36},{"not_picked":[],"picked":"Cloak And Dagger","floor":39},{"not_picked":["PiercingWail"],"picked":"SKIP","floor":39},{"not_picked":["Crippling Poison"],"picked":"SKIP","floor":44},{"not_picked":["Cloak And Dagger"],"picked":"SKIP","floor":44},{"not_picked":["Acrobatics"],"picked":"SKIP","floor":46},{"not_picked":["Reflex"],"picked":"SKIP","floor":47},{"not_picked":["Poisoned Stab+1"],"picked":"SKIP","floor":47},{"not_picked":["Outmaneuver"],"picked":"SKIP","floor":48},{"not_picked":["Blade Dance"],"picked":"SKIP","floor":48}],"player_experience":1515162,"relics_obtained":[{"floor":6,"key":"Kunai"},{"floor":9,"key":"PreservedInsect"},{"floor":10,"key":"Tough Bandages"},{"floor":12,"key":"Molten Egg 2"},{"floor":23,"key":"Sundial"},{"floor":25,"key":"Oddly Smooth Stone"},{"floor":26,"key":"Potion Belt"},{"floor":30,"key":"Prayer Wheel"},{"floor":41,"key":"CaptainsWheel"},{"floor":43,"key":"Bottled Tornado"},{"floor":45,"key":"Mango"},{"floor":46,"key":"Bag of Marbles"}],"event_choices":[{"damage_healed":0,"gold_gain":1,"player_choice":"1","damage_taken":0,"max_hp_gain":0,"max_hp_loss":0,"event_name":"betterStone:BetterStone","floor":2,"gold_loss":0},{"damage_healed":0,"gold_gain":275,"player_choice":"Desecrate","damage_taken":0,"max_hp_gain":0,"max_hp_loss":0,"event_name":"Golden Shrine","floor":3,"gold_loss":0,"cards_obtained":["Regret"]},{"damage_healed":0,"gold_gain":50,"player_choice":"Stole From Cult","damage_taken":0,"max_hp_gain":0,"max_hp_loss":0,"event_name":"Nest","floor":20,"gold_loss":0},{"damage_healed":0,"gold_gain":0,"player_choice":" Vial ","damage_taken":20,"relics_obtained":["Blood Vial"],"max_hp_gain":51,"max_hp_loss":31,"event_name":"betterAltar:BetterAltar","floor":22,"potions_obtained":[],"relics_lost":[],"gold_loss":0},{"damage_healed":0,"gold_gain":0,"player_choice":"Became a vampire (Vial)","damage_taken":0,"max_hp_gain":0,"max_hp_loss":0,"event_name":"Vampires","floor":27,"relics_lost":["Blood Vial"],"gold_loss":0,"cards_obtained":["Bite","Bite","Bite","Bite","Bite"]},{"damage_healed":0,"gold_gain":0,"player_choice":"Ignored","damage_taken":0,"max_hp_gain":0,"max_hp_loss":0,"event_name":"Tomb of Lord Red Mask","floor":37,"gold_loss":0},{"damage_healed":0,"gold_gain":0,"player_choice":"Max HP","damage_taken":0,"max_hp_gain":0,"max_hp_loss":3,"event_name":"Winding Halls","floor":38,"gold_loss":0},{"damage_healed":0,"gold_gain":0,"player_choice":"Fight","damage_taken":0,"max_hp_gain":0,"max_hp_loss":0,"event_name":"Mysterious Sphere","floor":41,"gold_loss":0},{"cards_removed":["Dagger Spray"],"damage_healed":0,"gold_gain":0,"player_choice":"Removed Attack","damage_taken":0,"max_hp_gain":0,"max_hp_loss":0,"event_name":"Falling","floor":42,"gold_loss":0}],"is_beta":false,"boss_relics":[{"not_picked":["Astrolabe","Coffee Dripper"],"picked":"WristBlade"},{"not_picked":["SacredBark","Snecko Eye"],"picked":"Busted Crown"}],"items_purged_floors":[4,13,19],"is_endless":false,"potions_floor_spawned":[6,10,12,25,29,41,46],"killed_by":"Awakened One","ascension_level":20}}