{"host":"97gqqvl04geh4ia8","time":1613095303,"event":{"mods":["BaseMod","Curses Come First","Downfall","Minty Spire (QoL Compilation)","Say the Spire","StSLib","The Servant 0.9.4","UnlockEverythingMod","[IsaacMod]ÒÔÈö¼âËþ","¡¾ÒÅÎï¿¨ÅÆ¡¿REMEMod"],"gold_per_floor":[99,116,130,145,156,169,218,229,229,259,271,51,51,64,75,175,175,175,189,199,84,97,97,123,223,326,352,402,452,135,185,200,296,296,296,346,363,463,473,502,502,517,326,346,412,45,143,143,154,154],"floor_reached":51,"language":"ZHS","playtime":2881,"items_purged":["bronze:Strike","bronze:Strike","bronze:Strike","Parasite","bronze:Defend"],"score":778,"play_id":"1c1fb4b0-b516-42b9-a4d9-907a3f7e3e33","local_time":"20210212100143","is_ascension_mode":false,"campfire_choices":[{"data":"expansioncontent:QuickStudy","floor":1,"key":"SMITH"},{"data":"bronze:Shell","floor":9,"key":"SMITH"},{"data":"bronze:GetLatest","floor":13,"key":"SMITH"},{"data":"bronze:HardenedForm","floor":18,"key":"SMITH"},{"data":"bronze:Goto","floor":23,"key":"SMITH"},{"data":"bronze:Virus","floor":35,"key":"SMITH"},{"data":"bronze:BurnOut","floor":48,"key":"SMITH"}],"circlet_count":0,"master_deck":["bronze:Defend","bronze:Defend","bronze:Defend","bronze:Replicate+1","bronze:Goto+1","expansioncontent:QuickStudy+1","bronze:HardenedForm+1","bronze:Shell+1","bronze:BronzeOrb","bronze:GetLatest+1","bronze:DelayedSlice+1","bronze:Repair+1","bronze:ChildClass","bronze:Deprecate+1","bronze:Optimize","bronze:Turbo+1","bronze:Boost+1","Panache","bronze:Virus+1","bronze:GetLatest","Madness","bronze:BronzeOrb","bronze:FineTuning","bronze:BurnOut+1","bronze:GetLatest","bronze:Repulsor+1"],"relics":["HushsDoor","REME_ComplimentaryCards","Chaos","NineVolt","CaptainsWheel","Blue Candle","Toy Ornithopter","Prayer Wheel","downfall:CloakOfManyFaces","CultistMask","FaceOfCleric","NlothsMask","GremlinMask","SsserpentHead","TheBean","Unceasing Top","Singing Bowl","Succubus","Vajra","Ginger","Coffee Dripper"],"acts_visited":["Exordium","TheCity","TheBeyond"],"potions_floor_usage":[22,33,33,43,50,50,50],"damage_taken":[{"damage":1,"enemies":"Cultist","floor":2,"turns":3},{"damage":4,"enemies":"Small Slimes","floor":3,"turns":5},{"damage":6,"enemies":"Jaw Worm","floor":4,"turns":5},{"damage":0,"enemies":"Blue Slaver","floor":5,"turns":2},{"damage":12,"enemies":"Exordium Wildlife","floor":6,"turns":7},{"damage":10,"enemies":"Large Slime","floor":8,"turns":6},{"damage":0,"enemies":"3 Sentries","floor":10,"turns":2},{"damage":3,"enemies":"2 Fungi Beasts","floor":11,"turns":3},{"damage":4,"enemies":"downfall:FleeingMerchant","floor":12,"turns":4},{"damage":3,"enemies":"Red Slaver","floor":14,"turns":2},{"damage":0,"enemies":"3 Louse","floor":15,"turns":4},{"damage":42,"enemies":"WA_ARCHETYPE_RETAIN","floor":16,"turns":12},{"damage":4,"enemies":"Chosen","floor":19,"turns":5},{"damage":7,"enemies":"Spheric Guardian","floor":20,"turns":8},{"damage":0,"enemies":"downfall:FleeingMerchant","floor":21,"turns":4},{"damage":15,"enemies":"Centurion and Healer","floor":22,"turns":8},{"damage":4,"enemies":"downfall:FaceTrader","floor":25,"turns":7},{"damage":25,"enemies":"Slavers","floor":27,"turns":7},{"damage":4,"enemies":"downfall:FleeingMerchant","floor":30,"turns":4},{"damage":3,"enemies":"Cultist and Chosen","floor":32,"turns":7},{"damage":5,"enemies":"SI_MIRROR_ARCHETYPE","floor":33,"turns":9},{"damage":6,"enemies":"3 Darklings","floor":37,"turns":3},{"damage":2,"enemies":"3 Darklings","floor":38,"turns":4},{"damage":0,"enemies":"3 Shapes","floor":39,"turns":1},{"damage":3,"enemies":"Giant Head","floor":40,"turns":6},{"damage":0,"enemies":"Writhing Mass","floor":42,"turns":7},{"damage":0,"enemies":"downfall:FleeingMerchant","floor":43,"turns":4},{"damage":0,"enemies":"Jaw Worm Horde","floor":44,"turns":3},{"damage":14,"enemies":"Spire Growth","floor":45,"turns":4},{"damage":23,"enemies":"2 Orb Walkers","floor":47,"turns":4},{"damage":0,"enemies":"3 Darklings","floor":49,"turns":3},{"damage":47,"enemies":"DF_ARCHETYPE_ORBS","floor":50,"turns":5}],"seed_played":"619958382181472557","potions_obtained":[{"floor":3,"key":"bronze:CleanCodePotion"},{"floor":4,"key":"bronze:FreeFunctionsPotion"},{"floor":11,"key":"Swift Potion"},{"floor":14,"key":"Fire Potion"},{"floor":32,"key":"FearPotion"},{"floor":33,"key":"Swift Potion"},{"floor":38,"key":"Dexterity Potion"},{"floor":45,"key":"LiquidMemories"}],"is_trial":false,"path_per_floor":["R","M","M","M","M","M","T","M","R","E","M","$","R","M","M","B",null,"R","M","M","$","M","R","T","?","?","E","?","?","$","T","M","B",null,"R","?","M","?","M","E","T","M","?","M","M","$","?","R","M","B",null],"character_chosen":"THE_AUTOMATON","items_purchased":["bronze:DelayedSlice","bronze:Repair","Panache","Ginger","Madness","bronze:BronzeOrb","bronze:FineTuning","bronze:BurnOut","bronze:GetLatest"],"campfire_rested":0,"item_purchase_floors":[12,12,30,43,43,43,46,46,46],"current_hp_per_floor":[70,69,65,59,59,47,47,37,37,37,34,30,30,34,41,6,70,70,70,63,70,59,59,59,65,50,33,33,33,40,40,45,61,74,74,74,69,78,83,86,86,91,91,96,97,97,84,84,97,76],"gold":154,"neow_bonus":"BOSS_RELIC","is_daily":false,"chose_seed":false,"campfire_upgraded":7,"win_rate":0.0,"timestamp":1613095303,"path_taken":["R","M","M","M","?","M","T","M","R","E","M","?","R","M","M","BOSS","R","M","M","$","M","R","T","?","?","E","?","?","$","?","M","BOSS","R","?","M","?","M","E","T","M","?","M","?","$","?","R","M","BOSS"],"items_purchased_type":["Card","Card","Card","Relic","Card","Card","Card","Card","Card"],"build_version":"2020-12-22","purchased_purges":5,"victory":true,"max_hp_per_floor":[70,70,70,70,70,70,70,70,70,70,70,70,70,70,70,70,70,70,70,70,70,70,70,70,70,70,71,71,71,72,72,73,74,74,74,74,75,78,83,86,86,91,91,96,101,101,104,104,107,108],"card_choices":[{"not_picked":["bronze:Turbo","bronze:Constructor"],"picked":"Bomb","floor":2},{"not_picked":["bronze:Constructor","bronze:WildBeam"],"picked":"bronze:HardenedForm","floor":3},{"not_picked":["bronze:ForceShield","bronze:Iterate"],"picked":"bronze:Shell","floor":4},{"not_picked":["bronze:Frontload","bronze:BitShift","bronze:Iterate"],"picked":"SKIP","floor":5},{"not_picked":["bronze:Iterate","bronze:Overload"],"picked":"bronze:BronzeOrb","floor":6},{"not_picked":["bronze:BronzeArmor","bronze:BugBarrage","bronze:Invalidate"],"picked":"SKIP","floor":8},{"not_picked":["bronze:BugBarrage","bronze:BuggyMess"],"picked":"bronze:GetLatest","floor":10},{"not_picked":["bronze:ChosenStrike","bronze:Turbo","bronze:ShipIt"],"picked":"SKIP","floor":11},{"not_picked":["bronze:Shell","bronze:ForceShield"],"picked":"Bomb","floor":12},{"not_picked":["bronze:Repulsor","bronze:BitShift"],"picked":"bronze:ChildClass","floor":14},{"not_picked":["bronze:Frontload","bronze:Turbo","bronze:Constructor"],"picked":"SKIP","floor":15},{"not_picked":["bronze:Allocate","bronze:Turbo","bronze:Repulsor"],"picked":"SKIP","floor":19},{"not_picked":["bronze:WhirlingStrike","bronze:MaxOutput"],"picked":"bronze:Deprecate+1","floor":20},{"not_picked":["bronze:CloningBeam","bronze:Overheat","bronze:WhirlingStrike"],"picked":"SKIP","floor":21},{"not_picked":["bronze:Overheat","bronze:BitShift"],"picked":"bronze:Optimize","floor":22},{"not_picked":["bronze:BronzeArmor","bronze:WhirlingStrike+1"],"picked":"bronze:Turbo+1","floor":25},{"not_picked":["bronze:Backtrace+1","bronze:BugBarrage"],"picked":"bronze:Boost+1","floor":27},{"not_picked":["bronze:BitShift+1","bronze:FindAndReplace","bronze:Repulsor"],"picked":"SKIP","floor":30},{"not_picked":["bronze:DelayedGuard","bronze:Branch","bronze:Shield"],"picked":"SKIP","floor":32},{"not_picked":["bronze:BronzeArmor","bronze:BuggyMess","bronze:Overload"],"picked":"SKIP","floor":32},{"not_picked":["bronze:HyperBeam","bronze:BurnOut"],"picked":"bronze:Virus","floor":33},{"not_picked":["bronze:ChosenStrike","bronze:Flail"],"picked":"bronze:GetLatest","floor":37},{"not_picked":["bronze:Shield","bronze:Return+1","bronze:Turbo"],"picked":"SKIP","floor":37},{"not_picked":["bronze:ItsAFeature+1","bronze:DelayedGuard","bronze:Iterate+1"],"picked":"Singing Bowl","floor":38},{"not_picked":["bronze:Invalidate","bronze:Constructor+1","bronze:Backtrace"],"picked":"Singing Bowl","floor":39},{"not_picked":["bronze:OilSpill+1","bronze:Shell","bronze:BronzeArmor"],"picked":"Singing Bowl","floor":39},{"not_picked":["bronze:CleanCode","bronze:FineTuning+1","bronze:RecursiveStrike"],"picked":"Singing Bowl","floor":40},{"not_picked":["bronze:DelayedGuard+1","bronze:WhirlingStrike","bronze:BugBarrage"],"picked":"Singing Bowl","floor":42},{"not_picked":["bronze:OilSpill","bronze:DigitalCarnage","bronze:CutThrough+1"],"picked":"Singing Bowl","floor":42},{"not_picked":["bronze:Fortify+1","bronze:ChosenStrike+1","bronze:Frontload"],"picked":"Singing Bowl","floor":43},{"not_picked":["bronze:WildBeam+1","bronze:Deprecate+1","bronze:OilSpill"],"picked":"Singing Bowl","floor":44},{"not_picked":["bronze:Flail+1","bronze:ThunderWave","bronze:Separator+1"],"picked":"Singing Bowl","floor":44},{"not_picked":["bronze:CutThrough+1","bronze:WildBeam","bronze:Turbo+1"],"picked":"Singing Bowl","floor":45},{"not_picked":["bronze:DarkDash","bronze:ChosenStrike+1","bronze:Frontload+1"],"picked":"Singing Bowl","floor":45},{"not_picked":["bronze:Frontload+1","bronze:Optimize","bronze:DelayedGuard+1"],"picked":"Singing Bowl","floor":47},{"not_picked":["bronze:WildBeam+1","bronze:Philosophize+1","bronze:CutThrough"],"picked":"Singing Bowl","floor":49},{"not_picked":["bronze:CloningBeam","bronze:Allocate+1"],"picked":"bronze:Repulsor+1","floor":49}],"player_experience":115394,"relics_obtained":[{"floor":7,"key":"CaptainsWheel"},{"floor":10,"key":"Blue Candle"},{"floor":24,"key":"Prayer Wheel"},{"floor":25,"key":"downfall:CloakOfManyFaces"},{"floor":27,"key":"TheBean"},{"floor":38,"key":"Singing Bowl"},{"floor":40,"key":"Succubus"},{"floor":41,"key":"Vajra"},{"floor":47,"key":"Coffee Dripper"}],"event_choices":[{"damage_healed":0,"gold_gain":0,"player_choice":"Fight","damage_taken":0,"max_hp_gain":0,"max_hp_loss":0,"event_name":"Mysterious Sphere","floor":47,"gold_loss":0}],"is_beta":false,"boss_relics":[{"not_picked":["NineLifeCat","FossilizedHelix"],"picked":"Toy Ornithopter"},{"not_picked":[]},{"not_picked":["Art of War","REME_ChargedStone"],"picked":"Unceasing Top"},{"not_picked":[]}],"items_purged_floors":[12,21,30,43,46],"is_endless":false,"potions_floor_spawned":[3,4,11,14,19,32,33,38,39,40,45,47,49],"ascension_level":0}}