{"host":"l7ku00cw7dmofayg","time":1613172652,"event":{"mods":["ATMod(∞¢Ë™Mod)","BaseMod","Dota2Spire","Marisa£®ÏF”Í°°ƒß¿Ì…≥£©","Minty Spire (QoL Compilation)","Remilia£®¿Ÿ√◊¿Ú—«£©","StSLib","The Invoker Mod"],"gold_per_floor":[111,111,129,139,158,206,206,249,297,38,3,3,44,44,44,187,187,238,337,335,335,335,364,364,364,364],"floor_reached":25,"language":"ZHS","playtime":1587,"items_purged":[],"score":341,"play_id":"58269d42-41a8-42e2-8b6b-54088d185690","local_time":"20210213073052","is_ascension_mode":true,"campfire_choices":[{"data":"AT_Desolate","floor":7.0,"key":"SMITH"},{"data":"BlazeAway","floor":15.0,"key":"SMITH"},{"data":"MillisecondPulsars","floor":24.0,"key":"SMITH"}],"circlet_count":0,"master_deck":["Strike_MRS","Strike_MRS","Strike_MRS","Strike_MRS","Defend_MRS+1","Defend_MRS","Defend_MRS","Defend_MRS","MasterSpark","UpSweep+1","AT_Desolate+1","DeepEcoloBomb","AsteroidBelt","OortCloud","WitchOfGreed","MilkyWay","BlazeAway+1","MaximisePower","Injury","MillisecondPulsars+1","LuminesStrike","MysteriousBeam","Pride","UltimateShortwave"],"relics":["MiniHakkero","AT_ATBox","NeowsBlessing","PreservedInsect","White Beast Statue","Juzu Bracelet","Meat on the Bone","Nunchaku","Dota2Spire:Bloodstone","GreatHeart","Nloth\u0027s Gift","Question Card"],"acts_visited":["Exordium","TheCity"],"potions_floor_usage":[25],"damage_taken":[{"damage":0.0,"enemies":"Jaw Worm","floor":1.0,"turns":1.0},{"damage":0.0,"enemies":"Small Slimes","floor":3.0,"turns":2.0},{"damage":0.0,"enemies":"2 Louse","floor":4.0,"turns":1.0},{"damage":5.0,"enemies":"Looter","floor":5.0,"turns":3.0},{"damage":15.0,"enemies":"Lagavulin","floor":6.0,"turns":6.0},{"damage":10.0,"enemies":"Gremlin Nob","floor":8.0,"turns":3.0},{"damage":0.0,"enemies":"Lagavulin","floor":13.0,"turns":4.0},{"damage":22.0,"enemies":"Slime Boss","floor":16.0,"turns":5.0},{"damage":22.0,"enemies":"3 Byrds","floor":18.0,"turns":6.0},{"damage":25.0,"enemies":"2 Thieves","floor":20.0,"turns":5.0},{"damage":22.0,"enemies":"Book of Stabbing","floor":23.0,"turns":3.0},{"damage":22,"enemies":"Gremlin Leader","floor":25,"turns":4}],"seed_played":"8425206238643848771","potions_obtained":[{"floor":3.0,"key":"PowerPotion"},{"floor":5.0,"key":"GamblersBrew"},{"floor":6.0,"key":"SteroidPotion"},{"floor":6.0,"key":"Strength Potion"},{"floor":13.0,"key":"DistilledChaos"},{"floor":13.0,"key":"Energy Potion"},{"floor":16.0,"key":"PowerPotion"},{"floor":16.0,"key":"BlessingOfTheForge"},{"floor":18.0,"key":"SneckoOil"},{"floor":18.0,"key":"SneckoOil"},{"floor":20.0,"key":"BlessingOfTheForge"},{"floor":23.0,"key":"ColorlessPotion"}],"is_trial":false,"path_per_floor":["M","?","M","M","M","E","R","E","T","$","?","$","E","?","R","B",null,"M","?","M","?","?","E","R","E"],"character_chosen":"MARISA","items_purchased":["Meat on the Bone"],"campfire_rested":0,"item_purchase_floors":[10],"current_hp_per_floor":[68,53,53,53,48,33,33,23,23,23,41,41,41,41,41,31,64,51,51,38,38,38,28,28,6,6],"gold":364,"neow_bonus":"THREE_ENEMY_KILL","is_daily":false,"chose_seed":false,"campfire_upgraded":3,"win_rate":0.0,"timestamp":1613172652,"path_taken":["M","?","M","M","M","E","R","E","T","$","?","?","E","?","R","BOSS","M","?","M","?","?","E","R","E"],"items_purchased_type":["Relic"],"build_version":"2020-12-22","purchased_purges":0,"victory":false,"max_hp_per_floor":[75,75,75,75,75,75,75,75,75,75,75,75,75,75,75,75,75,75,75,75,75,75,75,75,75,75],"card_choices":[{"not_picked":["NonDirectionalLaser","6A"],"picked":"DeepEcoloBomb","floor":1.0},{"not_picked":["UnstableBomb","EventHorizon"],"picked":"AsteroidBelt","floor":3.0},{"not_picked":["GrandCross","NonDirectionalLaser"],"picked":"OortCloud","floor":4.0},{"not_picked":["StarBarrage","DragonMeteor"],"picked":"WitchOfGreed","floor":5.0},{"not_picked":["WitchLeyline","ManaConvection"],"picked":"MilkyWay","floor":6.0},{"not_picked":["LuminesStrike","MysteriousBeam"],"picked":"BlazeAway","floor":8.0},{"not_picked":["FairyDestructionRay","DoubleSpark"],"picked":"MaximisePower","floor":13.0},{"not_picked":["BlazingStar","BigCrunch"],"picked":"MillisecondPulsars","floor":16.0},{"not_picked":["PulseMagic","DC+1"],"picked":"LuminesStrike","floor":18.0},{"not_picked":["GravityBeat","DC+1"],"picked":"MysteriousBeam","floor":20.0},{"not_picked":["SporeBomb","DC"],"picked":"UltimateShortwave","floor":23.0}],"player_experience":31607,"relics_obtained":[{"floor":6.0,"key":"PreservedInsect"},{"floor":8.0,"key":"White Beast Statue"},{"floor":9.0,"key":"Juzu Bracelet"},{"floor":13.0,"key":"Nunchaku"},{"floor":23.0,"key":"Question Card"}],"event_choices":[{"damage_healed":0.0,"max_hp_gain":0.0,"max_hp_loss":0.0,"gold_gain":0.0,"event_name":"Shining Light","player_choice":"Entered Light","floor":2.0,"gold_loss":0.0,"damage_taken":15.0,"cards_upgraded":["Defend_MRS","UpSweep"]},{"damage_healed":18.0,"max_hp_gain":0.0,"max_hp_loss":0.0,"gold_gain":0.0,"event_name":"The Cleric","player_choice":"Healed","floor":11.0,"gold_loss":35.0,"damage_taken":0.0},{"damage_healed":0.0,"max_hp_gain":0.0,"max_hp_loss":0.0,"gold_gain":0.0,"event_name":"Golden Idol","player_choice":"Take Wound","floor":14.0,"gold_loss":0.0,"damage_taken":0.0,"relics_obtained":["Golden Idol"],"cards_obtained":["Injury"]},{"damage_healed":0.0,"max_hp_gain":0.0,"max_hp_loss":0.0,"gold_gain":99.0,"event_name":"Nest","player_choice":"Stole From Cult","floor":19.0,"gold_loss":0.0,"damage_taken":0.0},{"damage_healed":0.0,"max_hp_gain":0.0,"max_hp_loss":0.0,"gold_gain":0.0,"event_name":"N\u0027loth","player_choice":"Traded Relic","floor":22.0,"relics_lost":["Golden Idol"],"gold_loss":0.0,"damage_taken":0.0,"relics_obtained":["Nloth\u0027s Gift"]}],"is_beta":false,"boss_relics":[{"not_picked":["SlaversCollar","Philosopher\u0027s Stone"],"picked":"Dota2Spire:Bloodstone"}],"items_purged_floors":[],"is_endless":false,"potions_floor_spawned":[3,5,6,13,16,18,20,23],"killed_by":"Gremlin Leader","ascension_level":6}}