{"host":"91blwi3hgehj6ch9","time":1613110996,"event":{"mods":["2.2 Compatiblity","AchievementEnabler","BaseMod","Colored Map","DeckTracker","Keyboard Shortcuts","Minty Spire (QoL Compilation)","Permanent Neow","Quick Restart","StSLib","SuperFastMode","everything is the same but u backflip on backflip"],"gold_per_floor":[116,126,51,51,51,51,63,63,63,81,95,111,141,156,156,234,234,244,244,323,339,353,382,382,396,396,396,407,158,175,175,175],"floor_reached":31,"language":"KOR","playtime":980,"items_purged":["Defend_P","Strike_P"],"score":439,"play_id":"c9dce6b5-5353-4f34-995d-14a931e70c45","local_time":"20210212152316","is_ascension_mode":true,"campfire_choices":[{"data":"Meditate","floor":6.0,"key":"SMITH"},{"floor":15,"key":"REST"},{"floor":24,"key":"REST"}],"circlet_count":0,"master_deck":["AscendersBane","Strike_P+1","Defend_P","Defend_P","Eruption+1","Vigilance","Meditate+1","EmptyMind","EmptyBody","Brilliance","FollowUp","Wallop","Ragnarok","Protect","Tantrum","InnerPeace+1","Adaptation","TalkToTheHand+1","Adaptation"],"relics":["PureWater","CultistMask","InkBottle","Philosopher\u0027s Stone","StrikeDummy","TeardropLocket","CloakClasp","Melange"],"acts_visited":["Exordium","TheCity"],"potions_floor_usage":[23],"damage_taken":[{"damage":7.0,"enemies":"Cultist","floor":1.0,"turns":3.0},{"damage":3.0,"enemies":"2 Louse","floor":2.0,"turns":3.0},{"damage":10.0,"enemies":"Small Slimes","floor":7.0,"turns":3.0},{"damage":7.0,"enemies":"Exordium Thugs","floor":10.0,"turns":4.0},{"damage":6.0,"enemies":"Lots of Slimes","floor":11.0,"turns":3.0},{"damage":0.0,"enemies":"Blue Slaver","floor":12.0,"turns":3.0},{"damage":0,"enemies":"Red Slaver","floor":14,"turns":1},{"damage":13,"enemies":"Hexaghost","floor":16,"turns":6},{"damage":0,"enemies":"Chosen","floor":18,"turns":3},{"damage":6,"enemies":"2 Thieves","floor":21,"turns":2},{"damage":4,"enemies":"Snecko","floor":22,"turns":4},{"damage":21,"enemies":"Slavers","floor":23,"turns":2},{"damage":15,"enemies":"Centurion and Healer","floor":25,"turns":3},{"damage":0,"enemies":"Chosen and Byrds","floor":28,"turns":3},{"damage":0,"enemies":"3 Cultists","floor":30,"turns":4},{"damage":15,"enemies":"Centurion and Healer","floor":31,"turns":2}],"seed_played":"-8746443637184161981","potions_obtained":[{"floor":2.0,"key":"Strength Potion"},{"floor":10.0,"key":"BottledMiracle"},{"floor":21,"key":"Fire Potion"},{"floor":23,"key":"Dexterity Potion"}],"is_trial":false,"path_per_floor":["M","M","$","?","?","R","M","?","T","M","M","M","?","M","R","B",null,"M","?","T","M","M","E","R","M","T","?","M","$","M","M"],"character_chosen":"WATCHER","items_purchased":["Melange"],"campfire_rested":2,"item_purchase_floors":[29],"current_hp_per_floor":[54,51,51,31,31,31,21,21,21,14,8,8,8,8,28,15,55,55,36,36,30,26,5,26,11,11,11,11,11,11,0,0],"gold":175,"neow_bonus":"REMOVE_CARD","is_daily":false,"chose_seed":false,"campfire_upgraded":1,"win_rate":0.0,"timestamp":1613110996,"path_taken":["M","M","$","?","?","R","M","?","T","M","M","?","?","M","R","BOSS","M","?","?","M","?","E","R","M","T","?","M","$","?","M"],"items_purchased_type":["Relic"],"build_version":"2020-12-22","purchased_purges":2,"victory":false,"max_hp_per_floor":[68,68,68,68,68,68,68,68,68,68,68,68,68,68,68,68,68,68,73,73,73,73,73,73,73,73,73,73,73,73,73,73],"card_choices":[{"not_picked":["Protect","CutThroughFate"],"picked":"Meditate","floor":1.0},{"not_picked":["Collect","WaveOfTheHand"],"picked":"EmptyMind","floor":2.0},{"not_picked":["FlurryOfBlows","ThirdEye","Study"],"picked":"SKIP","floor":7.0},{"not_picked":["Indignation","Protect"],"picked":"Brilliance","floor":10.0},{"not_picked":["Fasting2","Protect"],"picked":"FollowUp","floor":11.0},{"not_picked":["Perseverance","BattleHymn"],"picked":"Wallop","floor":12.0},{"not_picked":["FollowUp","Sanctity","ClearTheMind"],"picked":"SKIP","floor":14},{"not_picked":["MasterReality","Wish"],"picked":"Ragnarok","floor":16},{"not_picked":["SashWhip","Nirvana","EmptyBody"],"picked":"SKIP","floor":18},{"not_picked":["Consecrate","Fasting2"],"picked":"Protect","floor":21},{"not_picked":["Blasphemy","Wallop"],"picked":"Tantrum","floor":22},{"not_picked":["CrushJoints","Meditate"],"picked":"InnerPeace+1","floor":23},{"not_picked":["JustLucky","ThirdEye"],"picked":"Adaptation","floor":25},{"not_picked":["FollowUp","EmptyFist"],"picked":"TalkToTheHand+1","floor":28},{"not_picked":["Judgement","BowlingBash"],"picked":"Adaptation","floor":30}],"player_experience":212572,"relics_obtained":[{"floor":9.0,"key":"InkBottle"},{"floor":20,"key":"StrikeDummy"},{"floor":23,"key":"TeardropLocket"},{"floor":26,"key":"CloakClasp"}],"event_choices":[{"damage_healed":0.0,"max_hp_gain":0.0,"max_hp_loss":0.0,"gold_gain":0.0,"event_name":"Shining Light","player_choice":"Entered Light","floor":4.0,"gold_loss":0.0,"damage_taken":20.0,"cards_upgraded":["Strike_P","Eruption"]},{"damage_healed":0.0,"max_hp_gain":0.0,"max_hp_loss":0.0,"gold_gain":0.0,"cards_transformed":["Strike_P"],"event_name":"Living Wall","player_choice":"Change","floor":5.0,"gold_loss":0.0,"damage_taken":0.0,"cards_obtained":["EmptyBody"]},{"damage_healed":0.0,"max_hp_gain":0.0,"max_hp_loss":0.0,"gold_gain":0.0,"event_name":"FaceTrader","player_choice":"Trade","floor":8.0,"gold_loss":0.0,"damage_taken":0.0,"relics_obtained":["CultistMask"]},{"damage_healed":0,"gold_gain":30,"player_choice":"Searched \u00271\u0027 times","damage_taken":0,"max_hp_gain":0,"max_hp_loss":0,"event_name":"Dead Adventurer","floor":13,"gold_loss":0},{"damage_healed":0,"gold_gain":0,"player_choice":"Shed Blood","damage_taken":24,"max_hp_gain":5,"max_hp_loss":0,"event_name":"Forgotten Altar","floor":19,"gold_loss":0},{"cards_removed":["Strike_P"],"damage_healed":0,"gold_gain":0,"player_choice":"Purged","damage_taken":0,"max_hp_gain":0,"max_hp_loss":0,"event_name":"Purifier","floor":27,"gold_loss":0}],"is_beta":false,"boss_relics":[{"not_picked":["Runic Dome","Velvet Choker"],"picked":"Philosopher\u0027s Stone"}],"items_purged_floors":[3,29],"is_endless":false,"potions_floor_spawned":[2,10,21,22,23,30],"killed_by":"Centurion and Healer","ascension_level":15}}