{"host":"m552uo5jodlktm3e","time":1613094744,"event":{"mods":["BaseMod","Colored Powertips","Downfall","Minty Spire (QoL Compilation)","Quick Restart","StSLib"],"gold_per_floor":[99,116,128,128,128,142,142,160,2,17,17,29,29,29,29],"floor_reached":13,"language":"ENG","playtime":668,"items_purged":[],"score":77,"play_id":"4f3cfca8-9279-4414-be4e-d7502428ec86","local_time":"20210211175224","is_ascension_mode":false,"campfire_choices":[{"data":"bronze:Goto","floor":1.0,"key":"SMITH"}],"circlet_count":0,"master_deck":["bronze:Strike","bronze:Strike","bronze:Strike","bronze:Defend","bronze:Defend","bronze:Defend","bronze:Defend","bronze:Replicate","bronze:Goto+1","bronze:Philosophize","bronze:ForceShield","bronze:ClassDefault","bronze:Flail","bronze:Iterate+1","bronze:WhirlingStrike","bronze:Boost"],"relics":["bronze:BronzeCore","Art of War","Bag of Marbles"],"acts_visited":["Exordium"],"potions_floor_usage":[8,13],"damage_taken":[{"damage":1.0,"enemies":"2 Louse","floor":2.0,"turns":2.0},{"damage":1.0,"enemies":"Jaw Worm","floor":3.0,"turns":5.0},{"damage":0,"enemies":"Cultist","floor":6,"turns":3},{"damage":20,"enemies":"Exordium Thugs","floor":8,"turns":4},{"damage":10,"enemies":"downfall:FleeingMerchant","floor":9,"turns":4},{"damage":12,"enemies":"Exordium Wildlife","floor":10,"turns":3},{"damage":5,"enemies":"Exordium Thugs","floor":12,"turns":3},{"damage":14,"enemies":"Gremlin Nob","floor":13,"turns":2}],"seed_played":"2478910766371095114","potions_obtained":[{"floor":2.0,"key":"Explosive Potion"},{"floor":6,"key":"Dexterity Potion"},{"floor":12,"key":"Slimebound:ThreeZeroPotion"}],"is_trial":false,"path_per_floor":["R","M","M","?","?","M","T","M","$","M","?","M","E"],"character_chosen":"THE_AUTOMATON","items_purchased":["Bag of Marbles"],"campfire_rested":0,"item_purchase_floors":[9],"current_hp_per_floor":[77,76,75,50,50,50,50,30,20,8,8,3,0,0,0],"gold":29,"neow_bonus":"TEN_PERCENT_HP_BONUS","is_daily":false,"chose_seed":false,"campfire_upgraded":1,"win_rate":0.0,"timestamp":1613094744,"path_taken":["R","M","M","?","?","M","T","M","$","?","?","M","E"],"items_purchased_type":["Relic"],"build_version":"2020-12-22","purchased_purges":0,"victory":false,"max_hp_per_floor":[77,77,77,77,77,77,77,77,77,77,77,77,77,77,77],"card_choices":[{"not_picked":["bronze:Allocate","bronze:WhirlingStrike"],"picked":"bronze:Philosophize","floor":2.0},{"not_picked":["bronze:OilSpill","bronze:DelayedGuard"],"picked":"bronze:ForceShield","floor":3.0},{"not_picked":["bronze:OilSpill","bronze:Invalidate"],"picked":"bronze:Flail","floor":6},{"not_picked":["bronze:OilSpill","bronze:Deprecate"],"picked":"bronze:Iterate","floor":8},{"not_picked":["bronze:WhirlingStrike","bronze:Safeguard","bronze:DelayedGuard"],"picked":"SKIP","floor":9},{"not_picked":["bronze:Shield","bronze:DelayedGuard"],"picked":"bronze:WhirlingStrike","floor":10},{"not_picked":["bronze:WildBeam","bronze:Shield"],"picked":"bronze:Boost","floor":12}],"player_experience":1056702,"relics_obtained":[],"event_choices":[{"damage_healed":0.0,"max_hp_gain":0.0,"max_hp_loss":0.0,"gold_gain":0.0,"event_name":"Scrap Ooze","player_choice":"Success","floor":4.0,"gold_loss":0.0,"damage_taken":25.0,"relics_obtained":["Art of War"]},{"damage_healed":0,"gold_gain":0,"cards_transformed":["bronze:Strike"],"player_choice":"Change","damage_taken":0,"max_hp_gain":0,"max_hp_loss":0,"event_name":"Living Wall","floor":5,"gold_loss":0,"cards_obtained":["bronze:ClassDefault"]}],"is_beta":false,"boss_relics":[],"items_purged_floors":[],"is_endless":false,"potions_floor_spawned":[2,6,12],"killed_by":"Gremlin Nob","ascension_level":0}}