{"host":"7k2a2omxz3voj5ax","time":1613109198,"event":{"mods":["BaseMod","Marisa£¨ìFÓê¡¡Ä§ÀíÉ³£©","Minty Spire (QoL Compilation)","Quick Restart","Spicy Shops","StSLib","Starting Relic: Pandora\u0027s Box","Yakumo Yukari mod","¡¾ÒÅÎï¿¨ÅÆ¡¿REMEMod","óô»ðÖ¸ÄÏ"],"gold_per_floor":[120,135,135,135,60,135,167,167,167,191,241,297,357,357,370,431,449,52,165,165,165,165],"floor_reached":21,"language":"ZHS","playtime":702,"items_purged":["MasterSpark","ShootingEcho"],"score":307,"play_id":"f8b04c28-9cbf-48e0-811e-08177c8da951","local_time":"20210212145318","is_ascension_mode":true,"campfire_choices":[{"data":"PowerUp","floor":8.0,"key":"SMITH"},{"floor":14.0,"key":"REST"}],"circlet_count":0,"master_deck":["UpSweep","Robbery","BlazeAway+1","OneTimeOff","StarBarrage","PowerUp+1","ChargingUp","Grand Finale","6A","SatelliteIllusion"],"relics":["MiniHakkero","REME_ComplimentaryCards","NeowsBlessing","MealTicket","Toxic Egg 2","Boot","Bag of Marbles","TheAbacus","Anchor","Black Star"],"acts_visited":["Exordium","TheCity"],"potions_floor_usage":[19],"damage_taken":[{"damage":0.0,"enemies":"2 Louse","floor":1.0,"turns":1.0},{"damage":0.0,"enemies":"Jaw Worm","floor":2.0,"turns":1.0},{"damage":0.0,"enemies":"Lagavulin","floor":7.0,"turns":2.0},{"damage":0.0,"enemies":"Small Slimes","floor":12.0,"turns":2.0},{"damage":12.0,"enemies":"Exordium Wildlife","floor":13.0,"turns":3.0},{"damage":0.0,"enemies":"Red Slaver","floor":15.0,"turns":1.0},{"damage":25.0,"enemies":"3 Sentries","floor":16.0,"turns":7.0},{"damage":0.0,"enemies":"Blue Slaver","floor":17.0,"turns":1.0},{"damage":3,"enemies":"The Guardian","floor":19,"turns":4},{"damage":0,"enemies":"Chosen","floor":21,"turns":1}],"seed_played":"-3657914802792208866","potions_obtained":[{"floor":2.0,"key":"Fire Potion"},{"floor":12.0,"key":"PowerPotion"},{"floor":16.0,"key":"ColorlessPotion"},{"floor":17.0,"key":"Swift Potion"},{"floor":19,"key":"PowerPotion"}],"is_trial":false,"path_per_floor":["M","M","?","?","$","?","E","R","?","T","T","M","M","R","M","E","M","R","B",null,"M"],"character_chosen":"MARISA","items_purchased":["TheAbacus","Anchor"],"campfire_rested":1,"item_purchase_floors":[18,18],"current_hp_per_floor":[68,68,53,53,53,42,42,42,30,30,30,30,18,40,40,15,15,15,12,59,59,59],"gold":165,"neow_bonus":"THREE_ENEMY_KILL","is_daily":false,"chose_seed":false,"campfire_upgraded":1,"win_rate":0.0,"timestamp":1613109198,"path_taken":["M","M","?","?","$","?","E","R","?","T","T","M","M","R","?","E","M","R","BOSS","M"],"items_purchased_type":["Relic","Relic"],"build_version":"2020-12-22","purchased_purges":2,"victory":false,"max_hp_per_floor":[75,75,75,75,75,75,75,75,75,75,75,75,75,75,75,75,75,75,75,75,75,75],"card_choices":[{"not_picked":["6A","WitchLeyline","MilkyWay"],"picked":"SKIP","floor":1.0},{"not_picked":["6A","WitchOfGreed","DC"],"picked":"SKIP","floor":2.0},{"not_picked":["MilkyWay","AsteroidBelt","OortCloud"],"picked":"SKIP","floor":7.0},{"not_picked":["FairyDestructionRay","BinaryStars+1","ManaConvection+1"],"picked":"SKIP","floor":12.0},{"not_picked":["SporeBomb+1","DC","ChargeUpSpray"],"picked":"SKIP","floor":13.0},{"not_picked":["SporeBomb+1","LuminesStrike"],"picked":"6A","floor":15.0},{"not_picked":["GalacticHalo+1","StarlightTyphoon+1","WitchOfGreed"],"picked":"SKIP","floor":16.0},{"not_picked":["FairyDestructionRay","MagicAbsorber+1","BigCrunch+1"],"picked":"SKIP","floor":17.0},{"not_picked":["BinaryStars+1","AbsoluteMagnitude"],"picked":"SatelliteIllusion","floor":19}],"player_experience":300732,"relics_obtained":[{"floor":7.0,"key":"MealTicket"},{"floor":11.0,"key":"Boot"},{"floor":16.0,"key":"Bag of Marbles"}],"event_choices":[{"damage_healed":0.0,"max_hp_gain":0.0,"max_hp_loss":0.0,"gold_gain":0.0,"event_name":"Shining Light","player_choice":"Entered Light","floor":3.0,"gold_loss":0.0,"damage_taken":15.0,"cards_upgraded":["BlazeAway","RefractionSpark"]},{"cards_removed":["RefractionSpark"],"damage_healed":0.0,"max_hp_gain":0.0,"max_hp_loss":0.0,"gold_gain":0.0,"event_name":"Living Wall","player_choice":"Forget","floor":4.0,"gold_loss":0.0,"damage_taken":0.0},{"damage_healed":0.0,"max_hp_gain":0.0,"max_hp_loss":0.0,"gold_gain":75.0,"event_name":"World of Goop","player_choice":"Gather Gold","floor":6.0,"gold_loss":0.0,"damage_taken":11.0},{"damage_healed":0.0,"max_hp_gain":0.0,"max_hp_loss":0.0,"gold_gain":0.0,"event_name":"Scrap Ooze","player_choice":"Success","floor":9.0,"gold_loss":0.0,"damage_taken":12.0,"relics_obtained":["Toxic Egg 2"]}],"is_beta":false,"boss_relics":[{"not_picked":["Tiny House","Sozu"],"picked":"Black Star"}],"items_purged_floors":[5,18],"is_endless":false,"potions_floor_spawned":[2,12,16,17,19],"killed_by":"Chosen","ascension_level":9}}