{"host":"sian7qp8a9pc9xwd","time":1613130588,"event":{"mods":["BaseMod","Minty Spire (QoL Compilation)","StSLib","SuperFastMode"],"gold_per_floor":[113,113,130,146,165,165,190,190,190,204,11,11,47,47,47,166,166,186,199,62,62,80,80,99,99,99,99,99],"floor_reached":27,"language":"ENG","playtime":851,"items_purged":["Defend_P"],"score":372,"play_id":"7770b5a4-8f19-408c-bc99-07ec9afadc30","local_time":"20210212064948","is_ascension_mode":true,"campfire_choices":[{"data":"Eruption","floor":6.0,"key":"SMITH"},{"data":"Worship","floor":8.0,"key":"SMITH"},{"floor":15.0,"key":"REST"},{"data":"CutThroughFate","floor":23.0,"key":"SMITH"}],"circlet_count":0,"master_deck":["AscendersBane","Strike_P","Strike_P","Defend_P","Defend_P+1","Eruption+1","Vigilance","FollowUp+1","Worship+1","SpiritShield","LessonLearned+1","CutThroughFate+1","Worship"],"relics":["PureWater","Nunchaku","Turnip","Question Card","Mercury Hourglass","Membership Card","Golden Idol","Regal Pillow","Empty Cage","Anchor","Matryoshka","MutagenicStrength","Blood Vial","Potion Belt"],"acts_visited":["Exordium","TheCity"],"potions_floor_usage":[],"damage_taken":[{"damage":1.0,"enemies":"2 Louse","floor":1.0,"turns":3.0},{"damage":0.0,"enemies":"Cultist","floor":3.0,"turns":3.0},{"damage":4.0,"enemies":"Jaw Worm","floor":4.0,"turns":4.0},{"damage":3.0,"enemies":"2 Fungi Beasts","floor":5.0,"turns":3.0},{"damage":0.0,"enemies":"Lagavulin","floor":7.0,"turns":3.0},{"damage":0.0,"enemies":"Large Slime","floor":10.0,"turns":3.0},{"damage":27.0,"enemies":"3 Sentries","floor":13.0,"turns":6.0},{"damage":38.0,"enemies":"The Guardian","floor":16.0,"turns":12.0},{"damage":23.0,"enemies":"3 Byrds","floor":18.0,"turns":5.0},{"damage":7.0,"enemies":"Spheric Guardian","floor":19.0,"turns":3.0},{"damage":13.0,"enemies":"Snecko","floor":22.0,"turns":3.0},{"damage":19.0,"enemies":"3 Cultists","floor":24.0,"turns":4.0},{"damage":0,"enemies":"Centurion and Healer","floor":27,"turns":1}],"seed_played":"9077483372070956658","potions_obtained":[{"floor":3.0,"key":"FearPotion"},{"floor":7.0,"key":"SpeedPotion"},{"floor":13.0,"key":"BottledMiracle"},{"floor":16.0,"key":"StancePotion"},{"floor":18.0,"key":"StancePotion"},{"floor":19.0,"key":"Regen Potion"}],"is_trial":false,"path_per_floor":["M","?","M","M","M","R","E","R","T","M","$","?","E","?","R","B",null,"M","M","$","?","M","R","M","?","T","M"],"character_chosen":"WATCHER","items_purchased":["Membership Card","Anchor","Worship","SteroidPotion"],"campfire_rested":1,"item_purchase_floors":[11,20,20,20],"current_hp_per_floor":[64,64,64,60,57,57,57,57,57,57,57,39,12,5,41,3,55,32,25,25,25,21,21,2,2,2,4,4],"gold":99,"neow_bonus":"RANDOM_COMMON_RELIC","is_daily":false,"chose_seed":false,"campfire_upgraded":3,"win_rate":0.0,"timestamp":1613130588,"path_taken":["M","?","?","M","M","R","E","R","T","M","$","?","E","?","R","BOSS","M","M","$","?","M","R","M","?","T","M"],"items_purchased_type":["Relic","Relic","Card","Potion"],"build_version":"2020-12-22","purchased_purges":1,"victory":false,"max_hp_per_floor":[72,72,72,72,72,72,72,72,72,72,72,72,72,72,72,72,72,72,72,72,72,72,72,72,72,72,72,72],"card_choices":[{"not_picked":["BowlingBash","SashWhip"],"picked":"EmptyMind","floor":1.0},{"not_picked":["ThirdEye","Indignation"],"picked":"FollowUp","floor":3.0},{"not_picked":["MentalFortress","EmptyBody","WheelKick"],"picked":"SKIP","floor":4.0},{"not_picked":["EmptyFist","WheelKick"],"picked":"Worship","floor":5.0},{"not_picked":["Indignation","CrushJoints","ThirdEye"],"picked":"SKIP","floor":7.0},{"not_picked":["ThirdEye","FlurryOfBlows","Consecrate"],"picked":"SpiritShield","floor":10.0},{"not_picked":["ForeignInfluence","ConjureBlade","Collect","Protect"],"picked":"SKIP","floor":13.0},{"not_picked":["Establishment","Ragnarok","Wish"],"picked":"LessonLearned","floor":16.0},{"not_picked":["Weave","CrushJoints","FlurryOfBlows"],"picked":"CutThroughFate","floor":18.0},{"not_picked":["Indignation+1","SashWhip","EmptyFist","Perseverance"],"picked":"SKIP","floor":19.0},{"not_picked":["Crescendo","WreathOfFlame","PathToVictory+1","JustLucky"],"picked":"SKIP","floor":22.0},{"not_picked":["ClearTheMind","SashWhip+1","ThirdEye","PathToVictory"],"picked":"SKIP","floor":24.0}],"player_experience":977471,"relics_obtained":[{"floor":7.0,"key":"Question Card"},{"floor":9.0,"key":"Mercury Hourglass"},{"floor":13.0,"key":"Regal Pillow"},{"floor":26.0,"key":"Blood Vial"},{"floor":26.0,"key":"Potion Belt"}],"event_choices":[{"cards_removed":["EmptyMind"],"damage_healed":0.0,"max_hp_gain":0.0,"max_hp_loss":0.0,"gold_gain":0.0,"event_name":"WeMeetAgain","player_choice":"Gave Card","floor":2.0,"gold_loss":0.0,"damage_taken":0.0,"relics_obtained":["Turnip"]},{"damage_healed":0.0,"max_hp_gain":0.0,"max_hp_loss":0.0,"gold_gain":0.0,"event_name":"Golden Idol","player_choice":"Take Damage","floor":12.0,"gold_loss":0.0,"damage_taken":18.0,"relics_obtained":["Golden Idol"]},{"cards_removed":["Strike_P"],"damage_healed":0.0,"max_hp_gain":0.0,"max_hp_loss":0.0,"gold_gain":0.0,"event_name":"Golden Wing","player_choice":"Card Removal","floor":14.0,"gold_loss":0.0,"damage_taken":7.0},{"damage_healed":0.0,"max_hp_gain":0.0,"max_hp_loss":0.0,"gold_gain":0.0,"event_name":"The Mausoleum","player_choice":"Opened","floor":21.0,"gold_loss":0.0,"damage_taken":0.0,"relics_obtained":["Matryoshka"]},{"damage_healed":0.0,"max_hp_gain":0.0,"max_hp_loss":0.0,"gold_gain":0.0,"event_name":"Drug Dealer","player_choice":"Inject Mutagens","floor":25.0,"gold_loss":0.0,"damage_taken":0.0,"relics_obtained":["MutagenicStrength"]}],"is_beta":false,"boss_relics":[{"not_picked":["SlaversCollar","Calling Bell"],"picked":"Empty Cage"}],"items_purged_floors":[11],"is_endless":false,"potions_floor_spawned":[3,7,13,16,18,19],"killed_by":"Centurion and Healer","ascension_level":10}}