{"host":"fbdlh90rovbiajun","time":1613111674,"event":{"mods":["AchievementEnabler","BaseMod","Colored Map","Minty Spire (QoL Compilation)","SuperFastMode"],"gold_per_floor":[116,134,59,72,72,72,147,147,147,47,64,64,81,98,98,98,98],"floor_reached":16,"language":"KOR","playtime":367,"items_purged":["Defend_B","Strike_B"],"score":92,"play_id":"cae2db12-eade-45a3-ba38-265a5631c6fd","local_time":"20210212153434","is_ascension_mode":false,"campfire_choices":[{"data":"Gash","floor":6,"key":"SMITH"},{"data":"Stack","floor":12,"key":"SMITH"},{"data":"Double Energy","floor":15,"key":"SMITH"}],"circlet_count":0,"master_deck":["Strike_B","Strike_B","Strike_B+1","Defend_B","Defend_B","Zap","Dualcast+1","Gash+1","Beam Cell","Stack+1","Double Energy+1"],"relics":["Cracked Core","NeowsBlessing","Pear"],"acts_visited":["Exordium"],"potions_floor_usage":[],"damage_taken":[{"damage":0,"enemies":"Jaw Worm","floor":1,"turns":1},{"damage":0,"enemies":"Small Slimes","floor":2,"turns":1},{"damage":0,"enemies":"2 Louse","floor":4,"turns":1},{"damage":7,"enemies":"Blue Slaver","floor":11,"turns":2},{"damage":0,"enemies":"Exordium Wildlife","floor":13,"turns":2},{"damage":1,"enemies":"3 Louse","floor":14,"turns":3},{"damage":47,"enemies":"Hexaghost","floor":16,"turns":9}],"seed_played":"3034218650749620716","potions_obtained":[{"floor":1,"key":"SneckoOil"},{"floor":11,"key":"EssenceOfDarkness"}],"is_trial":false,"path_per_floor":["M","M","$","M","?","R","?","?","T","$","M","R","M","M","R","B"],"character_chosen":"DEFECT","items_purchased":[],"campfire_rested":0,"item_purchase_floors":[],"current_hp_per_floor":[75,75,75,75,68,68,57,42,52,52,45,45,45,44,44,0,0],"gold":98,"neow_bonus":"THREE_ENEMY_KILL","is_daily":false,"chose_seed":false,"campfire_upgraded":3,"win_rate":0.0,"timestamp":1613111674,"path_taken":["M","M","$","M","?","R","?","?","T","?","M","R","?","M","R","BOSS"],"items_purchased_type":[],"build_version":"2020-12-22","purchased_purges":2,"victory":false,"max_hp_per_floor":[75,75,75,75,75,75,75,75,85,85,85,85,85,85,85,85,85],"card_choices":[{"not_picked":["Blizzard","Loop","Cold Snap"],"picked":"SKIP","floor":1},{"not_picked":["Aggregate","Cold Snap"],"picked":"Gash","floor":2},{"not_picked":["Stack","Steam"],"picked":"Beam Cell","floor":4},{"not_picked":["Gash","Steam Power"],"picked":"Stack","floor":11},{"not_picked":["Steam","Reprogram","Beam Cell"],"picked":"SKIP","floor":13},{"not_picked":["Loop","Leap"],"picked":"Double Energy","floor":14}],"player_experience":4201,"relics_obtained":[{"floor":9,"key":"Pear"}],"event_choices":[{"cards_removed":["Defend_B"],"damage_healed":0,"gold_gain":0,"player_choice":"Card Removal","damage_taken":7,"max_hp_gain":0,"max_hp_loss":0,"event_name":"Golden Wing","floor":5,"gold_loss":0},{"damage_healed":0,"gold_gain":75,"player_choice":"Gather Gold","damage_taken":11,"max_hp_gain":0,"max_hp_loss":0,"event_name":"World of Goop","floor":7,"gold_loss":0},{"damage_healed":0,"gold_gain":0,"player_choice":"Entered Light","damage_taken":15,"max_hp_gain":0,"max_hp_loss":0,"event_name":"Shining Light","floor":8,"gold_loss":0,"cards_upgraded":["Strike_B","Dualcast"]}],"is_beta":false,"boss_relics":[],"items_purged_floors":[3,10],"is_endless":false,"potions_floor_spawned":[1,11],"killed_by":"Hexaghost","ascension_level":0}}