{"host":"kr40xqsmov1kh7zv","time":1613125001,"event":{"mods":["AchievementEnabler","Act Like it!","BaseMod","Downfall","Highlight Path","Minty Spire (QoL Compilation)","StSLib"],"gold_per_floor":[99,99,116,130,130,147,174,203,214,225,225,242,152,181,192,293,293,293,312,312,312,312,323,323,538,554,566,566,582,595,606,625,720,720,720,720,595,595,615,645,645,670,670,670,720,720,520,540,552,552],"floor_reached":51,"language":"ENG","playtime":1728,"items_purged":["bronze:Defend","bronze:Strike","bronze:Iterate+1"],"score":946,"play_id":"64acd598-f8b4-46b0-81d7-9d6b822ad254","local_time":"20210212211641","is_ascension_mode":false,"campfire_choices":[{"data":"bronze:Goto","floor":1,"key":"SMITH"},{"data":"bronze:ChosenStrike","floor":11,"key":"SMITH"},{"data":"bronze:HardenedForm","floor":18,"key":"SMITH"},{"data":"bronze:Boost","floor":28,"key":"SMITH"},{"data":"bronze:Replicate","floor":35,"key":"SMITH"},{"floor":43,"key":"RECALL"},{"floor":47,"key":"REST"}],"circlet_count":0,"master_deck":["bronze:Replicate+1","bronze:Boost+1","bronze:ChosenStrike+1","bronze:HardenedForm+1"],"relics":["bronze:BronzeCore","Whetstone","Lantern","Toxic Egg 2","Busted Crown","Vajra","Empty Cage","bronze:BottledCode","Bottled Tornado","Gremlin Horn","Bag of Marbles","Unceasing Top","downfall:HeartBlessingRed","downfall:HeartBlessingGreen"],"acts_visited":["Exordium","TheCity","TheBeyond"],"potions_floor_usage":[8,14,16,33],"damage_taken":[{"damage":11,"enemies":"2 Louse","floor":3,"turns":3},{"damage":13,"enemies":"Cultist","floor":4,"turns":4},{"damage":6,"enemies":"Jaw Worm","floor":6,"turns":2},{"damage":0,"enemies":"Gremlin Nob","floor":8,"turns":2},{"damage":0,"enemies":"2 Fungi Beasts","floor":9,"turns":3},{"damage":4,"enemies":"Gremlin Gang","floor":10,"turns":4},{"damage":0,"enemies":"Large Slime","floor":12,"turns":3},{"damage":0,"enemies":"downfall:FleeingMerchant","floor":13,"turns":4},{"damage":4,"enemies":"3 Sentries","floor":14,"turns":5},{"damage":7,"enemies":"Blue Slaver","floor":15,"turns":2},{"damage":28,"enemies":"DF_ARCHETYPE_STREAMLINE","floor":16,"turns":5},{"damage":2,"enemies":"Shell Parasite","floor":19,"turns":3},{"damage":4,"enemies":"Shell Parasite","floor":21,"turns":3},{"damage":2,"enemies":"Chosen","floor":23,"turns":2},{"damage":9,"enemies":"downfall:FleeingMerchant","floor":25,"turns":4},{"damage":0,"enemies":"Centurion and Healer","floor":26,"turns":3},{"damage":0,"enemies":"Snecko","floor":27,"turns":2},{"damage":21,"enemies":"Snake Plant","floor":29,"turns":2},{"damage":0,"enemies":"Cultist and Chosen","floor":30,"turns":3},{"damage":4,"enemies":"Centurion and Healer","floor":31,"turns":3},{"damage":0,"enemies":"Snake Plant","floor":32,"turns":2},{"damage":11,"enemies":"IC_MUSHROOM_ARCHETYPE","floor":33,"turns":3},{"damage":0,"enemies":"3 Darklings","floor":39,"turns":3},{"damage":0,"enemies":"Giant Head","floor":40,"turns":4},{"damage":0,"enemies":"Reptomancer","floor":42,"turns":3},{"damage":0,"enemies":"Reptomancer","floor":45,"turns":4},{"damage":0,"enemies":"Orb Walker","floor":48,"turns":2},{"damage":3,"enemies":"Sphere and 2 Shapes","floor":49,"turns":2},{"damage":0,"enemies":"WA_ARCHETYPE_DIVINITY","floor":50,"turns":3}],"seed_played":"-7927150161947673459","potions_obtained":[{"floor":3,"key":"Swift Potion"},{"floor":6,"key":"Swift Potion"},{"floor":9,"key":"AttackPotion"},{"floor":15,"key":"Explosive Potion"},{"floor":19,"key":"DuplicationPotion"},{"floor":27,"key":"bronze:FreeFunctionsPotion"},{"floor":32,"key":"EssenceOfSteel"},{"floor":33,"key":"Fruit Juice"},{"floor":42,"key":"hexamod:SoulburnPotion"}],"is_trial":false,"path_per_floor":["R","?","M","M","?","M","T","E","M","M","R","M","$","E","M","B",null,"R","M","?","?","?","M","T","$","M","M","R","M","M","M","M","B",null,"R","?","$","?","M","E","T","E","R","?","?","?","R","M","M","B",null],"character_chosen":"THE_AUTOMATON","items_purchased":[],"campfire_rested":1,"item_purchase_floors":[],"current_hp_per_floor":[77,77,66,53,53,47,47,47,47,43,43,43,43,39,32,4,77,77,75,75,71,71,69,69,60,60,60,60,39,39,35,35,29,82,82,72,72,72,72,72,72,72,72,72,72,64,72,72,69,69],"gold":552,"neow_bonus":"TEN_PERCENT_HP_BONUS","is_daily":false,"chose_seed":false,"campfire_upgraded":5,"win_rate":0.0,"timestamp":1613125001,"path_taken":["R","?","?","M","?","M","T","E","M","M","R","M","$","E","M","BOSS","R","M","?","?","?","M","T","$","M","M","R","?","M","M","M","BOSS","R","?","$","?","M","E","T","E","R","?","?","?","R","M","M","BOSS"],"items_purchased_type":[],"build_version":"2020-12-22","purchased_purges":3,"victory":true,"max_hp_per_floor":[77,77,77,77,77,77,77,77,77,77,77,77,77,77,77,77,77,77,77,77,77,77,77,77,77,77,77,77,77,77,77,77,82,82,82,72,72,72,72,72,72,72,72,72,72,72,72,72,72,72],"card_choices":[{"not_picked":["bronze:Fortify","bronze:Allocate"],"picked":"bronze:Optimize","floor":3},{"not_picked":["bronze:Invalidate","bronze:DarkDash"],"picked":"bronze:Iterate","floor":4},{"not_picked":["bronze:Invalidate","bronze:Iterate"],"picked":"bronze:Boost","floor":6},{"not_picked":["bronze:Iterate","bronze:RecursiveStrike","bronze:Turbo"],"picked":"SKIP","floor":8},{"not_picked":["bronze:BitShift","bronze:BronzeArmor","bronze:Iterate"],"picked":"SKIP","floor":9},{"not_picked":["bronze:Deprecate","bronze:NullPointer"],"picked":"bronze:ChosenStrike","floor":10},{"not_picked":["bronze:BuggyMess","bronze:BugBarrage","bronze:DelayedSlice"],"picked":"SKIP","floor":12},{"not_picked":["bronze:WildBeam","bronze:Turbo","bronze:ForLoop"],"picked":"SKIP","floor":13},{"not_picked":["bronze:Invalidate+1","bronze:ChildClass+1","bronze:Iterate"],"picked":"SKIP","floor":14},{"not_picked":["bronze:Invalidate+1","bronze:ForLoop+1","bronze:Virus"],"picked":"SKIP","floor":15},{"not_picked":["bronze:Format+1","bronze:BurnOut"],"picked":"bronze:HardenedForm","floor":16},{"not_picked":["bronze:Deprecate+1"],"picked":"SKIP","floor":19},{"not_picked":["bronze:Branch"],"picked":"SKIP","floor":23},{"not_picked":["bronze:Return+1"],"picked":"SKIP","floor":25},{"not_picked":["bronze:DigitalCarnage"],"picked":"SKIP","floor":26},{"not_picked":["bronze:Repulsor"],"picked":"SKIP","floor":27},{"not_picked":["bronze:Iterate"],"picked":"SKIP","floor":29},{"not_picked":["bronze:Shield+1"],"picked":"SKIP","floor":30},{"not_picked":["bronze:BugBarrage"],"picked":"SKIP","floor":31},{"not_picked":["bronze:DelayedGuard+1"],"picked":"SKIP","floor":32},{"not_picked":["bronze:BronzeArmor+1"],"picked":"SKIP","floor":39},{"not_picked":["bronze:BugBarrage+1"],"picked":"SKIP","floor":40},{"not_picked":["bronze:Overheat+1"],"picked":"SKIP","floor":42},{"not_picked":["bronze:FollowUp+1"],"picked":"SKIP","floor":48},{"not_picked":["bronze:Overheat+1"],"picked":"SKIP","floor":49}],"player_experience":223869,"relics_obtained":[{"floor":7,"key":"Whetstone"},{"floor":8,"key":"Lantern"},{"floor":14,"key":"Toxic Egg 2"},{"floor":24,"key":"Vajra"},{"floor":40,"key":"Bottled Tornado"},{"floor":41,"key":"Gremlin Horn"},{"floor":42,"key":"Bag of Marbles"},{"floor":45,"key":"Unceasing Top"}],"event_choices":[{"cards_removed":["Pain"],"damage_healed":0,"gold_gain":0,"player_choice":"Card Removal","damage_taken":0,"max_hp_gain":0,"max_hp_loss":0,"event_name":"The Cleric","floor":5,"gold_loss":0},{"cards_removed":["bronze:Goto"],"damage_healed":0,"gold_gain":0,"player_choice":"Removed Skill","damage_taken":0,"max_hp_gain":0,"max_hp_loss":0,"event_name":"Falling","floor":44,"gold_loss":0},{"damage_healed":0,"gold_gain":0,"player_choice":"Punched","damage_taken":8,"max_hp_gain":0,"max_hp_loss":0,"event_name":"Designer","floor":46,"gold_loss":0}],"is_beta":false,"boss_relics":[{"not_picked":["bronze:MakeshiftBattery","Philosopher\u0027s Stone"],"picked":"Busted Crown"},{"not_picked":["Sozu","SacredBark"],"picked":"Empty Cage"}],"items_purged_floors":[13,25,37],"is_endless":false,"potions_floor_spawned":[3,6,9,15,19,21,27,32,33,42,49],"ascension_level":0}}