{"host":"tiwza2kisyyrpq7h","time":1613141494,"event":{"mods":["BaseMod","Colored Powertips","Minty Spire (QoL Compilation)","Quick Restart","Rare Cards Sparkle","Shop Mod","StSLib","SuperFastMode","The Servant 0.9.4","óô»ðÖ¸ÄÏ"],"gold_per_floor":[112,262,262,11,32,32,67,24,51,70,70,91,91,105,105,198,198,216,234,275,275,295,295,295],"floor_reached":23,"language":"ZHS","playtime":580,"items_purged":["Doubt"],"score":482,"play_id":"60372747-18bb-4d3d-9bea-de7ece973908","local_time":"20210212225134","is_ascension_mode":true,"campfire_choices":[{"data":"Phantasmal Killer","floor":6.0,"key":"SMITH"},{"data":"Footwork","floor":11.0,"key":"SMITH"},{"data":"Blade Dance","floor":13.0,"key":"SMITH"},{"data":"Finisher","floor":15.0,"key":"SMITH"}],"circlet_count":0,"master_deck":["AscendersBane","Strike_G+1","Strike_G+1","Strike_G+1","Strike_G+1","Strike_G+1","Defend_G+1","Defend_G+1","Defend_G+1","Defend_G+1","Defend_G+1","Survivor","Neutralize","Masterful Stab","Footwork+1","Blade Dance+1","Dash","Phantasmal Killer+1","Acrobatics","Noxious Fumes","Backflip","Finisher+1","Acrobatics","Adrenaline","Finisher","PiercingWail+1"],"relics":["Ring of the Snake","Nunchaku","Golden Idol","StrikeDummy","Toy Ornithopter","WristBlade","Red Mask"],"acts_visited":["Exordium","TheCity"],"potions_floor_usage":[23],"damage_taken":[{"damage":0.0,"enemies":"2 Louse","floor":1.0,"turns":3.0},{"damage":0.0,"enemies":"Jaw Worm","floor":5.0,"turns":2.0},{"damage":22.0,"enemies":"Gremlin Nob","floor":7.0,"turns":4.0},{"damage":0.0,"enemies":"Cultist","floor":10.0,"turns":3.0},{"damage":0.0,"enemies":"Lots of Slimes","floor":12.0,"turns":2.0},{"damage":0.0,"enemies":"3 Louse","floor":14.0,"turns":2.0},{"damage":0.0,"enemies":"Slime Boss","floor":16.0,"turns":6.0},{"damage":0.0,"enemies":"3 Byrds","floor":18.0,"turns":5.0},{"damage":18.0,"enemies":"2 Thieves","floor":19.0,"turns":3.0},{"damage":32.0,"enemies":"Masked Bandits","floor":20.0,"turns":5.0},{"damage":10.0,"enemies":"Cultist and Chosen","floor":22.0,"turns":5.0},{"damage":15,"enemies":"Slavers","floor":23,"turns":1}],"seed_played":"8929957086952325467","potions_obtained":[{"floor":7.0,"key":"Dexterity Potion"},{"floor":10.0,"key":"Strength Potion"},{"floor":22.0,"key":"FearPotion"}],"is_trial":false,"path_per_floor":["M","?","?","$","M","R","E","$","T","M","R","M","R","M","R","B",null,"M","M","?","?","M","E"],"character_chosen":"THE_SILENT","items_purchased":["Footwork","Blade Dance","Dash","Noxious Fumes"],"campfire_rested":0,"item_purchase_floors":[4,4,4,8],"current_hp_per_floor":[59,59,59,59,59,59,37,37,37,37,37,37,37,37,37,42,56,56,38,11,11,1,0,0],"gold":295,"neow_bonus":"RANDOM_COMMON_RELIC","is_daily":false,"chose_seed":false,"campfire_upgraded":4,"win_rate":0.0,"timestamp":1613141494,"path_taken":["M","?","?","$","M","R","E","?","T","M","R","?","R","?","R","BOSS","M","M","?","?","M","E"],"items_purchased_type":["Card","Card","Card","Card"],"build_version":"2020-12-22","purchased_purges":1,"victory":false,"max_hp_per_floor":[66,66,60,60,60,60,60,60,60,60,60,60,60,60,60,60,60,60,60,60,60,60,60,60],"card_choices":[{"not_picked":["Outmaneuver","Acrobatics"],"picked":"Masterful Stab","floor":1.0},{"not_picked":["Flying Knee","Footwork"],"picked":"Phantasmal Killer","floor":5.0},{"not_picked":["Backflip","Quick Slash"],"picked":"Acrobatics","floor":7.0},{"not_picked":["Predator","Quick Slash"],"picked":"Backflip","floor":10.0},{"not_picked":["Slice","Dagger Spray"],"picked":"Finisher","floor":12.0},{"not_picked":["Deadly Poison","Catalyst"],"picked":"Acrobatics","floor":14.0},{"not_picked":["Malaise","Die Die Die"],"picked":"Adrenaline","floor":16.0},{"not_picked":["Quick Slash","Poisoned Stab","Dagger Throw"],"picked":"SKIP","floor":18.0},{"not_picked":["Quick Slash","Poisoned Stab","Dagger Throw"],"picked":"SKIP","floor":18.0},{"not_picked":["Dash","Leg Sweep"],"picked":"Finisher","floor":19.0},{"not_picked":["Bouncing Flask","Flying Knee+1"],"picked":"PiercingWail+1","floor":20.0},{"not_picked":["Flechettes","Predator","Slice"],"picked":"SKIP","floor":22.0}],"player_experience":976484,"relics_obtained":[{"floor":7.0,"key":"StrikeDummy"},{"floor":9.0,"key":"Toy Ornithopter"},{"floor":20.0,"key":"Red Mask"}],"event_choices":[{"damage_healed":0.0,"max_hp_gain":0.0,"max_hp_loss":0.0,"gold_gain":150.0,"event_name":"Liars Game","player_choice":"AGREE","floor":2.0,"gold_loss":0.0,"damage_taken":0.0,"cards_obtained":["Doubt"]},{"damage_healed":0.0,"max_hp_gain":0.0,"max_hp_loss":6.0,"gold_gain":0.0,"event_name":"Golden Idol","player_choice":"Lose Max HP","floor":3.0,"gold_loss":0.0,"damage_taken":0.0,"relics_obtained":["Golden Idol"]},{"damage_healed":0.0,"max_hp_gain":0.0,"max_hp_loss":0.0,"gold_gain":0.0,"event_name":"Masked Bandits","player_choice":"Fought Bandits","floor":20.0,"gold_loss":0.0,"damage_taken":0.0},{"damage_healed":0.0,"max_hp_gain":0.0,"max_hp_loss":0.0,"gold_gain":0.0,"event_name":"Back to Basics","player_choice":"Simplicity","floor":21.0,"gold_loss":0.0,"damage_taken":0.0,"cards_upgraded":["Strike_G","Strike_G","Strike_G","Strike_G","Strike_G","Defend_G","Defend_G","Defend_G","Defend_G","Defend_G"]}],"is_beta":false,"boss_relics":[{"not_picked":["Philosopher\u0027s Stone","Astrolabe"],"picked":"WristBlade"}],"items_purged_floors":[4],"is_endless":false,"potions_floor_spawned":[7,10,12,14,22],"killed_by":"Slavers","ascension_level":20}}