{"host":"6z6y4ky8uzsz1dpj","time":1613141762,"event":{"mods":["AchievementEnabler","BaseMod","BetterRewards","Challenge The Spire","Colored Map","Hubris","Minty Spire (QoL Compilation)","Quick Restart","Relic Stats","Replay The Spire","StSLib"],"gold_per_floor":[116,66,79,79,92,127,127,155,155,184,197,197,216,216,216,316,316,328,346,346,356,369,369,415,447,471,503,149,175,189,219,219,322,322,334,195,207,34,46,46,80,80,80,80,94,94,94,120,120,120],"floor_reached":51,"language":"ENG","playtime":2727,"items_purged":["Strike_G","Strike_G","Strike_G"],"score":1240,"play_id":"b62bf57a-6d23-4df4-a7b2-3e4f14e7a9a9","local_time":"20210212095602","is_ascension_mode":true,"campfire_choices":[{"data":"Noxious Fumes","floor":7,"key":"SMITH"},{"floor":12,"key":"REST"},{"data":"Deadly Poison","floor":15,"key":"SMITH"},{"floor":23,"key":"REST"},{"floor":32,"key":"REST"},{"floor":40,"key":"REST"},{"floor":42,"key":"REST"},{"floor":44,"key":"REST"},{"data":"Acrobatics","floor":47,"key":"SMITH"},{"floor":49,"key":"REST"}],"circlet_count":0,"master_deck":["AscendersBane","Defend_G+1","Defend_G","Defend_G+1","Defend_G","Defend_G","Survivor+1","Neutralize+1","Noxious Fumes+1","Acrobatics+1","Deadly Poison+1","Deadly Poison+1","Dagger Spray+1","Deflect+1","Well Laid Plans+1","ReplayTheSpireMod:Necrosis+1","Replay:Poison Smokescreen+1","Fluid Movement+1","Fluid Movement+1","Fluid Movement+1","Toxin Wave+1","Burst+1","Specialist+1","Dodge and Roll+1","Toxin Wave+1"],"relics":["Ring of the Snake","Counterbalance","Membership Card","Oddly Smooth Stone","Gremlin Food","Gremlin Horn","hubris:OldNail","hubris:VirtuousBlindfold","Akabeko","Bag of Preparation","MawBank","hubris:PeanutButter","Frozen Egg 2","Orichalcum","Quantum Egg","SlaversCollar","Guide Book","HornCleat","Tough Bandages","Kunai","hubris:SphereOfDissonance"],"acts_visited":["Exordium","TheCity","TheBeyond"],"potions_floor_usage":[3,6,6,13,13,29,29,35,35,35,50],"damage_taken":[{"damage":0,"enemies":"Jaw Worm","floor":1,"turns":6},{"damage":5,"enemies":"2 Louse","floor":3,"turns":4},{"damage":2,"enemies":"Small Slimes","floor":5,"turns":5},{"damage":13,"enemies":"Lagavulin","floor":6,"turns":8},{"damage":16,"enemies":"Gremlin Nob","floor":8,"turns":5},{"damage":21,"enemies":"Lagavulin","floor":10,"turns":8},{"damage":3,"enemies":"Red Slaver","floor":11,"turns":5},{"damage":2,"enemies":"Exordium Thugs","floor":13,"turns":5},{"damage":13,"enemies":"Hexaghost","floor":16,"turns":9},{"damage":6,"enemies":"3 Byrds","floor":18,"turns":4},{"damage":0,"enemies":"Shell Parasite","floor":19,"turns":6},{"damage":9,"enemies":"Snecko","floor":21,"turns":7},{"damage":17,"enemies":"Snake Plant","floor":22,"turns":5},{"damage":3,"enemies":"Replay:Snechameleon","floor":25,"turns":6},{"damage":8,"enemies":"Centurion and Healer","floor":27,"turns":5},{"damage":5,"enemies":"Book of Stabbing","floor":29,"turns":6},{"damage":12,"enemies":"Sentry and Sphere","floor":30,"turns":4},{"damage":0,"enemies":"Gremlin Leader","floor":31,"turns":7},{"damage":5,"enemies":"Champ","floor":33,"turns":11},{"damage":37,"enemies":"3 Shapes","floor":35,"turns":5},{"damage":2,"enemies":"3 Darklings","floor":37,"turns":5},{"damage":21,"enemies":"Spire Growth","floor":39,"turns":5},{"damage":0,"enemies":"R_Hoarder","floor":41,"turns":7},{"damage":0,"enemies":"Maw","floor":45,"turns":7},{"damage":3,"enemies":"Reptomancer","floor":48,"turns":5},{"damage":4,"enemies":"Donu and Deca","floor":50,"turns":8}],"seed_played":"-6433111843828869454","potions_obtained":[{"floor":3,"key":"Explosive Potion"},{"floor":8,"key":"Regen Potion"},{"floor":10,"key":"Block Potion"},{"floor":16,"key":"Explosive Potion"},{"floor":19,"key":"SkillPotion"},{"floor":21,"key":"SkillPotion"},{"floor":29,"key":"LiquidBronze"},{"floor":33,"key":"CunningPotion"},{"floor":48,"key":"EssenceOfSteel"}],"is_trial":false,"path_per_floor":["M","?","M","?","M","E","R","E","T","E","M","R","M","?","R_BF","B",null,"M","M","?","M","M","R","T","E","T","M","$","E","M","E","R","B",null,"M","$","M","$","M","R","E","R","T","R","M","NS","R","E","R","B",null],"character_chosen":"THE_SILENT","items_purchased":["Membership Card","Noxious Fumes","PowerPotion","ColorlessPotion","Regen Potion","Replay:Poison Smokescreen","hubris:PeanutButter","Frozen Egg 2","Fluid Movement+1","Guide Book","HornCleat","Specialist+1"],"campfire_rested":7,"item_purchase_floors":[0,0,0,0,0,28,28,28,28,36,38,38],"current_hp_per_floor":[56,56,65,65,63,50,50,34,34,13,10,31,41,41,41,28,60,54,54,54,45,28,49,49,46,46,38,38,33,21,21,42,37,62,25,25,23,23,2,23,23,44,44,65,65,65,65,62,70,66],"gold":120,"neow_bonus":"","is_daily":false,"chose_seed":false,"campfire_upgraded":3,"win_rate":0.0,"timestamp":1613141762,"path_taken":["M","?","M","?","M","E","R","E","T","E","M","R","M","?","R_BF","BOSS","M","M","?","M","?","R","?","E","T","M","$","E","M","E","R","BOSS","M","$","M","$","M","R","E","R","T","R","M","NS","R","E","R","BOSS"],"items_purchased_type":["Relic","Card","Potion","Potion","Potion","Card","Relic","Relic","Card","Relic","Relic","Card"],"build_version":"2020-12-22","purchased_purges":3,"victory":true,"max_hp_per_floor":[70,70,70,70,70,70,70,70,70,70,70,70,70,70,70,70,70,70,70,70,70,70,70,70,70,70,70,70,70,70,70,70,70,70,70,70,70,70,70,70,70,70,70,70,70,70,70,70,70,70],"relic_stats":{"Tough Bandages":[21],"Gremlin Horn":[17,17],"counters":[42,243],"Bag of Preparation":[24],"Kunai":[1],"Orichalcum":[36],"MawBank":24,"obtain_stats":[{"Lantern":28,"Tiny House":17,"Calipers":0,"Gremlin Horn":23,"hubris:VirtuousBlindfold":17,"Bag of Preparation":25,"Pet Ghost":7,"Tough Bandages":41,"HornCleat":38,"Iron Hammer":9,"Kunai":43,"Ring of the Snake":0,"Gremlin Food":8,"Counterbalance":0,"Quantum Egg":31,"Guide Book":36,"Oddly Smooth Stone":25,"hubris:SphereOfDissonance":48,"hubris:Towel":21,"Frozen Egg 2":28,"Orichalcum":29,"MawBank":26,"Akabeko":24,"SlaversCollar":34,"CaptainsWheel":0,"ReplayTheSpireMod:Shallot":26,"hubris:PeanutButter":28,"Membership Card":0,"hubris:Potato":14,"hubris:OldNail":10},{"Lantern":14,"Tiny House":8,"Calipers":16,"Gremlin Horn":12,"hubris:VirtuousBlindfold":25,"Bag of Preparation":30,"Pet Ghost":4,"Tough Bandages":39,"HornCleat":37,"Iron Hammer":4,"Kunai":39,"Ring of the Snake":0,"Gremlin Food":21,"Counterbalance":16,"Quantum Egg":34,"Guide Book":36,"Oddly Smooth Stone":13,"hubris:SphereOfDissonance":41,"hubris:Towel":11,"Frozen Egg 2":31,"Orichalcum":32,"MawBank":30,"Akabeko":29,"SlaversCollar":35,"CaptainsWheel":0,"ReplayTheSpireMod:Shallot":13,"hubris:PeanutButter":31,"Membership Card":16,"hubris:Potato":7,"hubris:OldNail":22},{"Lantern":76,"Tiny House":42,"Calipers":85,"Gremlin Horn":65,"hubris:VirtuousBlindfold":140,"Bag of Preparation":168,"Pet Ghost":17,"Tough Bandages":223,"HornCleat":211,"Iron Hammer":17,"Kunai":223,"Ring of the Snake":0,"Gremlin Food":113,"Counterbalance":85,"Quantum Egg":190,"Guide Book":206,"Oddly Smooth Stone":70,"hubris:SphereOfDissonance":235,"hubris:Towel":56,"Frozen Egg 2":173,"Orichalcum":179,"MawBank":168,"Akabeko":162,"SlaversCollar":201,"CaptainsWheel":0,"ReplayTheSpireMod:Shallot":70,"hubris:PeanutButter":173,"Membership Card":85,"hubris:Potato":31,"hubris:OldNail":121}],"Ring of the Snake":[84]},"card_choices":[{"not_picked":["Sucker Punch","Cloak And Dagger"],"picked":"Acrobatics","floor":1},{"not_picked":["Accuracy","Deflect","Setup"],"picked":"SKIP","floor":3},{"not_picked":["Acrobatics","Concentrate","ReplayTheSpireMod:The Works"],"picked":"SKIP","floor":5},{"not_picked":["Cloak And Dagger","Storm of Steel","Predator"],"picked":"SKIP","floor":6},{"not_picked":["Heel Hook","PiercingWail","Choke"],"picked":"SKIP","floor":8},{"not_picked":["Cloak And Dagger","PiercingWail","Quick Slash"],"picked":"SKIP","floor":10},{"not_picked":["Slice","Dodge and Roll"],"picked":"Deadly Poison","floor":11},{"not_picked":["Masterful Stab","Endless Agony"],"picked":"Dagger Spray","floor":13},{"not_picked":["PiercingWail","Dagger Throw"],"picked":"Deflect+1","floor":18},{"not_picked":["Masterful Stab","Skewer+1"],"picked":"Well Laid Plans+1","floor":19},{"not_picked":["Expertise","hubris:Counter","Blade Dance"],"picked":"SKIP","floor":21},{"not_picked":["hubris:SlightOfHand+1","Predator","Quick Slash+1"],"picked":"SKIP","floor":22},{"not_picked":["Setup","Dagger Throw+1"],"picked":"ReplayTheSpireMod:Necrosis","floor":25},{"not_picked":["Dash","Expertise+1","hubris:SlightOfHand"],"picked":"SKIP","floor":27},{"not_picked":["Outmaneuver","Setup"],"picked":"Fluid Movement+1","floor":29},{"not_picked":["Deflect","hubris:SlightOfHand+1"],"picked":"Toxin Wave","floor":30},{"not_picked":["Die Die Die","Concentrate","Slice"],"picked":"SKIP","floor":31},{"not_picked":["Tools of the Trade+1","Unload"],"picked":"Burst","floor":33},{"not_picked":["Dagger Throw","Skewer+1","ReplayTheSpireMod:Shiv Toss+1"],"picked":"SKIP","floor":35},{"not_picked":["Backflip+1","Prepared+1","ReplayTheSpireMod:Scrap Shanks+1"],"picked":"SKIP","floor":37},{"not_picked":["Reflex+1","Terror+1","Heel Hook"],"picked":"SKIP","floor":39},{"not_picked":["hubris:Sniper","Setup+1"],"picked":"Dodge and Roll+1","floor":41},{"not_picked":["hubris:Counter+1","Slice+1"],"picked":"Toxin Wave+1","floor":45},{"not_picked":["Cloak And Dagger","Dash","Caltrops+1"],"picked":"SKIP","floor":48}],"player_experience":613956,"relics_obtained":[{"floor":6,"key":"Oddly Smooth Stone"},{"floor":8,"key":"Gremlin Food"},{"floor":9,"key":"Gremlin Horn"},{"floor":10,"key":"hubris:OldNail"},{"floor":24,"key":"Akabeko"},{"floor":25,"key":"Bag of Preparation"},{"floor":26,"key":"MawBank"},{"floor":29,"key":"Orichalcum"},{"floor":31,"key":"Quantum Egg"},{"floor":41,"key":"Tough Bandages"},{"floor":43,"key":"Kunai"},{"floor":48,"key":"hubris:SphereOfDissonance"}],"event_choices":[{"cards_removed":["Strike_G"],"damage_healed":0,"gold_gain":0,"player_choice":"Card Removal","damage_taken":0,"max_hp_gain":0,"max_hp_loss":0,"event_name":"The Cleric","floor":2,"gold_loss":50},{"cards_removed":["Strike_G"],"damage_healed":0,"gold_gain":0,"player_choice":"Offered Basic","damage_taken":0,"max_hp_gain":0,"max_hp_loss":0,"event_name":"Bonfire Elementals","floor":14,"gold_loss":0},{"damage_healed":0,"gold_gain":0,"player_choice":"Got Potions","damage_taken":0,"max_hp_gain":0,"max_hp_loss":0,"event_name":"Lab","floor":20,"gold_loss":0}],"is_beta":false,"boss_relics":[{"not_picked":["WristBlade","Coffee Dripper"],"picked":"hubris:VirtuousBlindfold"},{"not_picked":["hubris:ScarierMask","Runic Dome"],"picked":"SlaversCollar"}],"items_purged_floors":[0,28,36],"is_endless":false,"potions_floor_spawned":[3,8,10,16,19,21,29,33,48],"ascension_level":10}}