{"host":"a76kj1hq3s7111r2","time":1613090600,"event":{"mods":["Alarm Clock","BaseMod","GifTheSpireLib","Gold Saver","Hermit","Koishi","Marisa????????","Marked Mod","Minty Spire (QoL Compilation)","Rare Cards Sparkle","Shop Mod","StSLib","The Cursed","The Marked","The Servant 0.9.4"],"gold_per_floor":[14,14,14,24,39,39,39,39,64,64,16,16,33,44,44,148,148,159,159,172,81,81,81],"floor_reached":22,"language":"ENG","playtime":1428,"items_purged":[],"score":174,"play_id":"72be07d5-0230-461a-a9a4-c59ff634e41d","local_time":"20210211194320","is_ascension_mode":false,"campfire_choices":[{"floor":6,"key":"RECALL"},{"data":"Static Discharge","floor":8,"key":"SMITH"},{"data":"Gash","floor":10,"key":"SMITH"},{"floor":15,"key":"REST"}],"circlet_count":0,"master_deck":["Strike_B","Strike_B","Strike_B","Strike_B","Defend_B","Defend_B","Defend_B","Defend_B","Zap+1","Dualcast","Thunder Strike","Go for the Eyes","Gash+1","Static Discharge+1","Ball Lightning","Gash","Echo Form","Redo","Conserve Battery+1"],"relics":["Cracked Core","Anchor","SlaversCollar","Calipers"],"acts_visited":["Exordium","TheCity"],"potions_floor_usage":[16,16,16],"damage_taken":[{"damage":17,"enemies":"Jaw Worm","floor":1,"turns":4},{"damage":0,"enemies":"2 Louse","floor":4,"turns":3},{"damage":4,"enemies":"Cultist","floor":5,"turns":4},{"damage":0,"enemies":"Large Slime","floor":13,"turns":4},{"damage":5,"enemies":"Looter","floor":14,"turns":3},{"damage":42,"enemies":"Hexaghost","floor":16,"turns":3},{"damage":27,"enemies":"2 Thieves","floor":18,"turns":3},{"damage":27,"enemies":"Spheric Guardian","floor":20,"turns":4},{"damage":39,"enemies":"3 Cultists","floor":22,"turns":4}],"seed_played":"-793738617323186148","potions_obtained":[{"floor":4,"key":"LiquidBronze"},{"floor":13,"key":"FocusPotion"},{"floor":14,"key":"FocusPotion"},{"floor":18,"key":"FairyPotion"}],"is_trial":false,"path_per_floor":["M","?","?","M","M","R","?","R","T","R","$","?","M","M","R","B",null,"M","?","M","?","M"],"character_chosen":"DEFECT","items_purchased":["Ball Lightning"],"campfire_rested":1,"item_purchase_floors":[11],"current_hp_per_floor":[58,58,58,58,54,54,54,54,54,54,54,59,59,54,78,36,80,53,38,11,11,0,0],"gold":81,"neow_bonus":"THREE_RARE_CARDS","is_daily":false,"chose_seed":false,"campfire_upgraded":2,"win_rate":0.0,"timestamp":1613090600,"path_taken":["M","?","?","M","?","R","?","R","T","R","?","?","M","M","R","BOSS","M","?","M","?","M"],"items_purchased_type":["Card"],"build_version":"2020-12-22","purchased_purges":0,"victory":false,"max_hp_per_floor":[75,75,75,75,75,75,75,75,75,75,75,80,80,80,80,80,80,80,85,85,85,85,85],"card_choices":[{"not_picked":["Meteor Strike","Fission"],"picked":"Thunder Strike","floor":0},{"not_picked":["Leap","Streamline"],"picked":"Go for the Eyes","floor":1},{"not_picked":["Aggregate","Force Field"],"picked":"Gash","floor":4},{"not_picked":["Go for the Eyes","Sweeping Beam"],"picked":"Static Discharge","floor":5},{"not_picked":["Sweeping Beam","Barrage"],"picked":"Gash","floor":13},{"not_picked":["Compile Driver","Stack","Meteor Strike"],"picked":"SKIP","floor":14},{"not_picked":["Core Surge","Seek"],"picked":"Echo Form","floor":16},{"not_picked":["Hologram","Sweeping Beam"],"picked":"Redo","floor":18},{"not_picked":["Undo","Heatsinks+1"],"picked":"Conserve Battery+1","floor":20}],"player_experience":421418,"relics_obtained":[{"floor":9,"key":"Anchor"}],"event_choices":[{"damage_healed":0,"gold_gain":0,"player_choice":"Grow","damage_taken":0,"max_hp_gain":0,"max_hp_loss":0,"event_name":"Living Wall","floor":2,"gold_loss":0,"cards_upgraded":["Zap"]},{"damage_healed":0,"gold_gain":0,"player_choice":"Ignored","damage_taken":0,"max_hp_gain":0,"max_hp_loss":0,"event_name":"Liars Game","floor":3,"gold_loss":0},{"damage_healed":0,"gold_gain":0,"player_choice":"Leave","damage_taken":0,"max_hp_gain":0,"max_hp_loss":0,"event_name":"The Cleric","floor":7,"gold_loss":0},{"damage_healed":0,"gold_gain":0,"player_choice":"Donut","damage_taken":0,"max_hp_gain":5,"max_hp_loss":0,"event_name":"Big Fish","floor":12,"gold_loss":0},{"damage_healed":0,"gold_gain":0,"player_choice":"Shed Blood","damage_taken":20,"max_hp_gain":5,"max_hp_loss":0,"event_name":"Forgotten Altar","floor":19,"gold_loss":0},{"damage_healed":0,"gold_gain":0,"player_choice":"Paid Gold","damage_taken":0,"relics_obtained":["Calipers"],"max_hp_gain":0,"max_hp_loss":0,"event_name":"WeMeetAgain","floor":21,"gold_loss":91}],"is_beta":false,"boss_relics":[{"not_picked":["Black Star","Fusion Hammer"],"picked":"SlaversCollar"}],"items_purged_floors":[],"is_endless":false,"potions_floor_spawned":[4,13,14,18],"killed_by":"3 Cultists","ascension_level":0}}