{"host":"gzbnijtwtwcj06nn","time":1613172634,"event":{"mods":["AchievementEnabler","BaseMod","Better Note","Colored Map","Colored Powertips","Downfall","Highlight Path","Minty Spire (QoL Compilation)","Quick Restart","Rare Cards Sparkle","StSLib","SuperFastMode","The IronCluck","slay the spire mod where everything is the same but ironclad has a cowboy hat"],"gold_per_floor":[112,130,146,163,182,216,234,262,262,262,282,282,292,322,322,417,417,417,417],"floor_reached":18,"language":"ENG","playtime":1045,"items_purged":[],"score":220,"play_id":"a78031a5-256c-464f-a569-f330040fdf91","local_time":"20210213003034","is_ascension_mode":true,"campfire_choices":[{"floor":10,"key":"REST"},{"data":"Beam Cell","floor":15,"key":"SMITH"}],"circlet_count":0,"master_deck":["Strike_B","Strike_B","Defend_B","Defend_B","Defend_B","Defend_B","Zap","Dualcast","BootSequence","Skim","Cold Snap","Defragment","Defragment","Sweeping Beam","Fusion","Loop","All For One","Beam Cell+1","Buffer"],"relics":["Cracked Core","Gambling Chip","Odd Mushroom","Anchor","Philosopher\u0027s Stone"],"acts_visited":["Exordium","TheCity"],"potions_floor_usage":[8,14,16],"damage_taken":[{"damage":3,"enemies":"2 Louse","floor":1,"turns":2},{"damage":1,"enemies":"Jaw Worm","floor":2,"turns":4},{"damage":1,"enemies":"Cultist","floor":3,"turns":4},{"damage":4,"enemies":"3 Louse","floor":4,"turns":3},{"damage":1,"enemies":"Large Slime","floor":5,"turns":5},{"damage":36,"enemies":"3 Sentries","floor":6,"turns":11},{"damage":6,"enemies":"2 Fungi Beasts","floor":7,"turns":3},{"damage":9,"enemies":"The Mushroom Lair","floor":8,"turns":4},{"damage":3,"enemies":"Looter","floor":11,"turns":3},{"damage":1,"enemies":"3 Louse","floor":13,"turns":4},{"damage":7,"enemies":"Lagavulin","floor":14,"turns":8},{"damage":22,"enemies":"Hexaghost","floor":16,"turns":11},{"damage":57,"enemies":"3 Byrds","floor":18,"turns":4}],"seed_played":"-775294972964836276","potions_obtained":[{"floor":3,"key":"sneckomod:MuddlingPotion"},{"floor":5,"key":"hexamod:SoulburnPotion"},{"floor":6,"key":"Weak Potion"},{"floor":11,"key":"SpeedPotion"}],"is_trial":false,"path_per_floor":["M","M","M","M","M","E","M","?","T","R","M","?","M","E","R","B",null,"M"],"character_chosen":"DEFECT","items_purchased":[],"campfire_rested":1,"item_purchase_floors":[],"current_hp_per_floor":[72,71,70,66,65,29,23,14,14,36,33,33,32,25,25,3,57,0,0],"gold":417,"neow_bonus":"REMOVE_CARD","is_daily":false,"chose_seed":false,"campfire_upgraded":1,"win_rate":0.0,"timestamp":1613172634,"path_taken":["M","M","M","M","M","E","M","?","T","R","M","?","M","E","R","BOSS","M"],"items_purchased_type":[],"build_version":"2020-12-22","purchased_purges":0,"victory":false,"max_hp_per_floor":[75,75,75,75,75,75,75,75,75,75,75,75,75,75,75,75,75,75,75],"card_choices":[{"not_picked":["Hologram","Double Energy"],"picked":"BootSequence","floor":1},{"not_picked":["BootSequence","Chaos"],"picked":"Skim","floor":2},{"not_picked":["Darkness","Coolheaded"],"picked":"Cold Snap","floor":3},{"not_picked":["Darkness","Static Discharge"],"picked":"Defragment","floor":4},{"not_picked":["Go for the Eyes","White Noise"],"picked":"Defragment","floor":5},{"not_picked":["Storm","Chaos"],"picked":"Sweeping Beam","floor":6},{"not_picked":["Leap","Self Repair"],"picked":"Fusion","floor":7},{"not_picked":["Force Field","Fission"],"picked":"Loop","floor":8},{"not_picked":["Beam Cell","Genetic Algorithm","Gash"],"picked":"SKIP","floor":11},{"not_picked":["Barrage","Rebound","Sweeping Beam"],"picked":"SKIP","floor":13},{"not_picked":["Sweeping Beam","Rainbow"],"picked":"Beam Cell","floor":14},{"not_picked":["Amplify","Seek"],"picked":"Buffer","floor":16}],"player_experience":401590,"relics_obtained":[{"floor":6,"key":"Gambling Chip"},{"floor":8,"key":"Odd Mushroom"},{"floor":14,"key":"Anchor"}],"event_choices":[{"damage_healed":0,"gold_gain":0,"player_choice":"Fought Mushrooms","damage_taken":0,"max_hp_gain":0,"max_hp_loss":0,"event_name":"Mushrooms","floor":8,"gold_loss":0},{"damage_healed":0,"gold_gain":0,"cards_transformed":["Strike_B"],"player_choice":"Change","damage_taken":0,"max_hp_gain":0,"max_hp_loss":0,"event_name":"Living Wall","floor":12,"gold_loss":0,"cards_obtained":["All For One"]}],"is_beta":false,"boss_relics":[{"not_picked":["Inserter","Pandora\u0027s Box"],"picked":"Philosopher\u0027s Stone"}],"items_purged_floors":[],"is_endless":false,"potions_floor_spawned":[3,5,6,11],"killed_by":"3 Byrds","ascension_level":5}}