{"host":"eaiphzh066bwqdh7","time":1613088368,"event":{"mods":["BaseMod","Better Note","Halation","Hubris","Minty Spire (QoL Compilation)","Reliquary","Replay The Spire","StSLib"],"gold_per_floor":[119,0,14,14,28,28,44,77,77,105,30,30,59,110,110,214,214,234,251,151,151,2,35,35,65,89,89,102,122,142,17,17,115,115,134,134,64,64,64,64,77,77,77,77,77,77,93,111,111,111,111],"floor_reached":50,"language":"ENG","playtime":1668,"items_purged":["Strike_G","Defend_G","Strike_G"],"score":595,"play_id":"872f85a3-f35e-41c9-9a21-4cbdb0773bb9","local_time":"20210211190608","is_ascension_mode":true,"campfire_choices":[{"data":"Backstab","floor":6,"key":"SMITH"},{"floor":12,"key":"REST"},{"floor":15,"key":"REST"},{"floor":24,"key":"REST"},{"floor":27,"key":"REST"},{"floor":32,"key":"REST"},{"data":"Infinite Blades","floor":40,"key":"SMITH"},{"floor":42,"key":"REST"},{"data":"Accuracy","floor":44,"key":"SMITH"},{"floor":49,"key":"REST"}],"circlet_count":0,"master_deck":["Strike_G","Strike_G","Strike_G","Defend_G","Defend_G","Defend_G","Survivor","Neutralize","Finisher","Backstab+1","Footwork+1","Accuracy+1","Envenom+1","Accuracy","Bane+1","Noxious Fumes+1","Cloak And Dagger","Hidden Blade","Bane+1","Infinite Blades+1","Corpse Explosion","Bane+1","Infinite Blades+1","Glass Knife"],"relics":["Ring of the Snake","Oddly Smooth Stone","reliquary:HotPoker","hubris:MysteriousPyramids","halation:LettersToHer","Happy Flower","hubris:TenFootPole","hubris:ScarierMask","GremlinMask","Regal Pillow","Counterbalance","Lantern","hubris:ToyBattleship","WristBlade","Turnip","halation:PinkSoulGem"],"acts_visited":["Exordium","TheCity","TheBeyond"],"potions_floor_usage":[7,13,23,25,28,29,30,33,33],"damage_taken":[{"damage":0,"enemies":"Small Slimes","floor":1,"turns":4},{"damage":0,"enemies":"Cultist","floor":3,"turns":4},{"damage":0,"enemies":"2 Louse","floor":5,"turns":3},{"damage":7,"enemies":"Exordium Wildlife","floor":7,"turns":6},{"damage":27,"enemies":"Gremlin Nob","floor":8,"turns":4},{"damage":31,"enemies":"Lagavulin","floor":10,"turns":10},{"damage":13,"enemies":"Gremlin Nob","floor":13,"turns":5},{"damage":36,"enemies":"Fading Forest","floor":16,"turns":11},{"damage":3,"enemies":"Chosen","floor":18,"turns":6},{"damage":0,"enemies":"2 Thieves","floor":19,"turns":2},{"damage":59,"enemies":"Book of Stabbing","floor":23,"turns":7},{"damage":42,"enemies":"Slavers","floor":25,"turns":7},{"damage":0,"enemies":"Sentry and Sphere","floor":28,"turns":2},{"damage":0,"enemies":"Centurion and Healer","floor":29,"turns":3},{"damage":2,"enemies":"Chosen and Byrds","floor":30,"turns":3},{"damage":55,"enemies":"Collector","floor":33,"turns":9},{"damage":3,"enemies":"3 Darklings","floor":35,"turns":3},{"damage":18,"enemies":"3 Shapes","floor":41,"turns":2},{"damage":27,"enemies":"3 Darklings","floor":47,"turns":3},{"damage":9,"enemies":"Transient","floor":48,"turns":5},{"damage":90,"enemies":"Time Eater","floor":50,"turns":4}],"seed_played":"-7662325878667472656","potions_obtained":[{"floor":3,"key":"Explosive Potion"},{"floor":7,"key":"SpeedPotion"},{"floor":10,"key":"Explosive Potion"},{"floor":16,"key":"Milkshake"},{"floor":18,"key":"PowerPotion"},{"floor":28,"key":"EntropicBrew"},{"floor":30,"key":"Adrenaline Potion"}],"is_trial":false,"path_per_floor":["M","$","M","?","M","R","M","E","T","E","$","R","E","T","R","B",null,"M","M","$","?","$","E","R","E","T","R","M","M","M","$","R","B",null,"M","?","$","?","?","R","M","R","T","R","?","$","M","M","R","B"],"character_chosen":"THE_SILENT","items_purchased":["Backstab","Footwork","Regal Pillow","Infinite Blades"],"campfire_rested":7,"item_purchase_floors":[2,2,22,37],"current_hp_per_floor":[70,70,70,70,70,70,63,36,36,5,5,26,13,13,34,6,70,67,67,67,67,67,8,44,2,2,38,38,38,36,36,70,15,70,67,67,67,67,67,67,49,70,70,70,70,70,43,34,70,0,0],"gold":111,"neow_bonus":"RANDOM_COMMON_RELIC","is_daily":false,"chose_seed":false,"campfire_upgraded":3,"win_rate":0.0,"timestamp":1613088368,"path_taken":["M","$","M","?","M","R","M","E","T","E","?","R","E","?","R","BOSS","M","M","$","?","?","E","R","E","T","R","M","?","M","$","R","BOSS","M","?","$","?","?","R","M","R","T","R","?","$","?","M","R","BOSS"],"items_purchased_type":["Card","Card","Relic","Card"],"build_version":"2020-12-22","purchased_purges":3,"victory":false,"max_hp_per_floor":[70,70,70,70,70,70,70,70,70,70,70,70,70,70,70,70,70,70,70,70,70,70,70,70,70,70,70,70,70,70,70,70,70,70,70,70,70,70,70,70,70,70,70,70,70,70,70,70,70,70,70],"card_choices":[{"not_picked":["Quick Slash","Underhanded Strike"],"picked":"Finisher","floor":1},{"not_picked":["Endless Agony","Dagger Spray","Sucker Punch"],"picked":"SKIP","floor":3},{"not_picked":["hubris:Counter","Terror"],"picked":"Accuracy","floor":5},{"not_picked":["Cloak And Dagger","hubris:SlightOfHand"],"picked":"Envenom","floor":7},{"not_picked":["Sucker Punch","Setup"],"picked":"Accuracy","floor":8},{"not_picked":["Dodge and Roll","Choke","Masterful Stab"],"picked":"SKIP","floor":10},{"not_picked":["hubris:SlightOfHand","Finisher","Quick Slash"],"picked":"SKIP","floor":13},{"not_picked":["Dodge and Roll+1","Underhanded Strike+1"],"picked":"Bane+1","floor":18},{"not_picked":["Poisoned Stab","ReplayTheSpireMod:Shiv Toss"],"picked":"Noxious Fumes+1","floor":19},{"not_picked":["ReplayTheSpireMod:Exploit Weakness","Underhanded Strike","ReplayTheSpireMod:Shiv Toss+1"],"picked":"SKIP","floor":23},{"not_picked":["Bane+1","Concentrate"],"picked":"Cloak And Dagger","floor":25},{"not_picked":["Heel Hook+1","ReplayTheSpireMod:Tripwire+1"],"picked":"Hidden Blade","floor":28},{"not_picked":["Dash","Flechettes"],"picked":"Bane+1","floor":29},{"not_picked":["Predator","Corpse Explosion"],"picked":"Infinite Blades+1","floor":30},{"not_picked":["Unload","Wraith Form v2"],"picked":"Corpse Explosion","floor":33},{"not_picked":["Outmaneuver+1","hubris:Sniper"],"picked":"Bane+1","floor":35},{"not_picked":["Predator+1","Sucker Punch+1","Underhanded Strike"],"picked":"SKIP","floor":41},{"not_picked":["Infinite Blades","Replay:Poison Smokescreen"],"picked":"Glass Knife","floor":47},{"not_picked":["Bane","Toxin Wave","Dash+1"],"picked":"SKIP","floor":48}],"player_experience":293975,"relics_obtained":[{"floor":8,"key":"reliquary:HotPoker"},{"floor":9,"key":"hubris:MysteriousPyramids"},{"floor":10,"key":"halation:LettersToHer"},{"floor":13,"key":"Happy Flower"},{"floor":14,"key":"halation:LettersToHer"},{"floor":14,"key":"hubris:TenFootPole"},{"floor":23,"key":"Counterbalance"},{"floor":25,"key":"Lantern"},{"floor":26,"key":"halation:LettersToHer"},{"floor":26,"key":"hubris:ToyBattleship"},{"floor":43,"key":"halation:LettersToHer"},{"floor":43,"key":"Turnip"}],"event_choices":[{"damage_healed":0,"gold_gain":0,"player_choice":"Upgraded","damage_taken":0,"max_hp_gain":0,"max_hp_loss":0,"event_name":"Upgrade Shrine","floor":4,"gold_loss":0,"cards_upgraded":["Footwork"]},{"damage_healed":0,"gold_gain":0,"player_choice":"Trade","damage_taken":0,"relics_obtained":["GremlinMask"],"max_hp_gain":0,"max_hp_loss":0,"event_name":"FaceTrader","floor":21,"gold_loss":0},{"cards_removed":["Defend_G"],"damage_healed":0,"gold_gain":0,"player_choice":"Removed Skill","damage_taken":0,"max_hp_gain":0,"max_hp_loss":0,"event_name":"Falling","floor":36,"gold_loss":0}],"is_beta":false,"boss_relics":[{"not_picked":["Black Star","Honey Jar"],"picked":"hubris:ScarierMask"},{"not_picked":["Ring of Chaos","halation:Prosthetics"],"picked":"WristBlade"}],"items_purged_floors":[11,20,31],"is_endless":false,"potions_floor_spawned":[3,7,10,16,18,28,30],"killed_by":"Time Eater","ascension_level":4}}