{"host":"ve5hox67eka4rdnb","time":1613134191,"event":{"mods":["ATMod(∞¢Ë™Mod)","AchievementEnabler","Act Like it!","BaseMod","Downfall","Gensokyo","Hermit","Lobotomy","LobotomyExtend","Marisa£®ÏF”Í°°ƒß¿Ì…≥£©","Minty Spire (QoL Compilation)","Quick Restart","Remilia£®¿Ÿ√◊¿Ú—«£©","Replay The Spire","Shop Mod","StSLib","The Servant 0.9.4"],"gold_per_floor":[115,40,140,158,8,38,38,71,122,122,140,140,165,185,185,286,286,297,308,308,320,5,34,45,71,71,71,85,85,97,97,97,218,268,281,281,19,39,39,69,88,88,88],"floor_reached":42,"language":"ZHS","playtime":1724,"items_purged":["Strike_B"],"score":664,"play_id":"0817a02c-a75f-40d5-a0ba-dbae7e61923c","local_time":"20210212204951","is_ascension_mode":true,"campfire_choices":[{"data":"Dualcast","floor":15.0,"key":"SMITH"},{"data":"Turbo","floor":29.0,"key":"SMITH"},{"floor":32.0,"key":"DIG"}],"circlet_count":0,"master_deck":["Strike_B+1","Defend_B+1","Defend_B","Zap","Dualcast+1","AT_FamilyPortrait+1","Ball Lightning+1","AT_StudyProgram+1","Panic Button","Heatsinks+1","Cold Snap","Compile Driver+1","AT_DarkMatter+1","Hyperbeam+1","Coolheaded+1","AT_DarkMatter+1","Skim","Reboot","AT_DarkMatter+1","Turbo+1","AT_EMC2","Wrath_TH","EndlessPower","Core Surge","Amplify","Defragment","AT_DarkMatter","Steam Power+1","AT_EMC2+1"],"relics":["Cracked Core","AT_ATBox","NeowsBlessing","LetterFromLob","RedMistMask","Potion Belt","Simple Rune","DataDisk","Gaze_r","Lizard Tail","Astrolabe","Prayer Wheel","Replay:Bottled Eggs","AT_RedNoBalance","Juzu Bracelet","Toy Ornithopter","Eternal Feather","Prayer Wheel","Bird Faced Urn","Tiny House","PreservedInsect","Boot"],"acts_visited":["Exordium","TheCity","TheBeyond"],"potions_floor_usage":[42],"damage_taken":[{"damage":0.0,"enemies":"2 Louse","floor":1.0,"turns":1.0},{"damage":0.0,"enemies":"Cultist","floor":4.0,"turns":1.0},{"damage":0.0,"enemies":"Gremlin Nob","floor":6.0,"turns":1.0},{"damage":7.0,"enemies":"Lagavulin","floor":8.0,"turns":3.0},{"damage":7.0,"enemies":"Jaw Worm","floor":10.0,"turns":2.0},{"damage":0.0,"enemies":"Jaw Worm","floor":11.0,"turns":2.0},{"damage":3.0,"enemies":"Gremlin Nob","floor":13.0,"turns":3.0},{"damage":0.0,"enemies":"3 Louse","floor":14.0,"turns":2.0},{"damage":17.0,"enemies":"The Guardian","floor":16.0,"turns":8.0},{"damage":13.0,"enemies":"2 Thieves","floor":18.0,"turns":3.0},{"damage":9.0,"enemies":"Chosen","floor":19.0,"turns":2.0},{"damage":12.0,"enemies":"Snake Plant","floor":21.0,"turns":3.0},{"damage":0.0,"enemies":"Gremlin Leader","floor":23.0,"turns":4.0},{"damage":12.0,"enemies":"Chosen and Byrds","floor":24.0,"turns":2.0},{"damage":19.0,"enemies":"Slavers","floor":25.0,"turns":3.0},{"damage":0.0,"enemies":"Gremlin Leader","floor":27.0,"turns":1.0},{"damage":7.0,"enemies":"Shelled Parasite and Fungi","floor":28.0,"turns":3.0},{"damage":0.0,"enemies":"Centurion and Healer","floor":30.0,"turns":2.0},{"damage":28.0,"enemies":"Automaton","floor":33.0,"turns":5.0},{"damage":0.0,"enemies":"3 Darklings","floor":35.0,"turns":1.0},{"damage":7.0,"enemies":"Orb Walker","floor":38.0,"turns":3.0},{"damage":33,"enemies":"Giant Head","floor":40,"turns":5},{"damage":24,"enemies":"Jaw Worm Horde","floor":41,"turns":3},{"damage":2,"enemies":"Maw","floor":42,"turns":1}],"seed_played":"3688071569896585671","potions_obtained":[{"floor":4.0,"key":"Toxic Potion"},{"floor":6.0,"key":"Fire Potion"},{"floor":8.0,"key":"SkillPotion"},{"floor":11.0,"key":"SmokeBomb"},{"floor":16.0,"key":"Fire Potion"},{"floor":18.0,"key":"SkillPotion"},{"floor":21.0,"key":"champ:CounterPotion"},{"floor":25.0,"key":"PotionOfCapacity"},{"floor":28.0,"key":"Fire Potion"},{"floor":34.0,"key":"Strength Potion"},{"floor":38.0,"key":"Strength Potion"},{"floor":40,"key":"bronze:BurnAndBuffPotion"}],"is_trial":false,"path_per_floor":["M","$","?","M","$","E","?","E","T","M","M","?","E","M","R","B",null,"M","M","T","M","$","E","M","E","T","E","M","R","M","?","R","B",null,"M","?","$","M","$","E","M","M"],"character_chosen":"DEFECT","items_purchased":["Potion Belt","AT_SilverBalance","Regen Potion","Defragment","PreservedInsect","AT_DarkMatter"],"campfire_rested":0,"item_purchase_floors":[5,22,22,37,37,37],"current_hp_per_floor":[75,75,75,75,75,75,75,68,68,54,54,54,51,51,51,34,75,62,53,53,41,41,37,25,27,27,42,35,47,37,37,49,13,80,45,45,45,42,42,17,3,10,10],"gold":88,"neow_bonus":"THREE_ENEMY_KILL","is_daily":false,"chose_seed":false,"campfire_upgraded":2,"win_rate":0.0,"timestamp":1613134191,"path_taken":["M","$","?","M","?","E","?","E","T","M","M","?","E","M","R","BOSS","M","?","?","?","$","E","M","E","T","E","M","R","M","?","R","BOSS","M","?","$","M","?","E","M","M"],"items_purchased_type":["Relic","Relic","Potion","Card","Relic","Card"],"build_version":"2020-12-22","purchased_purges":1,"victory":false,"max_hp_per_floor":[75,75,75,75,75,75,75,75,75,75,75,75,75,75,75,75,75,75,75,75,75,75,75,75,75,75,75,75,75,75,75,75,75,80,80,80,80,80,80,80,80,80,80],"card_choices":[{"not_picked":["Auto Shields","Barrage"],"picked":"Ball Lightning","floor":1.0},{"not_picked":["Rip and Tear","Coolheaded"],"picked":"AT_StudyProgram","floor":4.0},{"not_picked":["All For One","Gash"],"picked":"Panic Button","floor":6.0},{"not_picked":["Buffer","Sweeping Beam"],"picked":"Heatsinks","floor":8.0},{"not_picked":["Fusion","Darkness","Hologram"],"picked":"SKIP","floor":11.0},{"not_picked":["Panic Button","Compile Driver"],"picked":"Cold Snap","floor":13.0},{"not_picked":["AT_HeatAcrobatics","ReplayGash","FIFO Queue"],"picked":"SKIP","floor":14.0},{"not_picked":["ReplayRNGCard","Hyperbeam"],"picked":"ReplayTheSpireMod:Fabricate Wheel","floor":16.0},{"not_picked":["Hello World","Cold Snap+1"],"picked":"Coolheaded","floor":18.0},{"not_picked":["Cold Snap","Barrage"],"picked":"AT_DarkMatter","floor":18.0},{"not_picked":["Hologram","Multi-Cast","Beam Cell"],"picked":"SKIP","floor":19.0},{"not_picked":["Steam","Blizzard+1","BasicCrystalCard"],"picked":"SKIP","floor":19.0},{"not_picked":["Double Energy","Compile Driver"],"picked":"Skim","floor":21.0},{"not_picked":["Hologram","Blizzard"],"picked":"Reboot","floor":21.0},{"not_picked":["Time Bomb","Reprogram+1","ReplayTheSpireMod:Reroute Power"],"picked":"SKIP","floor":23.0},{"not_picked":["Cold Snap","ReplayTheSpireMod:System Scan","BasicCrystalCard"],"picked":"SKIP","floor":24.0},{"not_picked":["Barrage+1","Hologram","BasicCrystalCard"],"picked":"SKIP","floor":24.0},{"not_picked":["Cold Snap+1","Redo"],"picked":"ReplayTheSpireMod:Fabricate Wheel","floor":25.0},{"not_picked":["Beam Cell","Steam+1"],"picked":"AT_DarkMatter+1","floor":28.0},{"not_picked":["Compile Driver","Leap+1"],"picked":"Turbo","floor":28.0},{"not_picked":["Leap","Barrage","Hologram+1"],"picked":"SKIP","floor":28.0},{"not_picked":["Sweeping Beam","Conserve Battery"],"picked":"AT_EMC2","floor":30.0},{"not_picked":["Conserve Battery","Lockon","Redo"],"picked":"SKIP","floor":30.0},{"not_picked":["ReplaySort","Ball Lightning","ReplayGash"],"picked":"SKIP","floor":30.0},{"not_picked":["ReplayRNGCard","ReplayTheSpireMod:Omega Cannon"],"picked":"Core Surge","floor":33.0},{"not_picked":["BasicCrystalCard+1","AT_ThreeBodyProblem","Steam+1"],"picked":"SKIP","floor":35.0},{"not_picked":["Hello World+1","FIFO Queue","Gash"],"picked":"SKIP","floor":35.0},{"not_picked":["ReplayTheSpireMod:GoodbyeWorld","Beam Cell","Melter+1"],"picked":"SKIP","floor":35.0},{"not_picked":["Turbo+1","Compile Driver+1","Rip and Tear"],"picked":"SKIP","floor":38.0},{"not_picked":["Barrage+1","Hologram+1","Beam Cell"],"picked":"SKIP","floor":38.0},{"not_picked":["Compile Driver+1","Buffer","Barrage+1"],"picked":"SKIP","floor":38.0},{"not_picked":["Gash","Aggregate+1"],"picked":"Steam Power+1","floor":40},{"not_picked":["Coolheaded+1","Compile Driver"],"picked":"AT_EMC2+1","floor":41},{"not_picked":["Beam Cell","Leap","Streamline+1"],"picked":"SKIP","floor":41},{"not_picked":["Cold Snap","Steam Power","Redo"],"picked":"SKIP","floor":41}],"player_experience":207643,"relics_obtained":[{"floor":1.0,"key":"LetterFromLob"},{"floor":1.0,"key":"RedMistMask"},{"floor":6.0,"key":"Simple Rune"},{"floor":8.0,"key":"DataDisk"},{"floor":13.0,"key":"Lizard Tail"},{"floor":20.0,"key":"Replay:Bottled Eggs"},{"floor":23.0,"key":"Juzu Bracelet"},{"floor":25.0,"key":"Toy Ornithopter"},{"floor":26.0,"key":"Eternal Feather"},{"floor":32.0,"key":"Bird Faced Urn"},{"floor":40,"key":"Boot"}],"event_choices":[{"damage_healed":0.0,"max_hp_gain":0.0,"max_hp_loss":0.0,"gold_gain":100.0,"event_name":"Wheel of Change","player_choice":"Gold","floor":3.0,"gold_loss":0.0,"damage_taken":0.0},{"damage_healed":0.0,"max_hp_gain":0.0,"max_hp_loss":0.0,"gold_gain":0.0,"event_name":"The Cleric","player_choice":"Leave","floor":7.0,"gold_loss":0.0,"damage_taken":0.0},{"cards_removed":["Defend_B"],"damage_healed":0.0,"max_hp_gain":0.0,"max_hp_loss":0.0,"gold_gain":0.0,"event_name":"Bonfire Elementals","player_choice":"Offered Basic","floor":12.0,"gold_loss":0.0,"damage_taken":0.0},{"damage_healed":0.0,"max_hp_gain":0.0,"max_hp_loss":0.0,"gold_gain":0.0,"event_name":"Match and Keep!","player_choice":"1 cards matched","floor":36.0,"gold_loss":0.0,"damage_taken":0.0,"cards_obtained":["Amplify"]}],"is_beta":false,"boss_relics":[{"not_picked":["Calling Bell","Sozu"],"picked":"Astrolabe"},{"not_picked":["Honey Jar","Velvet Choker"],"picked":"Tiny House"}],"items_purged_floors":[2],"is_endless":false,"potions_floor_spawned":[4,6,8,10,11,16,18,21,25,28,38,40],"killed_by":"Maw","ascension_level":3}}