{"host":"19r1ww88x2tc73i0","time":1613117690,"event":{"mods":["BaseMod","Bestiary","BetterRewards","Colored Map","Minty Spire (QoL Compilation)","Relic Stats","StSLib","SuperFastMode","slay the spire mod where everything is the same but ironclad has a cowboy hat"],"gold_per_floor":[368,133,133,51,64,89,89,104,155,181,197,214,546,562,562,641,641,652,109,109,125,125,125,125],"floor_reached":23,"language":"ENG","playtime":859,"items_purged":["Strike_G","Strike_G"],"score":422,"play_id":"bc47d981-907c-407f-bc42-4b66c1b24dd9","local_time":"25640212151450","is_ascension_mode":true,"campfire_choices":[{"data":"Blade Dance","floor":7.0,"key":"SMITH"},{"data":"Leg Sweep","floor":15.0,"key":"SMITH"}],"circlet_count":0,"master_deck":["AscendersBane","Strike_G","Strike_G","Defend_G","Defend_G","Defend_G","Defend_G","Defend_G","Survivor","Neutralize","Blade Dance+1","PiercingWail","Dagger Spray","Slice","Backflip","Leg Sweep+1","Backstab","Backflip","Blade Dance","Venomology","Tools of the Trade","PiercingWail","PiercingWail"],"relics":["Ring of the Snake","Vajra","MealTicket","Centennial Puzzle","Bag of Marbles","Old Coin","Black Star","Matryoshka","Bronze Scales","Enchiridion"],"acts_visited":["Exordium","TheCity"],"potions_floor_usage":[23,23],"damage_taken":[{"damage":0.0,"enemies":"Cultist","floor":1.0,"turns":4.0},{"damage":0.0,"enemies":"Small Slimes","floor":5.0,"turns":2.0},{"damage":4.0,"enemies":"Gremlin Nob","floor":6.0,"turns":3.0},{"damage":1.0,"enemies":"Jaw Worm","floor":8.0,"turns":3.0},{"damage":5.0,"enemies":"3 Sentries","floor":10.0,"turns":6.0},{"damage":0.0,"enemies":"3 Louse","floor":11.0,"turns":1.0},{"damage":0.0,"enemies":"Large Slime","floor":12.0,"turns":4.0},{"damage":12.0,"enemies":"Lagavulin","floor":13.0,"turns":5.0},{"damage":0.0,"enemies":"Exordium Wildlife","floor":14.0,"turns":5.0},{"damage":12.0,"enemies":"The Guardian","floor":16.0,"turns":15.0},{"damage":6.0,"enemies":"Shell Parasite","floor":18.0,"turns":8.0},{"damage":8.0,"enemies":"2 Thieves","floor":21.0,"turns":3.0},{"damage":0,"enemies":"Gremlin Leader","floor":23,"turns":5}],"seed_played":"-2499493978372217926","potions_obtained":[{"floor":5.0,"key":"AttackPotion"},{"floor":6.0,"key":"GamblersBrew"},{"floor":8.0,"key":"CunningPotion"}],"is_trial":false,"path_per_floor":["M","$","?","$","M","E","R","M","T","E","M","M","E","M","R","B",null,"M","$","?","M","$","E"],"character_chosen":"THE_SILENT","items_purchased":["Vajra","PiercingWail","Dagger Spray","Matryoshka","Bronze Scales"],"campfire_rested":0,"item_purchase_floors":[2,4,4,19,19],"current_hp_per_floor":[44,44,44,44,44,40,40,39,39,34,34,34,22,22,22,10,52,46,61,40,32,47,47,47],"gold":125,"neow_bonus":"TWO_FIFTY_GOLD","is_daily":false,"chose_seed":false,"campfire_upgraded":2,"win_rate":0.0,"timestamp":1613117690,"path_taken":["M","?","?","$","M","E","R","M","T","E","M","M","E","?","R","BOSS","M","$","?","M","?","E"],"items_purchased_type":["Relic","Card","Card","Relic","Relic"],"build_version":"2020-12-22","purchased_purges":2,"victory":false,"max_hp_per_floor":[66,66,66,66,66,66,66,66,66,66,66,66,66,66,66,66,66,66,66,66,66,66,66,66],"relic_stats":{"Centennial Puzzle":[15],"counters":[13,64],"Bronze Scales":[9],"MealTicket":30,"Black Star":0,"obtain_stats":[{"Centennial Puzzle":9,"Matryoshka":19,"Bronze Scales":19,"Vajra":2,"Enchiridion":20,"MealTicket":6,"Bag of Marbles":10,"Black Star":17,"Ring of the Snake":0,"Old Coin":13},{"Centennial Puzzle":4,"Matryoshka":11,"Bronze Scales":11,"Vajra":1,"Enchiridion":11,"MealTicket":3,"Bag of Marbles":5,"Black Star":10,"Ring of the Snake":0,"Old Coin":8},{"Centennial Puzzle":12,"Matryoshka":56,"Bronze Scales":56,"Vajra":4,"Enchiridion":56,"MealTicket":9,"Bag of Marbles":18,"Black Star":48,"Ring of the Snake":0,"Old Coin":28}],"Ring of the Snake":[26]},"card_choices":[{"not_picked":["Deflect","Quick Slash"],"picked":"Blade Dance","floor":1.0},{"not_picked":["Dagger Spray","Choke"],"picked":"Slice","floor":5.0},{"not_picked":["Flying Knee","Bane"],"picked":"Backflip","floor":6.0},{"not_picked":["Quick Slash","Bane"],"picked":"Leg Sweep","floor":8.0},{"not_picked":["Crippling Poison","Prepared"],"picked":"Backstab","floor":10.0},{"not_picked":["Leg Sweep","Dagger Throw"],"picked":"Backflip","floor":11.0},{"not_picked":["Bane","Dash"],"picked":"Blade Dance","floor":12.0},{"not_picked":["Poisoned Stab","Setup"],"picked":"Venomology","floor":13.0},{"not_picked":["Dagger Spray","Sucker Punch","Dagger Throw"],"picked":"SKIP","floor":14.0},{"not_picked":["Grand Finale","Unload"],"picked":"Tools of the Trade","floor":16.0},{"not_picked":["Underhanded Strike","Finisher"],"picked":"PiercingWail","floor":18.0},{"not_picked":["Setup","Prepared"],"picked":"PiercingWail","floor":21.0}],"player_experience":1055431,"relics_obtained":[{"floor":6.0,"key":"MealTicket"},{"floor":9.0,"key":"Centennial Puzzle"},{"floor":10.0,"key":"Bag of Marbles"},{"floor":13.0,"key":"Old Coin"},{"floor":20.0,"key":"Enchiridion"}],"event_choices":[{"cards_removed":["Strike_G"],"damage_healed":0.0,"max_hp_gain":0.0,"max_hp_loss":0.0,"gold_gain":0.0,"event_name":"Bonfire Elementals","player_choice":"Offered Basic","floor":3.0,"gold_loss":0.0,"damage_taken":0.0},{"damage_healed":0.0,"max_hp_gain":0.0,"max_hp_loss":0.0,"gold_gain":0.0,"event_name":"Cursed Tome","player_choice":"Obtained Book","floor":20.0,"gold_loss":0.0,"damage_taken":21.0}],"is_beta":false,"boss_relics":[{"not_picked":["Snecko Eye","SlaversCollar"],"picked":"Black Star"}],"items_purged_floors":[2,19],"is_endless":false,"potions_floor_spawned":[5,6,8],"killed_by":"Gremlin Leader","ascension_level":20}}