{"host":"rykcscnxwcosqdkz","time":1613166723,"event":{"mods":["BaseMod","Conspire","DeckTracker","Ekko","GifTheSpireLib","Hubris","Infinite Spire","Minty Spire (QoL Compilation)","Reliquary","Replay The Spire","StSLib","Stuff the Spire"],"gold_per_floor":[11,30,30,43,43,77,77,48,48,73,73,103,103,120,120,120,120],"floor_reached":16,"language":"ENG","playtime":550,"items_purged":[],"score":113,"play_id":"7b1ae515-4d86-4631-96a8-ac9ad18eefd3","local_time":"20210212225203","is_ascension_mode":true,"campfire_choices":[{"data":"Zap","floor":7,"key":"SMITH"},{"floor":15,"key":"REST"}],"circlet_count":0,"master_deck":["Strike_B","Strike_B","Strike_B","Defend_B","Defend_B","Defend_B","Defend_B","Zap+1","Dualcast","Panache","Beam Cell","Panic Button"],"relics":["Cracked Core","infinitespire:ShieldingShard","ReplayTheSpireMod:Shallot","Orichalcum","Replay:Arrowhead"],"acts_visited":["Exordium"],"potions_floor_usage":[6],"damage_taken":[{"damage":0,"enemies":"2 Louse","floor":1,"turns":2},{"damage":1,"enemies":"Cultist","floor":2,"turns":4},{"damage":0,"enemies":"Small Slimes","floor":4,"turns":3},{"damage":39,"enemies":"Gremlin Nob","floor":6,"turns":6},{"damage":21,"enemies":"Lagavulin","floor":12,"turns":7},{"damage":0,"enemies":"Blue Slaver","floor":14,"turns":2},{"damage":54,"enemies":"Fading Forest","floor":16,"turns":7}],"seed_played":"387117156247075828","potions_obtained":[{"floor":2,"key":"FocusPotion"},{"floor":4,"key":"Block Potion"}],"is_trial":false,"path_per_floor":["M","M","?","M","$","E","R","?","T","T","$","E","?","M","R","B"],"character_chosen":"DEFECT","items_purchased":[],"campfire_rested":1,"item_purchase_floors":[],"current_hp_per_floor":[75,74,74,74,74,35,35,35,35,35,35,14,14,14,36,0,0],"gold":120,"neow_bonus":"RANDOM_COLORLESS_2","is_daily":false,"chose_seed":false,"campfire_upgraded":1,"win_rate":0.0,"timestamp":1613166723,"path_taken":["M","M","?","?","?","E","R","?","T","?","$","E","?","M","R","BOSS"],"items_purchased_type":[],"build_version":"2020-12-22","purchased_purges":0,"victory":false,"max_hp_per_floor":[75,75,75,75,75,75,75,75,75,75,75,75,75,75,75,75,75],"card_choices":[{"not_picked":["ReplayTheSpireMod:Brewmster","Master of Strategy"],"picked":"Panache","floor":0},{"not_picked":["BasicCrystalCard","Hologram","Capacitor"],"picked":"SKIP","floor":1},{"not_picked":["Chill","StuffTheSpire:Coldhearted"],"picked":"Beam Cell","floor":2},{"not_picked":["Self Repair","Ball Lightning","Defragment"],"picked":"SKIP","floor":4},{"not_picked":["Stack","Tempest","Hyperbeam"],"picked":"SKIP","floor":6},{"not_picked":["Reinforced Body","StuffTheSpire:LoadUp"],"picked":"Panic Button","floor":12},{"not_picked":["Stack","StuffTheSpire:LoadUp","Cold Snap"],"picked":"SKIP","floor":14}],"player_experience":43429,"relics_obtained":[{"floor":6,"key":"infinitespire:ShieldingShard"},{"floor":9,"key":"ReplayTheSpireMod:Shallot"},{"floor":10,"key":"Orichalcum"},{"floor":12,"key":"Replay:Arrowhead"}],"event_choices":[{"cards_removed":["Strike_B"],"damage_healed":0,"gold_gain":0,"player_choice":"Purged","damage_taken":0,"max_hp_gain":0,"max_hp_loss":0,"event_name":"Purifier","floor":3,"gold_loss":0},{"damage_healed":0,"gold_gain":0,"player_choice":"Left Gold","damage_taken":0,"max_hp_gain":0,"max_hp_loss":0,"event_name":"World of Goop","floor":8,"gold_loss":29}],"is_beta":false,"boss_relics":[],"items_purged_floors":[],"is_endless":false,"potions_floor_spawned":[2,4],"killed_by":"Fading Forest","ascension_level":1}}