{"host":"fnndj664xgd3vavt","time":1613094265,"event":{"mods":["AchievementEnabler","BaseMod","Colored Powertips","DeckTracker","Downfall","Highlight Path","Infinite Spire","Marisa????????","Minty Spire (QoL Compilation)","Quick Restart","Random Character Button","Replay The Spire","StSLib","The Servant 0.9.4"],"gold_per_floor":[160,170,362,376,386,386,439,449,449,449,459,477,491,523,541,637,637,637,647,647,647,657,707,730,755,655,504,604,615,626,626,637,741,741,741,752,771,771,791,819,819,835,835,835,835],"floor_reached":43,"language":"ENG","playtime":2237,"items_purged":["Looming Evil"],"score":591,"play_id":"4d5be1c8-6dce-4490-8ebf-f8472161472c","local_time":"20210211204425","is_ascension_mode":false,"campfire_choices":[{"floor":10,"key":"REST"},{"data":"Slimebound:TagTeam","floor":18,"key":"SMITH"},{"data":"Slimebound:MassRepurpose","floor":26,"key":"SMITH"},{"data":"Slimebound:FirmFortitude","floor":35,"key":"SMITH"}],"circlet_count":0,"master_deck":["Slimebound:Strike_Slimebound","Slimebound:Strike_Slimebound","Slimebound:Strike_Slimebound","Slimebound:Tackle","Slimebound:Defend_Slimebound","Slimebound:Defend_Slimebound","Slimebound:Defend_Slimebound","Slimebound:Defend_Slimebound","Slimebound:Split","Slimebound:CorrosiveSpit","Slimebound:Schlurp","Slimebound:FirmFortitude+1","Slimebound:LeechingTouch","Slimebound:Recollect","Slimebound:PressTheAttack","infinitespire:Collect","Slimebound:LevelUp","Slimebound:LeechingTouch","Slimebound:ItLooksTasty","Slimebound:MassRepurpose+1","Slimebound:SlimeSpikes","Slimebound:TagTeam+1","Slimebound:Repurpose","Overencumbered","Replay:Sluggish","Slimebound:SplitAcid","Slimebound:GoopSpray+1","expansioncontent:LastStand+1","Wraith","Slimebound:SlimeSpikes","Slimebound:HauntingLick","Slimebound:Teamwork+1","Slimebound:HauntingLick+1","Slimebound:Recycling+1","Slimebound:SplitMire","Slimebound:TongueLash","Slimebound:SplitAcid+1","Decay","ReplayTheSpireMod:Doomed","Slimebound:LeadByExample"],"relics":["Slimebound:AbsorbEndCombat","Nunchaku","Replay:Mystery Machine","Pear","Ring of Chaos","downfall:ExtraCursedKey","SlaversCollar","Torii","ReplayTheSpireMod:Ring of Challenge","Ring of Greed","Golden Egg","The Courier","downfall:HeartBlessingBlue","Turnip","Replay:Bottled Flurry","sneckomod:BabySnecko","Empty Cage","Vajra","Question Card"],"acts_visited":["Exordium","TheCity","TheBeyond"],"potions_floor_usage":[16],"damage_taken":[{"damage":26,"enemies":"Gremlin Nob","floor":1,"turns":4},{"damage":5,"enemies":"Jaw Worm","floor":2,"turns":3},{"damage":7,"enemies":"2 Louse","floor":4,"turns":4},{"damage":0,"enemies":"Small Slimes","floor":5,"turns":3},{"damage":3,"enemies":"3 Louse","floor":8,"turns":3},{"damage":0,"enemies":"Exordium Thugs","floor":11,"turns":3},{"damage":0,"enemies":"Blue Slaver","floor":12,"turns":2},{"damage":0,"enemies":"2 Fungi Beasts","floor":13,"turns":4},{"damage":29,"enemies":"Lagavulin","floor":14,"turns":7},{"damage":10,"enemies":"3 Louse","floor":15,"turns":3},{"damage":13,"enemies":"SI_SHIV_ARCHETYPE","floor":16,"turns":8},{"damage":10,"enemies":"Chosen","floor":19,"turns":4},{"damage":0,"enemies":"Spheric Guardian","floor":22,"turns":3},{"damage":36,"enemies":"Shelled Parasite and Fungi","floor":25,"turns":6},{"damage":5,"enemies":"downfall:FleeingMerchant","floor":27,"turns":4},{"damage":24,"enemies":"DF_ARCHETYPE_STREAMLINE","floor":28,"turns":5},{"damage":18,"enemies":"Snecko","floor":29,"turns":6},{"damage":9,"enemies":"Cultist and Chosen","floor":30,"turns":5},{"damage":10,"enemies":"Snake Plant","floor":32,"turns":6},{"damage":11,"enemies":"IC_MUSHROOM_ARCHETYPE","floor":33,"turns":6},{"damage":8,"enemies":"Orb Walker","floor":36,"turns":3},{"damage":7,"enemies":"3 Darklings","floor":37,"turns":4},{"damage":21,"enemies":"Sphere and 2 Shapes","floor":39,"turns":5},{"damage":28,"enemies":"R_Hoarder","floor":40,"turns":6},{"damage":0,"enemies":"Maw","floor":42,"turns":6},{"damage":47,"enemies":"infinitespire:Three Voidlings","floor":43,"turns":5},{"damage":44,"enemies":"Nightmare_Alpha","floor":43,"turns":3}],"seed_played":"-5240697314539777275","potions_obtained":[{"floor":1,"key":"Guardian:BlockOnCardUsePotion"},{"floor":5,"key":"Explosive Potion"},{"floor":8,"key":"Energy Potion"},{"floor":25,"key":"Guardian:BlockOnCardUsePotion"},{"floor":28,"key":"AttackPotion"},{"floor":33,"key":"Toxic Potion"}],"is_trial":false,"path_per_floor":["R","M","?","M","M","?","T","M","?","R","M","M","M","E","M","B",null,"R","M","?","AVR","M","?","T","M","R","$","?","M","M","?","M","B",null,"R","M","M","?","M","E","T","M","?"],"character_chosen":"SLIMEBOUND","items_purchased":["expansioncontent:LastStand"],"campfire_rested":1,"item_purchase_floors":[27],"current_hp_per_floor":[47,46,29,28,32,32,32,35,18,39,45,51,57,46,40,35,81,81,75,75,75,81,81,81,51,61,62,42,28,31,31,35,40,91,91,84,83,83,70,50,50,58,0,0,0],"gold":835,"neow_bonus":"TEN_PERCENT_HP_BONUS","is_daily":false,"chose_seed":false,"campfire_upgraded":3,"win_rate":0.0,"timestamp":1613094265,"path_taken":["R","M","?","M","M","?","T","M","?","R","M","?","M","E","M","BOSS","R","M","?","AVR","M","?","T","M","R","$","?","M","?","?","M","BOSS","R","M","M","?","M","E","T","M","?"],"items_purchased_type":["Card"],"build_version":"2020-12-22","purchased_purges":1,"victory":false,"max_hp_per_floor":[71,71,71,71,71,71,71,71,71,71,71,71,71,81,81,81,81,81,81,81,81,81,81,81,81,91,91,91,91,91,91,91,91,91,91,91,91,91,91,91,91,91,91,91,91],"card_choices":[{"not_picked":["Slimebound:GoopTackle","Slimebound:SplitMire"],"picked":"Slimebound:Schlurp","floor":1},{"not_picked":["Slimebound:GoopTackle","Slimebound:SlimeBrawl","Slimebound:FormOfPuddle"],"picked":"SKIP","floor":2},{"not_picked":["Slimebound:BestDefense","Slimebound:FormOfPuddle"],"picked":"Slimebound:FirmFortitude","floor":3},{"not_picked":["Slimebound:RollThrough","Slimebound:BestDefense"],"picked":"Slimebound:LeechingTouch","floor":4},{"not_picked":["Slimebound:LeechingTouch","Slimebound:SlimeBrawl"],"picked":"Slimebound:Recollect","floor":5},{"not_picked":["Slimebound:Gluttony","Slimebound:Nibble"],"picked":"Slimebound:PressTheAttack","floor":8},{"not_picked":["Replay:Fractal Strike","infinitespire:TheBestDefense"],"picked":"infinitespire:Collect","floor":9},{"not_picked":["Slimebound:Gluttony","Slimebound:SplitAcid"],"picked":"Slimebound:LevelUp","floor":11},{"not_picked":["Slimebound:FinishingTackle","Slimebound:SplitBruiser"],"picked":"Slimebound:LeechingTouch","floor":12},{"not_picked":["Slimebound:Prepare","Slimebound:ProtectTheBoss"],"picked":"Slimebound:ItLooksTasty","floor":13},{"not_picked":["Slimebound:MegaLick","Slimebound:PressTheAttack"],"picked":"Slimebound:MassRepurpose","floor":14},{"not_picked":["Slimebound:FinishingTackle","Slimebound:LeechingTouch"],"picked":"Slimebound:SlimeSpikes","floor":15},{"not_picked":["Slimebound:Darklings","Slimebound:MassFeed"],"picked":"Slimebound:TagTeam","floor":16},{"not_picked":["Slimebound:FinishingTackle","Slimebound:Equalize","Slimebound:DivideAndConquer"],"picked":"SKIP","floor":19},{"not_picked":["Slimebound:SpikyOuterGoop","Slimebound:Prepare+1"],"picked":"Slimebound:Repurpose","floor":22},{"not_picked":["Slimebound:GoopTackle+1","Slimebound:PrepareCrush"],"picked":"Slimebound:SplitAcid","floor":25},{"not_picked":["Slimebound:SlimeBrawl","Slimebound:FormOfPuddle+1"],"picked":"Slimebound:GoopSpray","floor":27},{"not_picked":["Slimebound:GoopTackle+1","Slimebound:SlimeBarrage"],"picked":"Slimebound:SlimeSpikes","floor":28},{"not_picked":["Slimebound:FlameTackle","Slimebound:Recollect"],"picked":"Slimebound:HauntingLick","floor":29},{"not_picked":["Slimebound:SplitBruiser","Slimebound:GoopTackle"],"picked":"Slimebound:Teamwork","floor":30},{"not_picked":["Slimebound:Prepare","Slimebound:FlameTackle"],"picked":"Slimebound:HauntingLick+1","floor":32},{"not_picked":["Slimebound:MassRepurpose","Slimebound:Darklings"],"picked":"Slimebound:Recycling","floor":33},{"not_picked":["Slimebound:LeechEnergy+1","Slimebound:DivideAndConquer+1","Slimebound:ForwardTackle"],"picked":"SKIP","floor":36},{"not_picked":["Slimebound:PressTheAttack","Slimebound:DivideAndConquer"],"picked":"Slimebound:SplitMire","floor":37},{"not_picked":["Slimebound:PressTheAttack","Slimebound:Prepare+1"],"picked":"Slimebound:TongueLash","floor":39},{"not_picked":["Slimebound:GoopTackle+1","Slimebound:DivideAndConquer+1"],"picked":"Slimebound:SplitAcid+1","floor":40},{"not_picked":["Slimebound:SlimeSpikes+1","Slimebound:DisruptingSlam","Slimebound:SplitLeeching+1"],"picked":"Slimebound:LeadByExample","floor":42}],"player_experience":295495,"relics_obtained":[{"floor":7,"key":"Replay:Mystery Machine"},{"floor":14,"key":"Pear"},{"floor":23,"key":"ReplayTheSpireMod:Ring of Challenge"},{"floor":23,"key":"Ring of Greed"},{"floor":23,"key":"Golden Egg"},{"floor":23,"key":"The Courier"},{"floor":28,"key":"Turnip"},{"floor":28,"key":"Replay:Bottled Flurry"},{"floor":40,"key":"Vajra"},{"floor":41,"key":"Question Card"}],"event_choices":[],"is_beta":false,"boss_relics":[{"not_picked":["Velvet Choker","Slimebound:AbsorbEndCombatUpgraded"],"picked":"Ring of Chaos"},{"not_picked":["Kintsugi","ChewingGum"],"picked":"Empty Cage"}],"items_purged_floors":[27],"is_endless":false,"potions_floor_spawned":[1,5,8,15,25,28,29,32,33,36,39,40],"killed_by":"Nightmare_Alpha","ascension_level":0}}