{"host":"z2qbs5oitkx9dzyk","time":1613149333,"event":{"mods":["BaseMod","Colored Map","Colored Powertips","Minty Spire (QoL Compilation)","Shop Mod"],"gold_per_floor":[118,46,56,69,0,0,0,0,51,51,76,76,53,68,68,167,167,180,190,190,201,218,244,261,176,200,200,45,45,45,61,61,61,61],"floor_reached":33,"language":"ENG","playtime":850,"items_purged":[],"score":290,"play_id":"ceb1cd79-1a5a-4066-bcfe-93017b4e7f92","local_time":"20210212110213","is_ascension_mode":false,"campfire_choices":[{"data":"Armaments","floor":6.0,"key":"SMITH"},{"data":"Spot Weakness","floor":8.0,"key":"SMITH"},{"data":"Spot Weakness","floor":10.0,"key":"SMITH"},{"data":"Infernal Blade","floor":12.0,"key":"SMITH"},{"data":"Anger","floor":15.0,"key":"SMITH"},{"data":"Demon Form","floor":30.0,"key":"SMITH"},{"data":"Inflame","floor":32.0,"key":"SMITH"}],"circlet_count":0,"master_deck":["Strike_R","Strike_R","Strike_R","Strike_R","Strike_R","Defend_R","Defend_R","Defend_R","Defend_R","Bash","Armaments+1","Shrug It Off","Spot Weakness+1","Spot Weakness+1","Infernal Blade+1","Anger+1","Demon Form+1","Heavy Blade+1","Flex","Inflame+1","Heavy Blade+1","Ghostly Armor"],"relics":["Black Blood","NeowsBlessing","Pen Nib","Nunchaku","Vajra","Oddly Smooth Stone","Molten Egg 2","Juzu Bracelet"],"acts_visited":["Exordium","TheCity"],"potions_floor_usage":[33],"damage_taken":[{"damage":0.0,"enemies":"Small Slimes","floor":1.0,"turns":1.0},{"damage":0.0,"enemies":"Cultist","floor":3.0,"turns":1.0},{"damage":0.0,"enemies":"Jaw Worm","floor":4.0,"turns":1.0},{"damage":22.0,"enemies":"3 Sentries","floor":11.0,"turns":8.0},{"damage":9.0,"enemies":"2 Fungi Beasts","floor":14.0,"turns":2.0},{"damage":39.0,"enemies":"The Guardian","floor":16.0,"turns":10.0},{"damage":5.0,"enemies":"Chosen","floor":18.0,"turns":3.0},{"damage":10.0,"enemies":"2 Thieves","floor":19.0,"turns":4.0},{"damage":15.0,"enemies":"Snecko","floor":21.0,"turns":3.0},{"damage":18.0,"enemies":"Centurion and Healer","floor":22.0,"turns":4.0},{"damage":26.0,"enemies":"Slavers","floor":23.0,"turns":4.0},{"damage":0.0,"enemies":"Sentry and Sphere","floor":24.0,"turns":5.0},{"damage":24.0,"enemies":"Snake Plant","floor":31.0,"turns":4.0},{"damage":65,"enemies":"Collector","floor":33,"turns":6}],"seed_played":"8840117443016817643","potions_obtained":[{"floor":1.0,"key":"PowerPotion"},{"floor":4.0,"key":"FearPotion"},{"floor":16.0,"key":"Fire Potion"},{"floor":18.0,"key":"FearPotion"},{"floor":22.0,"key":"EssenceOfSteel"},{"floor":31.0,"key":"Swift Potion"}],"is_trial":false,"path_per_floor":["M","?","M","M","$","R","$","R","T","R","E","R","$","M","R","B",null,"M","M","?","M","M","E","M","?","T","?","$","?","R","M","R","B"],"character_chosen":"IRONCLAD","items_purchased":["Spot Weakness","Anger","Juzu Bracelet"],"campfire_rested":0,"item_purchase_floors":[5,13,28],"current_hp_per_floor":[80,80,80,80,80,80,80,80,80,80,64,64,64,61,61,28,80,80,80,80,77,71,57,69,69,69,69,69,69,69,57,57,0,0],"gold":61,"neow_bonus":"THREE_ENEMY_KILL","is_daily":false,"chose_seed":false,"campfire_upgraded":7,"win_rate":0.0,"timestamp":1613149333,"path_taken":["M","?","?","M","$","R","$","R","T","R","E","R","?","M","R","BOSS","M","M","?","M","M","E","M","?","T","?","$","?","R","M","R","BOSS"],"items_purchased_type":["Card","Card","Relic"],"build_version":"2020-12-22","purchased_purges":0,"victory":false,"max_hp_per_floor":[80,80,80,80,80,80,80,80,80,80,80,80,80,80,80,80,80,80,80,80,80,80,80,80,80,80,80,80,80,80,80,80,80,80],"card_choices":[{"not_picked":["Sword Boomerang","Burning Pact"],"picked":"Armaments","floor":1.0},{"not_picked":["Clash","True Grit"],"picked":"Shrug It Off","floor":3.0},{"not_picked":["Perfected Strike","Seeing Red"],"picked":"Spot Weakness","floor":4.0},{"not_picked":["Armaments","Dual Wield"],"picked":"Infernal Blade","floor":11.0},{"not_picked":["Iron Wave","Wild Strike","Anger"],"picked":"SKIP","floor":14.0},{"not_picked":["Reaper","Offering"],"picked":"Demon Form","floor":16.0},{"not_picked":["Clash","Body Slam+1"],"picked":"Heavy Blade+1","floor":18.0},{"not_picked":["Heavy Blade","Body Slam+1","Rampage"],"picked":"SKIP","floor":19.0},{"not_picked":["Body Slam+1","Impervious","Armaments"],"picked":"SKIP","floor":21.0},{"not_picked":["Sentinel+1","Clash"],"picked":"Flex","floor":22.0},{"not_picked":["Thunderclap+1","Shockwave"],"picked":"Inflame","floor":23.0},{"not_picked":["Wild Strike","Pommel Strike","Iron Wave"],"picked":"SKIP","floor":24.0},{"not_picked":["Metallicize","True Grit"],"picked":"Ghostly Armor","floor":31.0}],"player_experience":414953,"relics_obtained":[{"floor":9.0,"key":"Nunchaku"},{"floor":11.0,"key":"Vajra"},{"floor":23.0,"key":"Oddly Smooth Stone"}],"event_choices":[{"damage_healed":0.0,"max_hp_gain":0.0,"max_hp_loss":0.0,"gold_gain":0.0,"event_name":"WeMeetAgain","player_choice":"Paid Gold","floor":2.0,"gold_loss":72.0,"damage_taken":0.0,"relics_obtained":["Pen Nib"]},{"damage_healed":0.0,"max_hp_gain":0.0,"max_hp_loss":0.0,"gold_gain":0.0,"event_name":"Vampires","player_choice":"Ignored","floor":20.0,"gold_loss":0.0,"damage_taken":0.0},{"damage_healed":0.0,"max_hp_gain":0.0,"max_hp_loss":0.0,"gold_gain":0.0,"event_name":"Addict","player_choice":"Obtained Relic","floor":25.0,"gold_loss":85.0,"damage_taken":0.0,"relics_obtained":["Molten Egg 2"]},{"damage_healed":0.0,"max_hp_gain":0.0,"max_hp_loss":0.0,"gold_gain":0.0,"event_name":"NoteForYourself","player_choice":"Ignored","floor":27.0,"gold_loss":0.0,"damage_taken":0.0},{"damage_healed":0.0,"max_hp_gain":0.0,"max_hp_loss":0.0,"gold_gain":0.0,"event_name":"The Library","player_choice":"Read","floor":29.0,"gold_loss":0.0,"damage_taken":0.0,"cards_obtained":["Heavy Blade"]}],"is_beta":false,"boss_relics":[{"not_picked":["Runic Cube","Cursed Key"],"picked":"Black Blood"}],"items_purged_floors":[],"is_endless":false,"potions_floor_spawned":[1,4,16,18,22,31],"killed_by":"Collector","ascension_level":0}}