{"host":"8nctav4lo34mnono","time":1613172849,"event":{"mods":["BaseMod","Bestiary","Highlight Path","Minty Spire (QoL Compilation)","Relic Stats","Slay the Relics Exporter"],"gold_per_floor":[111,129,143,159,169,169,203,223,223,37,37,64,64,74,74,171,171,191,209,209,226,242,273,285,285,285],"floor_reached":25,"language":"ENG","playtime":1772,"items_purged":[],"score":311,"play_id":"d2b7c3d4-0123-40e7-b172-7e079c80fb27","local_time":"20210212233409","is_ascension_mode":true,"campfire_choices":[{"floor":6.0,"key":"REST"},{"data":"Apotheosis","floor":11,"key":"SMITH"},{"floor":15,"key":"REST"}],"circlet_count":0,"master_deck":["Strike_P","Strike_P","Defend_P","Defend_P","Defend_P","Eruption","Vigilance","CurseOfTheBell","WheelKick+1","BowlingBash+1","FlurryOfBlows+1","CutThroughFate+1","EmptyFist+1","MentalFortress","Apotheosis+1","Vengeance","EmptyFist+1","SignatureMove+1","Halt+1","Weave+1","Indignation+1","Crescendo+1","MasterReality","Wallop+1","MentalFortress+1","DevaForm"],"relics":["Calling Bell","Potion Belt","Molten Egg 2","Gambling Chip","Question Card","GoldenEye","Matryoshka","Astrolabe","Eternal Feather"],"acts_visited":["Exordium","TheCity"],"potions_floor_usage":[22,23,23,25],"damage_taken":[{"damage":0.0,"enemies":"Cultist","floor":1.0,"turns":4.0},{"damage":3.0,"enemies":"Jaw Worm","floor":2.0,"turns":5.0},{"damage":5.0,"enemies":"Small Slimes","floor":3.0,"turns":4.0},{"damage":10.0,"enemies":"Red Slaver","floor":4.0,"turns":5.0},{"damage":0.0,"enemies":"Large Slime","floor":5.0,"turns":3.0},{"damage":16.0,"enemies":"Gremlin Nob","floor":7.0,"turns":3.0},{"damage":1.0,"enemies":"Looter","floor":8.0,"turns":2.0},{"damage":15,"enemies":"3 Sentries","floor":12,"turns":5},{"damage":8,"enemies":"Exordium Thugs","floor":14,"turns":3},{"damage":20,"enemies":"Slime Boss","floor":16,"turns":9},{"damage":0,"enemies":"Spheric Guardian","floor":18,"turns":2},{"damage":0,"enemies":"Shell Parasite","floor":19,"turns":3},{"damage":14,"enemies":"Chosen and Byrds","floor":21,"turns":3},{"damage":0,"enemies":"Snecko","floor":22,"turns":2},{"damage":12,"enemies":"Gremlin Leader","floor":23,"turns":5},{"damage":18,"enemies":"Cultist and Chosen","floor":24,"turns":5},{"damage":26,"enemies":"Slavers","floor":25,"turns":1}],"seed_played":"7529358354757450490","potions_obtained":[{"floor":2.0,"key":"SpeedPotion"},{"floor":7.0,"key":"Ambrosia"},{"floor":8.0,"key":"Strength Potion"},{"floor":14,"key":"DuplicationPotion"},{"floor":18,"key":"StancePotion"}],"is_trial":false,"path_per_floor":["M","M","M","M","M","R","E","M","T","$","R","E","?","M","R","B",null,"M","M","?","M","M","E","M","E"],"character_chosen":"WATCHER","items_purchased":["Apotheosis"],"campfire_rested":2,"item_purchase_floors":[10],"current_hp_per_floor":[65,62,57,47,47,68,52,51,51,51,51,36,36,28,49,29,61,61,61,61,47,47,35,17,0,0],"gold":285,"neow_bonus":"BOSS_RELIC","is_daily":false,"chose_seed":false,"campfire_upgraded":1,"win_rate":0.0,"timestamp":1613172849,"path_taken":["M","M","M","M","M","R","E","?","T","$","R","E","?","M","R","BOSS","M","M","?","M","?","E","M","E"],"items_purchased_type":["Card"],"build_version":"2020-12-22","purchased_purges":0,"victory":false,"max_hp_per_floor":[72,72,72,72,72,72,72,72,72,72,72,72,72,72,72,72,72,72,72,72,72,72,72,72,72,72],"relic_stats":{"counters":[17,64],"Gambling Chip":[65],"Astrolabe":["SignatureMove","Halt","Weave"],"Eternal Feather":0,"Question Card":10,"GoldenEye":[16],"obtain_stats":[{"Calling Bell":0,"Potion Belt":0,"Matryoshka":12,"Gambling Chip":0,"Astrolabe":17,"Molten Egg 2":0,"Eternal Feather":23,"PureWater":0,"Question Card":7,"GoldenEye":9},{"Calling Bell":0,"Potion Belt":0,"Matryoshka":8,"Gambling Chip":0,"Astrolabe":10,"Molten Egg 2":0,"Eternal Feather":15,"PureWater":0,"Question Card":6,"GoldenEye":7},{"Calling Bell":0,"Potion Belt":0,"Matryoshka":31,"Gambling Chip":0,"Astrolabe":43,"Molten Egg 2":0,"Eternal Feather":58,"PureWater":0,"Question Card":24,"GoldenEye":26}]},"card_choices":[{"not_picked":["ClearTheMind","Sanctity"],"picked":"WheelKick+1","floor":1.0},{"not_picked":["Fasting2","Swivel","PathToVictory"],"picked":"SKIP","floor":2.0},{"not_picked":["Evaluate","CrushJoints+1"],"picked":"BowlingBash+1","floor":3.0},{"not_picked":["Prostrate","Consecrate+1"],"picked":"FlurryOfBlows+1","floor":4.0},{"not_picked":["WindmillStrike+1","Prostrate"],"picked":"CutThroughFate+1","floor":5.0},{"not_picked":["ReachHeaven+1","SignatureMove+1"],"picked":"EmptyFist+1","floor":7.0},{"not_picked":["SashWhip+1","Prostrate","Worship"],"picked":"MentalFortress","floor":8.0},{"not_picked":["ClearTheMind","FollowUp+1","Devotion"],"picked":"Vengeance","floor":12},{"not_picked":["Collect","Evaluate","DeceiveReality"],"picked":"EmptyFist+1","floor":14},{"not_picked":["WheelKick+1","SashWhip+1","EmptyBody"],"picked":"Indignation+1","floor":18},{"not_picked":["Halt","CrushJoints+1","FlyingSleeves+1"],"picked":"Crescendo+1","floor":19},{"not_picked":["Halt","Sanctity","WindmillStrike+1","EmptyFist+1"],"picked":"SKIP","floor":21},{"not_picked":["WaveOfTheHand+1","FlyingSleeves+1","Pray"],"picked":"Wallop+1","floor":22},{"not_picked":["SandsOfTime+1","EmptyFist+1","Wireheading+1"],"picked":"MentalFortress+1","floor":23},{"not_picked":["Crescendo","Protect","Prostrate+1"],"picked":"DevaForm","floor":24}],"player_experience":384611,"relics_obtained":[{"floor":0.0,"key":"Potion Belt"},{"floor":0.0,"key":"Molten Egg 2"},{"floor":0.0,"key":"Gambling Chip"},{"floor":7.0,"key":"Question Card"},{"floor":9.0,"key":"GoldenEye"},{"floor":12,"key":"Matryoshka"},{"floor":23,"key":"Eternal Feather"}],"event_choices":[{"damage_healed":0,"gold_gain":0,"player_choice":"Ignored","damage_taken":0,"max_hp_gain":0,"max_hp_loss":0,"event_name":"Liars Game","floor":13,"gold_loss":0},{"damage_healed":0,"gold_gain":0,"player_choice":"1 cards matched","damage_taken":0,"max_hp_gain":0,"max_hp_loss":0,"event_name":"Match and Keep!","floor":20,"gold_loss":0,"cards_obtained":["MasterReality"]}],"is_beta":false,"boss_relics":[{"not_picked":["Velvet Choker","Tiny House"],"picked":"Astrolabe"}],"items_purged_floors":[],"is_endless":false,"potions_floor_spawned":[2,7,8,14,18],"killed_by":"Slavers","ascension_level":6}}