{"host":"yans4pr1zf0lm9bx","time":1613165136,"event":{"mods":["AchievementEnabler","BaseMod","Minty Spire (QoL Compilation)","StSLib","SuperFastMode","slay the spire mod where everything is the same but ironclad has a cowboy hat"],"gold_per_floor":[366,316,316,127,142,172,183,183,183,183,209,226,226,237,237,340,340,350,364,32,42,42,73,172,172,172],"floor_reached":25,"language":"ENG","playtime":1071,"items_purged":["Strike_R","Strike_R"],"score":289,"play_id":"2179edd8-8977-48db-b560-a1eba3bf5566","local_time":"20210212162536","is_ascension_mode":true,"campfire_choices":[{"data":"Whirlwind","floor":8,"key":"SMITH"},{"data":"True Grit","floor":13,"key":"SMITH"},{"data":"Metallicize","floor":15,"key":"SMITH"}],"circlet_count":0,"master_deck":["Strike_R+1","Strike_R+1","Defend_R+1","Defend_R+1","Defend_R+1","Defend_R+1","Bash","Metallicize","Purity","Whirlwind+1","Metallicize+1","Spot Weakness","Pummel","True Grit+1","Demon Form","True Grit+1","Seeing Red"],"relics":["Burning Blood","Lizard Tail","Eternal Feather","Turnip","Pen Nib","Philosopher\u0027s Stone","Vajra","Gambling Chip"],"acts_visited":["Exordium","TheCity"],"potions_floor_usage":[6,11,19,21,23,23],"damage_taken":[{"damage":13,"enemies":"Jaw Worm","floor":1,"turns":4},{"damage":1,"enemies":"Small Slimes","floor":5,"turns":7},{"damage":18,"enemies":"3 Sentries","floor":6,"turns":7},{"damage":0,"enemies":"Cultist","floor":7,"turns":5},{"damage":15,"enemies":"Lagavulin","floor":11,"turns":8},{"damage":10,"enemies":"Blue Slaver","floor":12,"turns":5},{"damage":3,"enemies":"Looter","floor":14,"turns":4},{"damage":37,"enemies":"Hexaghost","floor":16,"turns":13},{"damage":12,"enemies":"Spheric Guardian","floor":18,"turns":5},{"damage":7,"enemies":"2 Thieves","floor":19,"turns":3},{"damage":15,"enemies":"Centurion and Healer","floor":21,"turns":7},{"damage":67,"enemies":"Book of Stabbing","floor":23,"turns":7},{"damage":52,"enemies":"Slavers","floor":25,"turns":4}],"seed_played":"-9040067980329559143","potions_obtained":[{"floor":1,"key":"SteroidPotion"},{"floor":6,"key":"Weak Potion"},{"floor":12,"key":"Energy Potion"},{"floor":14,"key":"Ancient Potion"},{"floor":18,"key":"SneckoOil"},{"floor":23,"key":"ElixirPotion"}],"is_trial":false,"path_per_floor":["M","?","?","$","M","E","M","R","T","?","E","M","R","M","R","B",null,"M","M","$","M","?","E","?","E"],"character_chosen":"IRONCLAD","items_purchased":["Whirlwind","Metallicize","Vajra","Regen Potion"],"campfire_rested":0,"item_purchase_floors":[4,4,20,20],"current_hp_per_floor":[49,49,49,49,54,42,48,48,48,48,39,35,44,47,56,25,66,60,59,59,50,50,47,47,0,0],"gold":172,"neow_bonus":"TWO_FIFTY_GOLD","is_daily":false,"chose_seed":false,"campfire_upgraded":3,"win_rate":0.0,"timestamp":1613165136,"path_taken":["M","?","?","$","M","E","?","R","T","?","E","M","R","M","R","BOSS","M","M","$","M","?","E","?","E"],"items_purchased_type":["Card","Card","Relic","Potion"],"build_version":"2020-12-22","purchased_purges":2,"victory":false,"max_hp_per_floor":[80,80,80,80,80,80,80,80,80,80,80,80,80,80,80,80,80,80,80,80,80,80,80,80,80,80],"card_choices":[{"not_picked":["Carnage","Burning Pact"],"picked":"Metallicize","floor":1},{"not_picked":["Pommel Strike","Anger"],"picked":"Spot Weakness","floor":5},{"not_picked":["Armaments","Pommel Strike","Flame Barrier"],"picked":"SKIP","floor":6},{"not_picked":["Sever Soul","Clash"],"picked":"Pummel","floor":7},{"not_picked":["Impervious","Rage"],"picked":"True Grit","floor":11},{"not_picked":["Clash","Shockwave","Combust"],"picked":"SKIP","floor":12},{"not_picked":["Fire Breathing","Evolve","Wild Strike"],"picked":"SKIP","floor":14},{"not_picked":["Reaper","Bludgeon"],"picked":"Demon Form","floor":16},{"not_picked":["Wild Strike","Sentinel"],"picked":"True Grit+1","floor":18},{"not_picked":["Combust","Reckless Charge+1","Heavy Blade"],"picked":"SKIP","floor":19},{"not_picked":["Blood for Blood","Cleave","Heavy Blade"],"picked":"SKIP","floor":21},{"not_picked":["Dark Embrace+1","Reaper"],"picked":"Seeing Red","floor":23}],"player_experience":305999,"relics_obtained":[{"floor":6,"key":"Lizard Tail"},{"floor":9,"key":"Eternal Feather"},{"floor":11,"key":"Pen Nib"},{"floor":23,"key":"Gambling Chip"}],"event_choices":[{"cards_removed":["Strike_R"],"damage_healed":0,"gold_gain":0,"player_choice":"Card Removal","damage_taken":0,"max_hp_gain":0,"max_hp_loss":0,"event_name":"The Cleric","floor":2,"gold_loss":50},{"damage_healed":0,"gold_gain":0,"player_choice":"1 cards matched","damage_taken":0,"max_hp_gain":0,"max_hp_loss":0,"event_name":"Match and Keep!","floor":3,"gold_loss":0,"cards_obtained":["Purity"]},{"damage_healed":0,"gold_gain":0,"player_choice":"Searched \u00272\u0027 times","damage_taken":0,"relics_obtained":["Turnip"],"max_hp_gain":0,"max_hp_loss":0,"event_name":"Dead Adventurer","floor":10,"gold_loss":0},{"damage_healed":0,"gold_gain":0,"player_choice":"Simplicity","damage_taken":0,"max_hp_gain":0,"max_hp_loss":0,"event_name":"Back to Basics","floor":22,"gold_loss":0,"cards_upgraded":["Strike_R","Strike_R","Defend_R","Defend_R","Defend_R","Defend_R"]},{"damage_healed":0,"gold_gain":99,"player_choice":"Stole From Cult","damage_taken":0,"max_hp_gain":0,"max_hp_loss":0,"event_name":"Nest","floor":24,"gold_loss":0}],"is_beta":false,"boss_relics":[{"not_picked":["Cursed Key","Runic Cube"],"picked":"Philosopher\u0027s Stone"}],"items_purged_floors":[4,20],"is_endless":false,"potions_floor_spawned":[1,6,12,14,18,23],"killed_by":"Slavers","ascension_level":5}}