{"host":"wbn3xdfsa5pc2kse","time":1613131517,"event":{"mods":["AchievementEnabler","BaseMod","Bestiary","Colored Map","Colored Powertips","Curses Come First","Highlight Path","Minty Spire (QoL Compilation)","Permanent Neow","Rare Cards Sparkle","Relic Stats","StSLib"],"gold_per_floor":[116,166,178,191,211,240,240,267,267,267,286,340,355,355,355,355,355],"floor_reached":16,"language":"ZHT","playtime":438,"items_purged":[],"score":202,"play_id":"a5bf655c-bb8a-48e8-87d5-d1aebee065ab","local_time":"20210212200517","is_ascension_mode":true,"campfire_choices":[{"data":"Carnage","floor":7.0,"key":"SMITH"},{"data":"Bash","floor":10.0,"key":"SMITH"},{"floor":15.0,"key":"REST"}],"circlet_count":0,"master_deck":["AscendersBane","Strike_R","Strike_R","Strike_R","Strike_R","Strike_R","Defend_R","Defend_R","Defend_R","Defend_R","Bash+1","Clash","Clothesline","Armaments","Carnage+1","Demon Form"],"relics":["Burning Blood","Tiny Chest","Matryoshka","Vajra","Boot","Blue Candle","Bag of Preparation","Mummified Hand"],"acts_visited":["Exordium"],"potions_floor_usage":[16],"damage_taken":[{"damage":10.0,"enemies":"Jaw Worm","floor":1.0,"turns":5.0},{"damage":5.0,"enemies":"Cultist","floor":3.0,"turns":5.0},{"damage":7.0,"enemies":"2 Louse","floor":4.0,"turns":4.0},{"damage":6.0,"enemies":"Looter","floor":5.0,"turns":3.0},{"damage":20.0,"enemies":"3 Sentries","floor":6.0,"turns":6.0},{"damage":25.0,"enemies":"Lagavulin","floor":8.0,"turns":6.0},{"damage":23.0,"enemies":"Lots of Slimes","floor":11.0,"turns":5.0},{"damage":4.0,"enemies":"Large Slime","floor":13.0,"turns":7.0},{"damage":39,"enemies":"The Guardian","floor":16,"turns":10}],"seed_played":"-861079990600015065","potions_obtained":[{"floor":4.0,"key":"Fire Potion"},{"floor":8.0,"key":"Ancient Potion"},{"floor":13.0,"key":"ElixirPotion"}],"is_trial":false,"path_per_floor":["M","?","M","M","M","E","R","E","T","R","M","?","M","T","R","B"],"character_chosen":"IRONCLAD","items_purchased":[],"campfire_rested":1,"item_purchase_floors":[],"current_hp_per_floor":[64,64,65,64,64,50,50,31,31,31,14,14,16,16,38,0,0],"gold":355,"neow_bonus":"RANDOM_COMMON_RELIC","is_daily":false,"chose_seed":false,"campfire_upgraded":2,"win_rate":0.0,"timestamp":1613131517,"path_taken":["M","?","M","?","M","E","R","E","T","R","M","?","M","?","R","BOSS"],"items_purchased_type":[],"build_version":"2020-12-22","purchased_purges":0,"victory":false,"max_hp_per_floor":[75,75,75,75,75,75,75,75,75,75,75,75,75,75,75,75,75],"relic_stats":{"counters":[9,51],"Mummified Hand":[0],"Blue Candle":[0],"Tiny Chest":1,"Bag of Preparation":[2],"Boot":[0],"obtain_stats":[{"Matryoshka":6,"Mummified Hand":14,"Blue Candle":9,"Vajra":8,"Tiny Chest":0,"Bag of Preparation":14,"Boot":9,"Burning Blood":0},{"Matryoshka":5,"Mummified Hand":8,"Blue Candle":6,"Vajra":6,"Tiny Chest":0,"Bag of Preparation":8,"Boot":6,"Burning Blood":0},{"Matryoshka":23,"Mummified Hand":41,"Blue Candle":29,"Vajra":29,"Tiny Chest":0,"Bag of Preparation":41,"Boot":29,"Burning Blood":0}],"Burning Blood":48},"card_choices":[{"not_picked":["Twin Strike","Flex"],"picked":"Clash","floor":1.0},{"not_picked":["Warcry","Anger"],"picked":"Clothesline","floor":3.0},{"not_picked":["Dual Wield","Thunderclap"],"picked":"Armaments","floor":4.0},{"not_picked":["Whirlwind","Shrug It Off"],"picked":"Carnage","floor":5.0},{"not_picked":["Headbutt","Clash","Anger"],"picked":"SKIP","floor":6.0},{"not_picked":["Heavy Blade","Havoc","Warcry"],"picked":"SKIP","floor":8.0},{"not_picked":["Armaments","Heavy Blade","Body Slam"],"picked":"SKIP","floor":11.0},{"not_picked":["Twin Strike","Burning Pact"],"picked":"Demon Form","floor":13.0}],"player_experience":807620,"relics_obtained":[{"floor":6.0,"key":"Matryoshka"},{"floor":8.0,"key":"Vajra"},{"floor":9.0,"key":"Boot"},{"floor":9.0,"key":"Blue Candle"},{"floor":14.0,"key":"Bag of Preparation"},{"floor":14.0,"key":"Mummified Hand"}],"event_choices":[{"damage_healed":0.0,"max_hp_gain":0.0,"max_hp_loss":0.0,"gold_gain":50.0,"event_name":"Golden Shrine","player_choice":"Pray","floor":2.0,"gold_loss":0.0,"damage_taken":0.0},{"damage_healed":0.0,"max_hp_gain":0.0,"max_hp_loss":0.0,"gold_gain":54.0,"event_name":"Golden Wing","player_choice":"Gained Gold","floor":12.0,"gold_loss":0.0,"damage_taken":0.0}],"is_beta":false,"boss_relics":[],"items_purged_floors":[],"is_endless":false,"potions_floor_spawned":[4,8,13],"killed_by":"The Guardian","ascension_level":16}}