{"host":"hbyfssekv6xsfxrf","time":1613120348,"event":{"mods":["Act Like it!","Aspiration","BaseMod","Decade(王小明)","Downfall","Gensokyo","Hallownest","Hermit","KinomotoSakuraMod(木之本樱)","Koishi","KomeijiMod","Lobotomy","LobotomyExtend","Minty Spire (QoL Compilation)","Quick Restart","Reimu（博丽灵梦）","Remilia（蕾米莉亚）","Replay The Spire","StSLib","The Animator","The Bug Knight","The Cursed","The Hierophant","The Jungle","The Poker Player","The Runesmith","The Senshi","The Servant 0.9.4","WarShipGirlsR/战舰少女R mod","Youmu（魂魄妖梦）","[IsaacMod]以撒尖塔"],"gold_per_floor":[112,112,8,20,20,20,55,4,4,23,50,50,63,75,75,175,175,189,189,66,80,43,43,43,61,86,86,6,6,17,17,17,113,113,125,125,137,154,154,154,154,154,154,5,5,25,44,44,58,78,78,78,78,78,33,67,67,67],"floor_reached":57,"language":"ZHS","playtime":3285,"items_purged":[],"score":737,"play_id":"6142d303-bbd6-412a-8f59-96e14c842302","local_time":"20210212165908","is_ascension_mode":false,"campfire_choices":[{"floor":6,"key":"RECALL"},{"floor":12,"key":"REST"},{"data":"BloodyBrimstone","floor":15,"key":"SMITH"},{"data":"All Out Attack","floor":23,"key":"SMITH"},{"data":"Finisher","floor":27,"key":"SMITH"},{"data":"Dagger Spray","floor":29,"key":"SMITH"},{"floor":32,"key":"REST"},{"floor":40,"key":"REST"},{"data":"Tools of the Trade","floor":48,"key":"SMITH"},{"data":"Backstab","floor":51,"key":"SMITH"},{"data":"Blade Dance","floor":54,"key":"SMITH"}],"circlet_count":0,"master_deck":["Strike_G","Strike_G","Strike_G","Strike_G","Strike_G","Defend_G","Defend_G","Defend_G","Defend_G","Defend_G","Survivor+1","Neutralize","BloodyBrimstone+1","Outmaneuver","Prepared","Dagger Spray","Quick Slash","Poisoned Stab","Slice","Acrobatics","Deadly Poison","Underhanded Strike","Dagger Throw","All Out Attack+1","Glass Knife","Dagger Spray+1","Hidden Blade","Finisher+1","Poisoned Stab+1","Blade Dance+1","Quick Slash","Quick Slash","Slice","Tools of the Trade+1","Backstab+1","Blade Dance+1","Riddle With Holes","Backstab+1","Flying Knee","Dodge and Roll","Backstab+1","Dagger Spray+1","Backflip+1","Underhanded Strike+1","Dagger Spray","Bouncing Flask+1"],"relics":["Ring of the Snake","HushsDoor","KeepersGift","aspiration:Nostalgia","ScarletHat","LetterFromLob","Shuriken","Replay:Rubber Ducky","HoveringKite","GoodDreamPillow","theSenshi:SailorFukuRelic","Painkiller Herb","ReplayTheSpireMod:Ninjato","Tough Bandages"],"acts_visited":["Hallownest:Greenpath","Hallownest:Greenpath","Gensokyo:Gensokyoest","TheEnding"],"potions_floor_usage":[57,57],"damage_taken":[{"damage":2,"enemies":"Hallownest:monsterHuskGuard","floor":1,"turns":8},{"damage":1,"enemies":"Hallownest:2_Baldur","floor":4,"turns":3},{"damage":0,"enemies":"Hallownest:eliteVengeflyKing","floor":7,"turns":8},{"damage":4,"enemies":"Hallownest:2_Tiktiks_and_1_Crawlid","floor":10,"turns":2},{"damage":16,"enemies":"Hallownest:eliteMossKnight","floor":11,"turns":11},{"damage":3,"enemies":"Hallownest:Guard_and_Warrior","floor":13,"turns":5},{"damage":7,"enemies":"Hallownest:MossCreep_and_Mosskin","floor":14,"turns":3},{"damage":17,"enemies":"Hallownest:BossBrokenVessel","floor":16,"turns":6},{"damage":5,"enemies":"theJungle:5_Spyders","floor":18,"turns":6},{"damage":7,"enemies":"theJungle:GiantWrat","floor":21,"turns":4},{"damage":2,"enemies":"theJungle:JungleHuntersEncounter","floor":25,"turns":5},{"damage":8,"enemies":"Snake Plant","floor":30,"turns":4},{"damage":23,"enemies":"theJungle:QueenSpyder","floor":33,"turns":9},{"damage":11,"enemies":"Gensokyo:AncientGuardian","floor":35,"turns":3},{"damage":0,"enemies":"Gensokyo:3_Bats","floor":37,"turns":3},{"damage":10,"enemies":"Gensokyo:Dusk_and_Dawn","floor":38,"turns":3},{"damage":0,"enemies":"Gensokyo:AtlasGolem","floor":46,"turns":2},{"damage":4,"enemies":"Gensokyo:4_Bats","floor":47,"turns":2},{"damage":0,"enemies":"Gensokyo:Dusk_and_Dawn","floor":49,"turns":2},{"damage":0,"enemies":"Gensokyo:SeedOfUnknown","floor":50,"turns":3},{"damage":17,"enemies":"Gensokyo:Yuyuko","floor":52,"turns":4},{"damage":51,"enemies":"Shield and Spear","floor":56,"turns":4},{"damage":89,"enemies":"Delirium","floor":57,"turns":3}],"seed_played":"2070966750513129890","potions_obtained":[{"floor":1,"key":"Fire Potion"},{"floor":13,"key":"SpeedPotion"},{"floor":16,"key":"ZuzhouPotion:ReiMu"},{"floor":18,"key":"SteroidPotion"},{"floor":21,"key":"AttackPotion"},{"floor":38,"key":"FairyPotion"},{"floor":56,"key":"Fire Potion"}],"is_trial":false,"path_per_floor":["M","?","$","M","$","R","E","$","T","M","E","R","M","M","R","B",null,"M","?","?","M","$","R","M","M","T","R","$","R","M","$","R","B",null,"?","?","?","?","?","T","PTL","PTL","?","T","T","?","?","T","?","?","T","B",null,"T","T","E","B"],"character_chosen":"THE_SILENT","items_purchased":["Dagger Spray","Quick Slash","Acrobatics","Finisher","Blade Dance","Quick Slash","Backstab","Flying Knee","Dodge and Roll","Dagger Spray"],"campfire_rested":3,"item_purchase_floors":[3,3,8,22,28,28,44,44,44,55],"current_hp_per_floor":[68,68,68,67,67,67,67,67,67,63,47,68,65,58,58,41,67,62,62,62,55,55,55,55,53,53,53,53,53,45,45,65,42,67,56,56,56,46,46,66,66,66,66,66,66,66,62,62,62,62,62,62,67,67,67,16,0,0],"gold":67,"neow_bonus":"NOSTALGIA","is_daily":false,"chose_seed":false,"campfire_upgraded":7,"win_rate":0.0,"timestamp":1613120348,"path_taken":["M","?","$","M","?","R","E","?","T","?","E","R","M","?","R","BOSS","M","?","?","M","?","R","?","M","T","R","?","R","M","$","R","BOSS","?","?","?","?","?","T","PTL","PTL","?","T","T","?","?","T","?","?","T","BOSS","T","T","E","BOSS"],"items_purchased_type":["Card","Card","Card","Card","Card","Card","Card","Card","Card","Card"],"build_version":"2020-12-22","purchased_purges":0,"victory":false,"max_hp_per_floor":[70,70,70,70,70,70,70,70,70,70,70,70,70,70,70,67,67,67,67,67,67,67,67,67,67,67,67,67,67,67,67,67,67,67,67,67,67,67,67,67,67,67,67,67,67,67,67,67,67,67,67,67,67,67,67,67,64,64],"card_choices":[{"not_picked":[],"picked":"BloodyBrimstone","floor":0},{"not_picked":["Draining Mist","Sucker Punch"],"picked":"Outmaneuver","floor":1},{"not_picked":[],"picked":"Prepared","floor":2},{"not_picked":["PiercingWail","ReplayTheSpireMod:Exploit Weakness"],"picked":"Poisoned Stab","floor":4},{"not_picked":["Tactician","ReplayTheSpireMod:From All Sides"],"picked":"Slice","floor":7},{"not_picked":["Acrobatics","Caltrops"],"picked":"Deadly Poison","floor":10},{"not_picked":["Toxin Wave","Terror"],"picked":"Underhanded Strike","floor":11},{"not_picked":["Poisoned Stab","PiercingWail"],"picked":"Dagger Throw","floor":13},{"not_picked":["Choke","Tactician"],"picked":"All Out Attack","floor":14},{"not_picked":["Malaise","ReplayTheSpireMod:Necrosis"],"picked":"Glass Knife","floor":16},{"not_picked":["Caltrops+1","Poisoned Stab"],"picked":"Dagger Spray","floor":18},{"not_picked":["Outmaneuver","Dagger Throw"],"picked":"Hidden Blade","floor":21},{"not_picked":["Choke","Backflip"],"picked":"Poisoned Stab+1","floor":25},{"not_picked":["Deadly Poison","PiercingWail"],"picked":"Slice","floor":30},{"not_picked":["After Image","Venomology"],"picked":"Tools of the Trade","floor":33},{"not_picked":["Dagger Spray+1","Footwork+1"],"picked":"Backstab+1","floor":35},{"not_picked":["PiercingWail","Acrobatics"],"picked":"Blade Dance+1","floor":37},{"not_picked":["Blade Dance","Poisoned Stab+1"],"picked":"Riddle With Holes","floor":38},{"not_picked":["Footwork","Blade Dance"],"picked":"Backstab+1","floor":46},{"not_picked":["Poisoned Stab","Unload"],"picked":"Dagger Spray+1","floor":47},{"not_picked":["Acrobatics","Fluid Movement"],"picked":"Backflip+1","floor":49},{"not_picked":["Heel Hook+1","Outmaneuver+1"],"picked":"Underhanded Strike+1","floor":50},{"not_picked":["ReplayTheSpireMod:From All Sides","Acrobatics"],"picked":"Bouncing Flask+1","floor":56}],"player_experience":2126,"relics_obtained":[{"floor":1,"key":"LetterFromLob"},{"floor":7,"key":"Shuriken"},{"floor":11,"key":"Replay:Rubber Ducky"},{"floor":26,"key":"theSenshi:SailorFukuRelic"},{"floor":45,"key":"ReplayTheSpireMod:Ninjato"},{"floor":56,"key":"Tough Bandages"}],"event_choices":[],"is_beta":false,"boss_relics":[{"not_picked":["Ring of Chaos","Tiny House"],"picked":"HoveringKite"},{"not_picked":[]},{"not_picked":["RedLine:ReiMu","ChewingGum"],"picked":"Painkiller Herb"},{"not_picked":[]}],"items_purged_floors":[],"is_endless":false,"potions_floor_spawned":[1,13,16,18,21,38,46,50,56],"killed_by":"Delirium","ascension_level":0}}