{"host":"nozk9xg7ssf2drdi","time":1613111881,"event":{"mods":["BaseMod","Colored Map","Minty Spire (QoL Compilation)","Relic Stats","Slay the Relics Exporter","StSLib","everything is the same but u backflip on backflip"],"gold_per_floor":[110,126,140,140,151,182,182,199,199,199,199,211,246,256,256,333,333,350,2,33,47,227,257,257,288,288,288,320,331,331,331],"floor_reached":30,"language":"ENG","playtime":2720,"items_purged":["WreathOfFlame"],"score":750,"play_id":"f090892f-8a74-4775-9dcc-fcf03c258485","local_time":"20210212003801","is_ascension_mode":true,"campfire_choices":[{"data":"Conclude","floor":7,"key":"SMITH"},{"data":"Apotheosis","floor":10,"key":"SMITH"},{"data":"MentalFortress","floor":15,"key":"SMITH"},{"floor":24,"key":"REST"},{"floor":27,"key":"RECALL"}],"circlet_count":0,"master_deck":["AscendersBane","Eruption","Vigilance","Apotheosis+1","SashWhip","CrushJoints+1","Conclude+1","MentalFortress+1","FearNoEvil","Study","FlurryOfBlows","Indignation","CutThroughFate","Consecrate","CutThroughFate","ThirdEye","Brilliance","LikeWater","Tantrum+1","WaveOfTheHand","Vault"],"relics":["PureWater","Mummified Hand","Ornamental Fan","Regal Pillow","Pandora\u0027s Box","Sundial","Red Mask","Molten Egg 2","Frozen Egg 2","White Beast Statue","Yang"],"acts_visited":["Exordium","TheCity"],"potions_floor_usage":[6,18,23,23,29,30,30],"damage_taken":[{"damage":0,"enemies":"2 Louse","floor":1,"turns":2},{"damage":0,"enemies":"Cultist","floor":2,"turns":3},{"damage":11,"enemies":"Small Slimes","floor":3,"turns":3},{"damage":2,"enemies":"Gremlin Gang","floor":5,"turns":2},{"damage":2,"enemies":"3 Sentries","floor":6,"turns":3},{"damage":0,"enemies":"Large Slime","floor":8,"turns":3},{"damage":10,"enemies":"Exordium Thugs","floor":12,"turns":3},{"damage":0,"enemies":"Lagavulin","floor":13,"turns":4},{"damage":0,"enemies":"Exordium Wildlife","floor":14,"turns":3},{"damage":0,"enemies":"Slime Boss","floor":16,"turns":4},{"damage":0,"enemies":"Shell Parasite","floor":18,"turns":3},{"damage":11,"enemies":"Masked Bandits","floor":20,"turns":2},{"damage":0,"enemies":"Spheric Guardian","floor":21,"turns":2},{"damage":10,"enemies":"Slavers","floor":23,"turns":3},{"damage":4,"enemies":"Gremlin Leader","floor":25,"turns":3},{"damage":16,"enemies":"Book of Stabbing","floor":28,"turns":3},{"damage":21,"enemies":"Snake Plant","floor":29,"turns":4},{"damage":28,"enemies":"Chosen and Byrds","floor":30,"turns":4}],"seed_played":"8360874146901957407","potions_obtained":[{"floor":1,"key":"ColorlessPotion"},{"floor":6,"key":"DuplicationPotion"},{"floor":12,"key":"Ancient Potion"},{"floor":13,"key":"SteroidPotion"},{"floor":18,"key":"LiquidBronze"},{"floor":20,"key":"Regen Potion"},{"floor":25,"key":"FearPotion"},{"floor":28,"key":"PowerPotion"},{"floor":29,"key":"CultistPotion"}],"is_trial":false,"path_per_floor":["M","M","M","?","M","E","R","M","T","R","?","M","E","M","R","B",null,"M","$","?","M","?","E","R","E","T","R","E","M","M"],"character_chosen":"WATCHER","items_purchased":["Sundial"],"campfire_rested":1,"item_purchase_floors":[19],"current_hp_per_floor":[61,61,50,50,48,46,46,46,46,46,46,36,36,36,36,36,56,56,56,45,45,26,25,58,54,54,54,38,17,0,0],"gold":331,"neow_bonus":"RANDOM_COLORLESS_2","is_daily":false,"chose_seed":false,"campfire_upgraded":3,"win_rate":0.0,"timestamp":1613111881,"path_taken":["M","M","M","?","M","E","R","M","T","R","?","M","E","M","R","BOSS","M","$","?","M","?","E","R","E","T","R","E","M","M"],"items_purchased_type":["Relic"],"build_version":"2020-12-22","purchased_purges":1,"victory":false,"max_hp_per_floor":[62,62,62,62,62,62,62,62,62,62,62,62,62,62,62,62,62,62,62,62,62,62,62,62,62,62,62,62,62,62,62],"relic_stats":{"Regal Pillow":15,"counters":[18,54],"Mummified Hand":[23],"Ornamental Fan":[60],"Sundial":[0],"Pandora\u0027s Box":["CutThroughFate","Consecrate","CutThroughFate","WreathOfFlame","ThirdEye","Brilliance","LikeWater"],"Yang":[19],"obtain_stats":[{"Regal Pillow":13,"Mummified Hand":6,"Ornamental Fan":9,"Sundial":19,"Pandora\u0027s Box":17,"Molten Egg 2":23,"Yang":28,"Red Mask":20,"PureWater":0,"Frozen Egg 2":25,"White Beast Statue":26},{"Regal Pillow":8,"Mummified Hand":5,"Ornamental Fan":6,"Sundial":11,"Pandora\u0027s Box":10,"Molten Egg 2":14,"Yang":16,"Red Mask":12,"PureWater":0,"Frozen Egg 2":15,"White Beast Statue":15},{"Regal Pillow":23,"Mummified Hand":13,"Ornamental Fan":16,"Sundial":33,"Pandora\u0027s Box":30,"Molten Egg 2":40,"Yang":46,"Red Mask":35,"PureWater":0,"Frozen Egg 2":43,"White Beast Statue":43}]},"card_choices":[{"not_picked":["Thinking Ahead","Secret Weapon"],"picked":"Apotheosis","floor":0},{"not_picked":["FlyingSleeves","EmptyBody"],"picked":"SashWhip","floor":1},{"not_picked":["FlyingSleeves","FlurryOfBlows"],"picked":"CrushJoints","floor":2},{"not_picked":["Protect","LessonLearned"],"picked":"Conclude","floor":3},{"not_picked":["Indignation","ThirdEye"],"picked":"MentalFortress","floor":5},{"not_picked":["Fasting2","Indignation"],"picked":"FearNoEvil","floor":6},{"not_picked":["JustLucky","Consecrate"],"picked":"Study","floor":8},{"not_picked":["JustLucky","Conclude"],"picked":"FlurryOfBlows","floor":12},{"not_picked":["Weave","Consecrate"],"picked":"Indignation","floor":13},{"not_picked":["CrushJoints","FollowUp","WindmillStrike"],"picked":"SKIP","floor":14},{"not_picked":["WreathOfFlame","ThirdEye","Evaluate"],"picked":"SKIP","floor":18},{"not_picked":["SignatureMove","Evaluate+1","Vengeance"],"picked":"SKIP","floor":21},{"not_picked":["EmptyFist+1","Consecrate+1","Vengeance"],"picked":"SKIP","floor":23},{"not_picked":["EmptyMind","Nirvana+1"],"picked":"Tantrum+1","floor":25},{"not_picked":["Evaluate","CutThroughFate+1"],"picked":"WaveOfTheHand","floor":28},{"not_picked":["SashWhip+1","DeceiveReality"],"picked":"Vault","floor":29}],"player_experience":6101051,"relics_obtained":[{"floor":6,"key":"Mummified Hand"},{"floor":9,"key":"Ornamental Fan"},{"floor":13,"key":"Regal Pillow"},{"floor":20,"key":"Red Mask"},{"floor":23,"key":"Molten Egg 2"},{"floor":25,"key":"Frozen Egg 2"},{"floor":26,"key":"White Beast Statue"},{"floor":28,"key":"Yang"}],"event_choices":[{"cards_removed":["Strike_P"],"damage_healed":0,"gold_gain":0,"player_choice":"Forget","damage_taken":0,"max_hp_gain":0,"max_hp_loss":0,"event_name":"Living Wall","floor":4,"gold_loss":0},{"damage_healed":0,"gold_gain":0,"player_choice":"Forge","damage_taken":0,"max_hp_gain":0,"max_hp_loss":0,"event_name":"Accursed Blacksmith","floor":11,"gold_loss":0,"cards_upgraded":["CrushJoints"]},{"damage_healed":0,"gold_gain":0,"player_choice":"Fought Bandits","damage_taken":0,"max_hp_gain":0,"max_hp_loss":0,"event_name":"Masked Bandits","floor":20,"gold_loss":0},{"damage_healed":0,"gold_gain":180,"player_choice":"GOLD GOLD ","damage_taken":19,"max_hp_gain":0,"max_hp_loss":0,"event_name":"Knowing Skull","floor":22,"potions_obtained":[],"gold_loss":0,"cards_obtained":[]}],"is_beta":false,"boss_relics":[{"not_picked":["Philosopher\u0027s Stone","Ectoplasm"],"picked":"Pandora\u0027s Box"}],"items_purged_floors":[19],"is_endless":false,"potions_floor_spawned":[1,6,12,13,18,20,25,28,29],"killed_by":"Chosen and Byrds","ascension_level":20}}