{"host":"8zow35rkxv448q2r","time":1613141875,"event":{"mods":["AchievementEnabler","BaseMod","Colored Map","Colored Powertips","Minty Spire (QoL Compilation)","Relic Stats"],"gold_per_floor":[115,126,126,141,159,159,159],"floor_reached":6,"language":"ENG","playtime":271,"items_purged":[],"score":68,"play_id":"4823456d-2a7d-49ff-85fc-42b6ed8ceedb","local_time":"20210212095755","is_ascension_mode":true,"campfire_choices":[],"circlet_count":0,"master_deck":["AscendersBane","Strike_R","Strike_R","Strike_R","Strike_R","Strike_R","Defend_R","Defend_R","Defend_R","Defend_R","Bash","Twin Strike","Spot Weakness","Infernal Blade"],"relics":["Burning Blood","NeowsBlessing","FossilizedHelix"],"acts_visited":["Exordium"],"potions_floor_usage":[],"damage_taken":[{"damage":0.0,"enemies":"Small Slimes","floor":1.0,"turns":1.0},{"damage":0.0,"enemies":"2 Louse","floor":2.0,"turns":1.0},{"damage":0,"enemies":"Jaw Worm","floor":4,"turns":1},{"damage":48,"enemies":"Exordium Thugs","floor":5,"turns":6},{"damage":40,"enemies":"Lagavulin","floor":6,"turns":5}],"seed_played":"-545511914534006913","potions_obtained":[],"is_trial":false,"path_per_floor":["M","M","?","M","M","E"],"character_chosen":"IRONCLAD","items_purchased":[],"campfire_rested":0,"item_purchase_floors":[],"current_hp_per_floor":[74,75,57,63,21,0,0],"gold":159,"neow_bonus":"THREE_ENEMY_KILL","is_daily":false,"chose_seed":false,"campfire_upgraded":0,"win_rate":0.0,"timestamp":1613141875,"path_taken":["M","M","?","M","M","E"],"items_purchased_type":[],"build_version":"2020-12-22","purchased_purges":0,"victory":false,"max_hp_per_floor":[75,75,75,75,75,75,75],"relic_stats":{"counters":[5,14],"obtain_stats":[{"NeowsBlessing":0,"Burning Blood":0,"FossilizedHelix":3},{"NeowsBlessing":0,"Burning Blood":0,"FossilizedHelix":2},{"NeowsBlessing":0,"Burning Blood":0,"FossilizedHelix":2}],"Burning Blood":19},"card_choices":[{"not_picked":["Iron Wave","Evolve"],"picked":"Twin Strike","floor":1.0},{"not_picked":["Heavy Blade","Wild Strike"],"picked":"Spot Weakness","floor":2},{"not_picked":["Dual Wield","True Grit","Searing Blow"],"picked":"SKIP","floor":4},{"not_picked":["Spot Weakness","Battle Trance"],"picked":"Infernal Blade","floor":5}],"player_experience":218673,"relics_obtained":[],"event_choices":[{"damage_healed":0,"gold_gain":0,"player_choice":"Success","damage_taken":18,"relics_obtained":["FossilizedHelix"],"max_hp_gain":0,"max_hp_loss":0,"event_name":"Scrap Ooze","floor":3,"gold_loss":0}],"is_beta":false,"boss_relics":[],"items_purged_floors":[],"is_endless":false,"potions_floor_spawned":[],"killed_by":"Lagavulin","ascension_level":16}}