{"host":"8iaoobhpyvel1t4g","time":1613124658,"event":{"mods":["Aspiration","BaseMod","Colored Map","Conspire","Energized Spire","Friendly Minions","Highlight Path","Hubris","Minty Spire (QoL Compilation)","Permanent Neow","Quick Restart","Reliquary","Replay The Spire","StSLib","SuperFastMode","The Blackbeard","The Servant 0.9.4","TheVacant","Weighted Paths"],"gold_per_floor":[162,162,172,447,467,467,485,516,516,516,516,516,532,264,264,360,360,372,388,412,412,428,428,454,454,454,454,483,498,249,264,264,363,363,375,375,391,403,202,229,247,247,272,272,272,282,282,282,282,282],"floor_reached":51,"language":"ENG","playtime":2670,"items_purged":["blackbeard:BlackbeardDefend","Decay","blackbeard:BlackbeardStrike"],"score":865,"play_id":"6aa5f8bd-fe61-4de3-94f4-080e6d82cddd","local_time":"20210212051058","is_ascension_mode":false,"campfire_choices":[{"data":"blackbeard:ChaoticDefense","floor":6,"key":"SMITH"},{"data":"blackbeard:GoldenGuillotine","floor":10,"key":"SMITH"},{"data":"blackbeard:Rum","floor":12,"key":"SMITH"},{"data":"Secret Weapon","floor":15,"key":"SMITH"},{"data":"blackbeard:Cutlass","floor":23,"key":"SMITH"},{"floor":32,"key":"REST"},{"data":"blackbeard:MegaUpgrade","floor":45,"key":"SMITH"},{"data":"blackbeard:Revenge","floor":47,"key":"SMITH"},{"data":"blackbeard:Provisioning","floor":49,"key":"SMITH"}],"circlet_count":0,"master_deck":["blackbeard:BlackbeardStrike","blackbeard:BlackbeardStrike","blackbeard:BlackbeardStrike","blackbeard:IntimidatingStrike","blackbeard:BlackbeardDefend","blackbeard:BlackbeardDefend+1","blackbeard:BlackbeardDefend","blackbeard:Cutlass+1","blackbeard:DangerousBlow","blackbeard:ChaoticDefense+1","blackbeard:DoubleCannonball","blackbeard:Spear","blackbeard:Rum+1","blackbeard:GoldenGuillotine+1","blackbeard:RemoveScurvy","Secret Weapon+1","blackbeard:Salvager","blackbeard:DeadlyArsenal+1","blackbeard:Shrapnel","blackbeard:PiratesWill+1","blackbeard:InfiniteBarrage+1","blackbeard:CloakAndCannonball","blackbeard:TacticalRetreat","blackbeard:JollyRoger","blackbeard:Lifeboat","Burst+1","blackbeard:WoodenLeg","Blade Dance+1","blackbeard:Provisioning+1","blackbeard:MegaUpgrade+1","Distraction","blackbeard:Revenge+1"],"relics":["blackbeard:LoadTheCannons","Tiny House","hubris:Towel","reliquary:TridentHead","Quantum Egg","energizedSpire:MagnifyingGlass","reliquary:SilkGlove","reliquary:PartyBalloon","aspiration:RitualStick","Mummified Hand","reliquary:PrincelyHelmet","Happy Flower","aspiration:SilentSkillbook","blackbeard:HipFlask","Centennial Puzzle","hubris:Icosahedron"],"acts_visited":["Exordium","TheCity","TheBeyond"],"potions_floor_usage":[8,16,16,22,22,33,40,50,50,50],"damage_taken":[{"damage":0,"enemies":"Small Slimes","floor":1,"turns":2},{"damage":0,"enemies":"2 Louse","floor":3,"turns":2},{"damage":0,"enemies":"Cultist","floor":5,"turns":2},{"damage":5,"enemies":"Looter","floor":7,"turns":3},{"damage":21,"enemies":"Lagavulin","floor":8,"turns":6},{"damage":0,"enemies":"Red Slaver","floor":13,"turns":4},{"damage":9,"enemies":"Hexaghost","floor":16,"turns":12},{"damage":3,"enemies":"Chosen","floor":18,"turns":4},{"damage":5,"enemies":"Spheric Guardian","floor":19,"turns":3},{"damage":9,"enemies":"Snake Plant","floor":22,"turns":4},{"damage":29,"enemies":"Slavers","floor":24,"turns":8},{"damage":10,"enemies":"Book of Stabbing","floor":28,"turns":5},{"damage":18,"enemies":"Shelled Parasite and Fungi","floor":29,"turns":4},{"damage":6,"enemies":"Centurion and Healer","floor":31,"turns":4},{"damage":19,"enemies":"hubris:MusketHawk","floor":33,"turns":6},{"damage":0,"enemies":"3 Shapes","floor":35,"turns":4},{"damage":0,"enemies":"Orb Walker","floor":37,"turns":3},{"damage":3,"enemies":"Transient","floor":38,"turns":5},{"damage":42,"enemies":"Nemesis","floor":40,"turns":5},{"damage":3,"enemies":"4 Shapes","floor":41,"turns":4},{"damage":0,"enemies":"Sphere and 2 Shapes","floor":46,"turns":1},{"damage":66,"enemies":"hubris:GrandSnecko","floor":50,"turns":12}],"seed_played":"2189575551369445747","potions_obtained":[{"floor":0,"key":"Cursed Concoction"},{"floor":1,"key":"Dexterity Potion"},{"floor":8,"key":"Block Potion"},{"floor":13,"key":"blackbeard:OrangeJuicePotion"},{"floor":16,"key":"Toxic Potion"},{"floor":18,"key":"Elixir"},{"floor":24,"key":"Strength Potion"},{"floor":31,"key":"ColorlessPotion"},{"floor":35,"key":"SmokeBomb"},{"floor":40,"key":"Fire Potion"}],"is_trial":false,"path_per_floor":["M","?","M","?","M","R","M","E","T","R","?","R","M","$","R","B",null,"M","M","T","?","M","R","E","?","T","?","E","M","$","M","R","B",null,"M","?","M","M","$","E","M","?","T","?","R","M","R","?","R","B",null],"character_chosen":"BLACKBEARD_CLASS","items_purchased":["Secret Weapon","Happy Flower","blackbeard:Provisioning"],"campfire_rested":1,"item_purchase_floors":[14,30,39],"current_hp_per_floor":[80,80,80,80,80,80,75,54,54,54,54,54,54,54,54,50,80,77,75,75,75,76,76,52,36,36,36,31,18,18,17,41,27,80,80,80,80,80,80,43,40,40,40,70,70,70,70,70,70,17],"gold":282,"neow_bonus":"CURSED_BOSS_RELIC","is_daily":false,"chose_seed":false,"campfire_upgraded":8,"win_rate":0.0,"timestamp":1613124658,"path_taken":["M","?","M","?","?","R","M","E","T","R","?","R","M","$","R","BOSS","M","M","?","?","M","R","E","?","T","?","E","M","$","M","R","BOSS","M","?","M","M","$","E","M","?","T","?","R","M","R","?","R","BOSS"],"items_purchased_type":["Card","Relic","Card"],"build_version":"2020-12-22","purchased_purges":3,"victory":true,"max_hp_per_floor":[80,80,80,80,80,80,80,80,80,80,80,80,80,80,80,80,80,80,80,80,80,80,80,80,80,80,80,80,80,80,80,80,80,80,80,80,80,80,80,80,80,80,80,70,70,70,70,70,70,70],"card_choices":[{"not_picked":["blackbeard:WiseDefense","blackbeard:BlindAttacks"],"picked":"blackbeard:DangerousBlow","floor":0},{"not_picked":["blackbeard:FieryDefense","blackbeard:BeatUp"],"picked":"blackbeard:ChaoticDefense","floor":1},{"not_picked":["blackbeard:Shrapnel","blackbeard:CloakAndCannonball"],"picked":"blackbeard:DoubleCannonball","floor":3},{"not_picked":["blackbeard:TacticalRetreat","blackbeard:Dagger"],"picked":"blackbeard:Spear","floor":5},{"not_picked":["blackbeard:SwordDance","blackbeard:Sharpening"],"picked":"blackbeard:Rum","floor":7},{"not_picked":["blackbeard:TacticalRetreat","blackbeard:CloakAndCannonball"],"picked":"blackbeard:GoldenGuillotine","floor":8},{"not_picked":["blackbeard:VengefulSpirit","blackbeard:CannonballSupply"],"picked":"blackbeard:RemoveScurvy","floor":13},{"not_picked":["blackbeard:Intoxication","blackbeard:Lifeboat"],"picked":"blackbeard:Salvager","floor":16},{"not_picked":["blackbeard:WiseDefense","blackbeard:GhostInTheRum+1"],"picked":"blackbeard:DeadlyArsenal+1","floor":18},{"not_picked":["blackbeard:Sharpening+1","blackbeard:DangerousBlow"],"picked":"blackbeard:Shrapnel","floor":19},{"not_picked":["blackbeard:PirateEarring","blackbeard:GoldenStrike"],"picked":"blackbeard:PiratesWill+1","floor":22},{"not_picked":["blackbeard:AgileStrike","blackbeard:CannonBarrage"],"picked":"blackbeard:InfiniteBarrage+1","floor":24},{"not_picked":["blackbeard:TerrorOfTheSeas","blackbeard:SwordDance"],"picked":"blackbeard:CloakAndCannonball","floor":28},{"not_picked":["blackbeard:RearmingStrike+1","blackbeard:GoldenStrike"],"picked":"blackbeard:TacticalRetreat","floor":29},{"not_picked":["blackbeard:GoldenStrike+1","blackbeard:Provisioning"],"picked":"blackbeard:JollyRoger","floor":31},{"not_picked":["blackbeard:TheDrunkenSailor","blackbeard:UndeadForm"],"picked":"blackbeard:Lifeboat","floor":33},{"not_picked":["Acrobatics+1","Riddle With Holes+1","Heel Hook"],"picked":"Burst","floor":35},{"not_picked":["blackbeard:Toast+1","Sucker Punch","Catalyst"],"picked":"blackbeard:WoodenLeg","floor":37},{"not_picked":["blackbeard:Sword+1","blackbeard:CannonballSupply+1","Quick Slash+1"],"picked":"Blade Dance+1","floor":38},{"not_picked":["Dagger Spray+1","blackbeard:PiratesWill+1","blackbeard:GoldenDefense+1"],"picked":"blackbeard:MegaUpgrade","floor":40},{"not_picked":["blackbeard:PowderKeg+1","blackbeard:BountyHunter","Blade Dance+1"],"picked":"Distraction","floor":41},{"not_picked":["blackbeard:DangerousBlow","blackbeard:PowderKeg","Predator+1"],"picked":"blackbeard:Revenge","floor":46}],"player_experience":330903,"relics_obtained":[{"floor":8,"key":"reliquary:TridentHead"},{"floor":9,"key":"Quantum Egg"},{"floor":20,"key":"reliquary:SilkGlove"},{"floor":24,"key":"reliquary:PartyBalloon"},{"floor":26,"key":"Mummified Hand"},{"floor":28,"key":"reliquary:PrincelyHelmet"},{"floor":40,"key":"blackbeard:HipFlask"},{"floor":43,"key":"Centennial Puzzle"}],"event_choices":[{"damage_healed":0,"gold_gain":275,"player_choice":"Desecrate","damage_taken":0,"max_hp_gain":0,"max_hp_loss":0,"event_name":"Golden Shrine","floor":4,"gold_loss":0,"cards_obtained":["Regret"]},{"cards_removed":["Regret","Hallucinations","Injury"],"damage_healed":0,"gold_gain":0,"player_choice":"Removed Curses","damage_taken":0,"max_hp_gain":0,"max_hp_loss":0,"event_name":"Fountain of Cleansing","floor":11,"gold_loss":0},{"damage_healed":0,"gold_gain":0,"player_choice":"Leave","damage_taken":0,"max_hp_gain":0,"max_hp_loss":0,"event_name":"conspire:Investor","floor":21,"gold_loss":0},{"damage_healed":0,"gold_gain":0,"player_choice":"Smashed Altar","damage_taken":0,"max_hp_gain":0,"max_hp_loss":0,"event_name":"Forgotten Altar","floor":27,"gold_loss":0,"cards_obtained":["Decay"]},{"damage_healed":70,"gold_gain":0,"player_choice":"Heal","damage_taken":0,"max_hp_gain":0,"max_hp_loss":10,"event_name":"The Moai Head","floor":44,"gold_loss":0}],"is_beta":false,"boss_relics":[{"not_picked":["reliquary:RedPaperclip","conspire:SlowCooker"],"picked":"energizedSpire:MagnifyingGlass"},{"not_picked":["Runic Pyramid","blackbeard:SoberMinded"],"picked":"aspiration:SilentSkillbook"}],"items_purged_floors":[14,30,39],"is_endless":false,"potions_floor_spawned":[1,8,13,16,18,24,31,35,40],"ascension_level":0}}