{"host":"4sjc9knhmz5f3ff5","time":1613126510,"event":{"mods":["BaseMod","Minty Spire (QoL Compilation)","Reliquary","Replay The Spire","StSLib"],"gold_per_floor":[115,127,18,37,35,35,35,46,128,128,128,144,158,174,190,203,203,203,203],"floor_reached":18,"language":"ENG","playtime":1491,"items_purged":["Strike_B","CommonCold"],"score":108,"play_id":"ffb5f264-6fcc-4f73-a3f1-0bea7dd9eef8","local_time":"20210212184150","is_ascension_mode":false,"campfire_choices":[{"data":"Hyperbeam","floor":6,"key":"SMITH"},{"data":"Genetic Algorithm","floor":17,"key":"SMITH"}],"circlet_count":0,"master_deck":["Strike_B","Strike_B","Strike_B","Defend_B","Defend_B","Defend_B","Defend_B","Zap","Dualcast","Hyperbeam+1","BasicCrystalCard+1","ReplayTheSpireMod:Calculation Training","Self Repair","Scrape+1","Panic Button","Genetic Algorithm+1","ReplayTheSpireMod:Repulse"],"relics":["Cracked Core","ReplayTheSpireMod:CursedCoin","HornCleat"],"acts_visited":["Exordium"],"potions_floor_usage":[18,18,18],"damage_taken":[{"damage":8,"enemies":"Jaw Worm","floor":1,"turns":3},{"damage":1,"enemies":"Cultist","floor":2,"turns":3},{"damage":0,"enemies":"Small Slimes","floor":4,"turns":2},{"damage":2,"enemies":"2 Fungi Beasts","floor":8,"turns":2},{"damage":5,"enemies":"Exordium Thugs","floor":12,"turns":3},{"damage":5,"enemies":"Looter","floor":13,"turns":2},{"damage":0,"enemies":"Lots of Slimes","floor":14,"turns":1},{"damage":0,"enemies":"2 Fungi Beasts","floor":15,"turns":4},{"damage":11,"enemies":"Blue Slaver","floor":16,"turns":4},{"damage":82,"enemies":"Fading Forest","floor":18,"turns":10}],"seed_played":"5518827263316508077","potions_obtained":[{"floor":1,"key":"GamblersBrew"},{"floor":2,"key":"Venom Potion"},{"floor":8,"key":"Energy Potion"},{"floor":14,"key":"Weak Potion"}],"is_trial":false,"path_per_floor":["M","M","$","M","$","R","?","M","T","PTL","PTL","M","M","M","M","M","R","B"],"character_chosen":"DEFECT","items_purchased":["Self Repair","ReplayTheSpireMod:CursedCoin","Scrape+1"],"campfire_rested":0,"item_purchase_floors":[3,5,5],"current_hp_per_floor":[67,66,66,73,73,73,73,71,71,71,71,73,75,75,75,71,71,0,0],"gold":203,"neow_bonus":"ONE_RANDOM_RARE_CARD","is_daily":false,"chose_seed":false,"campfire_upgraded":2,"win_rate":0.0,"timestamp":1613126510,"path_taken":["M","M","$","M","$","R","?","M","T","PTL","PTL","M","M","M","M","?","R","BOSS"],"items_purchased_type":["Card","Relic","Card"],"build_version":"2020-12-22","purchased_purges":2,"victory":false,"max_hp_per_floor":[75,75,75,75,75,75,75,75,75,75,75,75,75,75,75,75,75,75,75],"card_choices":[{"not_picked":["ReplayTheSpireMod:GoodbyeWorld","Compile Driver"],"picked":"BasicCrystalCard","floor":1},{"not_picked":["Rebound","Go for the Eyes"],"picked":"ReplayTheSpireMod:Calculation Training","floor":2},{"not_picked":["Steam Power","Double Energy","Compile Driver"],"picked":"SKIP","floor":4},{"not_picked":["Glacier","Compile Driver","Redo"],"picked":"SKIP","floor":8},{"not_picked":["Lockon","Barrage"],"picked":"Panic Button","floor":12},{"not_picked":["Rebound","Hologram"],"picked":"Genetic Algorithm","floor":13},{"not_picked":["Blizzard","Stack"],"picked":"ReplayTheSpireMod:Repulse","floor":14},{"not_picked":["Cold Snap","BasicCrystalCard","Compile Driver"],"picked":"SKIP","floor":15},{"not_picked":["Defragment","Rip and Tear","Double Energy"],"picked":"SKIP","floor":16}],"player_experience":201611,"relics_obtained":[{"floor":9,"key":"HornCleat"}],"event_choices":[{"damage_healed":0,"gold_gain":0,"player_choice":"Upgraded","damage_taken":0,"max_hp_gain":0,"max_hp_loss":0,"event_name":"Upgrade Shrine","floor":7,"gold_loss":0,"cards_upgraded":["BasicCrystalCard"]}],"is_beta":false,"boss_relics":[],"items_purged_floors":[3,5],"is_endless":false,"potions_floor_spawned":[1,2,8,14],"killed_by":"Fading Forest","ascension_level":0}}