{"host":"7nm1ow5v9mg4ehcw","time":1613141311,"event":{"mods":["BaseMod","Minty Spire (QoL Compilation)","Relic Stats","StSLib"],"gold_per_floor":[209,14,24,124,16,42,42,42,69,128,159,23,23,34,34,110,110,120,155,175,175,189,189,189,189],"floor_reached":24,"language":"ENG","playtime":1608,"items_purged":[],"score":333,"play_id":"cc13f284-c1f4-417f-a13e-182504cb7372","local_time":"20210212154831","is_ascension_mode":true,"campfire_choices":[{"floor":8,"key":"REST"},{"data":"Dualcast","floor":13,"key":"SMITH"},{"data":"Genetic Algorithm","floor":15,"key":"SMITH"},{"floor":23,"key":"REST"}],"circlet_count":0,"master_deck":["AscendersBane","Strike_B+1","Strike_B+1","Strike_B+1","Strike_B+1","Defend_B+1","Defend_B+1","Defend_B+1","Defend_B+1","Zap","Dualcast+1","Cold Snap","Genetic Algorithm+1","Core Surge","Doom and Gloom","Auto Shields","Hologram","Loop","BootSequence+1","Creative AI+1","Conserve Battery","Go for the Eyes","Force Field","Capacitor","Electrodynamics","Undo","Self Repair"],"relics":["Cracked Core","Orrery","Strawberry","Toy Ornithopter","Sundial","Centennial Puzzle","Nuclear Battery","Red Mask"],"acts_visited":["Exordium","TheCity"],"potions_floor_usage":[6,11,19,19],"damage_taken":[{"damage":7,"enemies":"Jaw Worm","floor":1,"turns":3},{"damage":0,"enemies":"Cultist","floor":3,"turns":3},{"damage":11,"enemies":"Lagavulin","floor":6,"turns":5},{"damage":26,"enemies":"3 Sentries","floor":10,"turns":8},{"damage":9,"enemies":"3 Sentries","floor":11,"turns":4},{"damage":0,"enemies":"2 Louse","floor":14,"turns":3},{"damage":6,"enemies":"Hexaghost","floor":16,"turns":13},{"damage":16,"enemies":"Spheric Guardian","floor":18,"turns":7},{"damage":17,"enemies":"Masked Bandits","floor":19,"turns":5},{"damage":12,"enemies":"Chosen","floor":20,"turns":5},{"damage":2,"enemies":"Centurion and Healer","floor":22,"turns":8},{"damage":57,"enemies":"Book of Stabbing","floor":24,"turns":9}],"seed_played":"-1467802968863517651","potions_obtained":[{"floor":6,"key":"EssenceOfSteel"},{"floor":14,"key":"Weak Potion"},{"floor":16,"key":"Energy Potion"},{"floor":20,"key":"Swift Potion"}],"is_trial":false,"path_per_floor":["M","$","M","?","$","E","?","R","T","?","E","$","R","M","R","B",null,"M","?","M","?","M","R","E"],"character_chosen":"DEFECT","items_purchased":["Orrery","ColorlessPotion","Loop","BootSequence","Force Field","Capacitor"],"campfire_rested":2,"item_purchase_floors":[2,2,5,5,12,12],"current_hp_per_floor":[61,61,61,61,61,57,41,65,65,39,35,35,35,35,35,29,69,53,46,34,34,32,56,0,0],"gold":189,"neow_bonus":"HUNDRED_GOLD","is_daily":false,"chose_seed":false,"campfire_upgraded":2,"win_rate":0.0,"timestamp":1613141311,"path_taken":["M","$","M","?","?","E","?","R","T","?","E","$","R","M","R","BOSS","M","?","M","?","?","R","E"],"items_purchased_type":["Relic","Potion","Card","Card","Card","Card"],"build_version":"2020-12-22","purchased_purges":0,"victory":false,"max_hp_per_floor":[75,75,75,75,75,82,82,82,82,82,82,82,82,82,82,82,82,82,82,82,82,82,82,82,82],"relic_stats":{"Centennial Puzzle":[18],"counters":[12,72],"Sundial":[6],"obtain_stats":[{"Centennial Puzzle":11,"Sundial":10,"Strawberry":6,"Orrery":2,"Red Mask":19,"Cracked Core":0,"Toy Ornithopter":9,"Nuclear Battery":17},{"Centennial Puzzle":5,"Sundial":4,"Strawberry":3,"Orrery":1,"Red Mask":9,"Cracked Core":0,"Toy Ornithopter":3,"Nuclear Battery":7},{"Centennial Puzzle":22,"Sundial":18,"Strawberry":11,"Orrery":3,"Red Mask":50,"Cracked Core":0,"Toy Ornithopter":11,"Nuclear Battery":38}],"Toy Ornithopter":15},"card_choices":[{"not_picked":["Hologram","Go for the Eyes"],"picked":"Cold Snap","floor":1},{"not_picked":["Doom and Gloom","Turbo"],"picked":"Genetic Algorithm","floor":2},{"not_picked":["Gash","Go for the Eyes"],"picked":"Core Surge","floor":2},{"not_picked":["Stack","Core Surge"],"picked":"Doom and Gloom","floor":2},{"not_picked":["Barrage","Coolheaded"],"picked":"Auto Shields","floor":2},{"not_picked":["Stack","Fusion"],"picked":"Hologram","floor":3},{"not_picked":["Redo","Lockon"],"picked":"Creative AI","floor":6},{"not_picked":["Steam","Redo"],"picked":"Conserve Battery","floor":10},{"not_picked":["Genetic Algorithm","Lockon"],"picked":"Go for the Eyes","floor":11},{"not_picked":["Double Energy","Stack","Go for the Eyes"],"picked":"SKIP","floor":14},{"not_picked":["Rainbow","Core Surge"],"picked":"Electrodynamics","floor":16},{"not_picked":["Turbo","Hologram"],"picked":"Undo","floor":18},{"not_picked":["Beam Cell","Darkness","Barrage"],"picked":"SKIP","floor":20},{"not_picked":["Hologram","Double Energy"],"picked":"Self Repair","floor":22}],"player_experience":396141,"relics_obtained":[{"floor":6,"key":"Strawberry"},{"floor":9,"key":"Toy Ornithopter"},{"floor":10,"key":"Sundial"},{"floor":11,"key":"Centennial Puzzle"},{"floor":19,"key":"Red Mask"}],"event_choices":[{"damage_healed":0,"gold_gain":100,"player_choice":"Pray","damage_taken":0,"max_hp_gain":0,"max_hp_loss":0,"event_name":"Golden Shrine","floor":4,"gold_loss":0},{"damage_healed":0,"gold_gain":0,"player_choice":"Entered Light","damage_taken":16,"max_hp_gain":0,"max_hp_loss":0,"event_name":"Shining Light","floor":7,"gold_loss":0,"cards_upgraded":["Creative AI","BootSequence"]},{"damage_healed":0,"gold_gain":0,"player_choice":"Searched \u00271\u0027 times","damage_taken":0,"max_hp_gain":0,"max_hp_loss":0,"event_name":"Dead Adventurer","floor":10,"gold_loss":0},{"damage_healed":0,"gold_gain":0,"player_choice":"Fought Bandits","damage_taken":0,"max_hp_gain":0,"max_hp_loss":0,"event_name":"Masked Bandits","floor":19,"gold_loss":0},{"damage_healed":0,"gold_gain":0,"player_choice":"Simplicity","damage_taken":0,"max_hp_gain":0,"max_hp_loss":0,"event_name":"Back to Basics","floor":21,"gold_loss":0,"cards_upgraded":["Strike_B","Strike_B","Strike_B","Strike_B","Defend_B","Defend_B","Defend_B","Defend_B"]}],"is_beta":false,"boss_relics":[{"not_picked":["Runic Dome","Sozu"],"picked":"Nuclear Battery"}],"items_purged_floors":[],"is_endless":false,"potions_floor_spawned":[6,14,16,20],"killed_by":"Book of Stabbing","ascension_level":13}}