{"host":"5n1fl7z5i1vf7jan","time":1613102835,"event":{"mods":["BaseMod","Minty Spire (QoL Compilation)","Quick Restart","Relic Stats"],"gold_per_floor":[211,225,242,62,62,62,62,72,99,99,127,127,155,169,169,245,245,262,262,272,57,57,84,84,102,102,102,21,47,47,64,64,64,64],"floor_reached":33,"language":"ENG","playtime":1306,"items_purged":["Strike_R"],"score":596,"play_id":"c6ff27c5-f4c7-4f7d-b8cd-fb7575e5ba02","local_time":"20210211200715","is_ascension_mode":true,"campfire_choices":[{"data":"Bash","floor":6.0,"key":"SMITH"},{"data":"Sword Boomerang","floor":12.0,"key":"SMITH"},{"data":"Pummel","floor":15.0,"key":"SMITH"},{"data":"Corruption","floor":24.0,"key":"SMITH"},{"floor":27.0,"key":"REST"},{"floor":32,"key":"REST"}],"circlet_count":0,"master_deck":["AscendersBane","Defend_R","Defend_R","Defend_R","Defend_R","Bash+1","Rampage","Burning Pact","Spot Weakness","Shrug It Off","Pummel+1","Limit Break","Heavy Blade","Sword Boomerang+1","Rupture","Corruption+1","Feel No Pain","Bite","Bite","Bite","Bite","Bite","Cleave+1","J.A.X.","Juggernaut","Shrug It Off","Combust"],"relics":["Burning Blood","Bag of Marbles","Juzu Bracelet","Cursed Key","Strange Spoon","Mango","Darkstone Periapt"],"acts_visited":["Exordium","TheCity"],"potions_floor_usage":[31],"damage_taken":[{"damage":2.0,"enemies":"Cultist","floor":1.0,"turns":4.0},{"damage":7.0,"enemies":"Small Slimes","floor":2.0,"turns":3.0},{"damage":9.0,"enemies":"2 Louse","floor":3.0,"turns":4.0},{"damage":5.0,"enemies":"Red Slaver","floor":8.0,"turns":3.0},{"damage":17.0,"enemies":"Lagavulin","floor":11.0,"turns":5.0},{"damage":17.0,"enemies":"3 Sentries","floor":13.0,"turns":5.0},{"damage":14.0,"enemies":"3 Louse","floor":14.0,"turns":3.0},{"damage":38.0,"enemies":"The Guardian","floor":16.0,"turns":7.0},{"damage":13.0,"enemies":"Chosen","floor":18.0,"turns":4.0},{"damage":12.0,"enemies":"2 Thieves","floor":20.0,"turns":3.0},{"damage":34.0,"enemies":"Gremlin Leader","floor":23.0,"turns":7.0},{"damage":29.0,"enemies":"Shelled Parasite and Fungi","floor":25.0,"turns":2.0},{"damage":67.0,"enemies":"Slavers","floor":29.0,"turns":6.0},{"damage":3,"enemies":"Snake Plant","floor":31,"turns":2},{"damage":99,"enemies":"Automaton","floor":33,"turns":6}],"seed_played":"-114847261321941305","potions_obtained":[{"floor":1.0,"key":"GamblersBrew"},{"floor":3.0,"key":"PowerPotion"},{"floor":10.0,"key":"AttackPotion"},{"floor":11.0,"key":"PowerPotion"},{"floor":16.0,"key":"SkillPotion"},{"floor":20.0,"key":"BloodPotion"},{"floor":29.0,"key":"SteroidPotion"}],"is_trial":false,"path_per_floor":["M","M","M","$","?","R","?","M","T","?","E","R","E","M","R","B",null,"M","?","M","$","?","E","R","M","T","R","$","E","?","M","R","B"],"character_chosen":"IRONCLAD","items_purchased":["Shrug It Off","Pummel","Strange Spoon","FearPotion","Juggernaut"],"campfire_rested":2,"item_purchase_floors":[4,4,21,21,28],"current_hp_per_floor":[72,71,68,68,68,68,68,69,69,69,60,60,51,45,45,15,60,55,55,51,51,51,66,66,43,43,69,69,18,18,25,51,0,0],"gold":64,"neow_bonus":"HUNDRED_GOLD","is_daily":false,"chose_seed":false,"campfire_upgraded":4,"win_rate":0.0,"timestamp":1613102835,"path_taken":["M","?","M","$","?","R","?","?","T","?","E","R","E","M","R","BOSS","M","?","M","$","?","E","R","M","T","R","$","E","?","M","R","BOSS"],"items_purchased_type":["Card","Card","Relic","Potion","Card"],"build_version":"2020-12-22","purchased_purges":1,"victory":false,"max_hp_per_floor":[75,75,75,75,75,75,75,75,75,75,75,75,75,75,75,75,75,75,75,75,75,75,89,89,89,89,89,89,89,89,89,89,89,89],"relic_stats":{"Darkstone Periapt":0,"Strange Spoon":[2],"counters":[15,64],"Juzu Bracelet":0,"Cursed Key":0,"obtain_stats":[{"Blood Vial":9,"Darkstone Periapt":29,"Strange Spoon":21,"Mango":23,"Bag of Marbles":11,"Juzu Bracelet":13,"Cursed Key":17,"Burning Blood":0},{"Blood Vial":4,"Darkstone Periapt":13,"Strange Spoon":10,"Mango":11,"Bag of Marbles":5,"Juzu Bracelet":6,"Cursed Key":8,"Burning Blood":0},{"Blood Vial":14,"Darkstone Periapt":56,"Strange Spoon":41,"Mango":48,"Bag of Marbles":19,"Juzu Bracelet":24,"Cursed Key":34,"Burning Blood":0}],"Burning Blood":84},"card_choices":[{"not_picked":["Armaments","Warcry"],"picked":"Rampage","floor":1.0},{"not_picked":["Clash","Havoc"],"picked":"Burning Pact","floor":2.0},{"not_picked":["Burning Pact","Perfected Strike"],"picked":"Spot Weakness","floor":3.0},{"not_picked":["Twin Strike","Dropkick","Headbutt"],"picked":"SKIP","floor":8.0},{"not_picked":["Flex","Feel No Pain"],"picked":"Sword Boomerang","floor":11.0},{"not_picked":["Berserk","Wild Strike"],"picked":"Rupture","floor":13.0},{"not_picked":["Entrench","Thunderclap","Sword Boomerang"],"picked":"SKIP","floor":14.0},{"not_picked":["Berserk","Juggernaut"],"picked":"Corruption","floor":16.0},{"not_picked":["Carnage","Shrug It Off"],"picked":"Feel No Pain","floor":18.0},{"not_picked":["Burning Pact","Pummel"],"picked":"Cleave+1","floor":20.0},{"not_picked":["Sword Boomerang","Clash+1","Corruption"],"picked":"SKIP","floor":23.0},{"not_picked":["Wild Strike+1","Clash","Sentinel"],"picked":"SKIP","floor":25.0},{"not_picked":["Pommel Strike","Body Slam"],"picked":"Shrug It Off","floor":29.0},{"not_picked":["Headbutt","Anger"],"picked":"Combust","floor":31}],"player_experience":342231,"relics_obtained":[{"floor":9.0,"key":"Blood Vial"},{"floor":11.0,"key":"Bag of Marbles"},{"floor":13.0,"key":"Juzu Bracelet"},{"floor":23.0,"key":"Mango"},{"floor":29.0,"key":"Darkstone Periapt"}],"event_choices":[{"damage_healed":0.0,"max_hp_gain":0.0,"max_hp_loss":0.0,"gold_gain":0.0,"event_name":"The Cleric","player_choice":"Leave","floor":5.0,"gold_loss":0.0,"damage_taken":0.0},{"damage_healed":0.0,"max_hp_gain":0.0,"max_hp_loss":0.0,"gold_gain":0.0,"event_name":"Match and Keep!","player_choice":"2 cards matched","floor":7.0,"gold_loss":0.0,"damage_taken":0.0,"cards_obtained":["Limit Break","Heavy Blade"]},{"damage_healed":0.0,"max_hp_gain":0.0,"max_hp_loss":0.0,"gold_gain":0.0,"event_name":"Lab","player_choice":"Got Potions","floor":10.0,"gold_loss":0.0,"damage_taken":0.0},{"damage_healed":0.0,"max_hp_gain":0.0,"max_hp_loss":0.0,"gold_gain":0.0,"event_name":"Vampires","player_choice":"Became a vampire (Vial)","floor":19.0,"relics_lost":["Blood Vial"],"gold_loss":0.0,"damage_taken":0.0,"cards_obtained":["Bite","Bite","Bite","Bite","Bite"]},{"damage_healed":0.0,"max_hp_gain":0.0,"max_hp_loss":0.0,"gold_gain":0.0,"event_name":"Drug Dealer","player_choice":"Obtain J.A.X.","floor":22.0,"gold_loss":0.0,"damage_taken":0.0,"cards_obtained":["J.A.X."]}],"is_beta":false,"boss_relics":[{"not_picked":["Black Blood","Mark of Pain"],"picked":"Cursed Key"}],"items_purged_floors":[4],"is_endless":false,"potions_floor_spawned":[1,3,11,16,20,29],"killed_by":"Automaton","ascension_level":19}}