{"host":"Alvar","time":1613130989,"event":{"mods":["AchievementEnabler","BaseMod","Minty Spire (QoL Compilation)","StSLib","The Animator"],"gold_per_floor":[118,136,211,121,134,165,165,16,16,16,35,135,170,182,182,277,277,277,277],"floor_reached":18,"language":"ENG","playtime":957,"items_purged":[],"score":187,"play_id":"028af506-4b50-4f62-a00b-160de81e56b0","local_time":"20210212185629","is_ascension_mode":true,"campfire_choices":[{"data":"animator:Nanami","floor":7.0,"key":"SMITH"},{"data":"animator:Shizu","floor":15.0,"key":"SMITH"}],"circlet_count":0,"master_deck":["animator:Strike_TenSura","animator:Defend_TenSura","animator:Benimaru","animator:Shuna","animator:Emonzaemon","animator:Strike_Katanagatari","animator:Strike_AccelWorld","animator:Strike_GATE","animator:Defend_Elsword","animator:Defend_OnePunchMan","animator:Defend_HitsugiNoChaika","animator:Nanami+1","animator:UneriGinkaku","animator:Shizu+1","animator:ElricEdward","animator:TsurugaMeisai","animator:Biyorigo"],"relics":["animator:LivingPicture","animator:TheMissingPiece","Regal Pillow","Darkstone Periapt","Bird Faced Urn","animator:HolyGrailRelic"],"acts_visited":["Exordium","TheCity"],"potions_floor_usage":[],"damage_taken":[{"damage":0.0,"enemies":"Jaw Worm","floor":1.0,"turns":4.0},{"damage":0.0,"enemies":"2 Louse","floor":2.0,"turns":3.0},{"damage":1.0,"enemies":"Cultist","floor":5.0,"turns":4.0},{"damage":10.0,"enemies":"Lagavulin","floor":6.0,"turns":5.0},{"damage":0.0,"enemies":"2 Fungi Beasts","floor":11.0,"turns":4.0},{"damage":16.0,"enemies":"3 Sentries","floor":13.0,"turns":7.0},{"damage":0.0,"enemies":"Blue Slaver","floor":14.0,"turns":3.0},{"damage":18.0,"enemies":"Hexaghost","floor":16.0,"turns":8.0},{"damage":0,"enemies":"2 Thieves","floor":18,"turns":1}],"seed_played":"-7936371780100000012","potions_obtained":[{"floor":2.0,"key":"LiquidBronze"},{"floor":13.0,"key":"PowerPotion"},{"floor":14.0,"key":"Swift Potion"}],"is_trial":false,"path_per_floor":["M","M","?","?","M","E","R","$","T","?","M","?","E","M","R","B",null,"M"],"character_chosen":"THE_ANIMATOR","items_purchased":["animator:Shizu"],"campfire_rested":0,"item_purchase_floors":[8],"current_hp_per_floor":[72,72,61,61,60,50,50,50,50,50,50,50,34,34,34,18,80,80,80],"gold":277,"neow_bonus":"TEN_PERCENT_HP_BONUS","is_daily":false,"chose_seed":false,"campfire_upgraded":2,"win_rate":0.0,"timestamp":1613130989,"path_taken":["M","M","?","?","M","E","R","$","T","?","M","?","E","M","R","BOSS","M"],"items_purchased_type":["Card"],"build_version":"2020-12-18","purchased_purges":0,"victory":false,"max_hp_per_floor":[72,72,72,72,72,72,72,72,72,72,72,72,72,72,72,72,80,80,80],"card_choices":[{"not_picked":["animator:Shuna","animator:ZankiKiguchi","animator:LizardPriest"],"picked":"SKIP","floor":1.0},{"not_picked":["animator:HighElfArcher","animator:Spearman"],"picked":"animator:Emonzaemon","floor":2.0},{"not_picked":["animator:Sloth","animator:RoyMustang"],"picked":"animator:Nanami","floor":5.0},{"not_picked":["animator:Shichika","animator:Azekura"],"picked":"animator:UneriGinkaku","floor":6.0},{"not_picked":["animator:Assassin","animator:RoyMustang"],"picked":"animator:ElricEdward","floor":11.0},{"not_picked":["animator:Ain","animator:Ciel","animator:Shuna"],"picked":"SKIP","floor":13.0},{"not_picked":["animator:Emonzaemon","animator:Hitei"],"picked":"animator:TsurugaMeisai","floor":14.0},{"not_picked":["animator:Elesis","animator:Envy"],"picked":"animator:Biyorigo","floor":16.0}],"player_experience":827538,"relics_obtained":[{"floor":6.0,"key":"Regal Pillow"},{"floor":9.0,"key":"Darkstone Periapt"},{"floor":13.0,"key":"Bird Faced Urn"}],"event_choices":[{"damage_healed":0.0,"max_hp_gain":0.0,"max_hp_loss":0.0,"gold_gain":75.0,"event_name":"World of Goop","player_choice":"Gather Gold","floor":3.0,"gold_loss":0.0,"damage_taken":11.0},{"damage_healed":0.0,"max_hp_gain":0.0,"max_hp_loss":0.0,"gold_gain":0.0,"event_name":"Liars Game","player_choice":"Ignored","floor":10.0,"gold_loss":0.0,"damage_taken":0.0},{"damage_healed":0.0,"max_hp_gain":0.0,"max_hp_loss":0.0,"gold_gain":100.0,"event_name":"Golden Shrine","player_choice":"Pray","floor":12.0,"gold_loss":0.0,"damage_taken":0.0}],"is_beta":true,"boss_relics":[{"not_picked":["Astrolabe","Calling Bell"],"picked":"animator:HolyGrailRelic"}],"items_purged_floors":[],"is_endless":false,"potions_floor_spawned":[2,13,14,16],"killed_by":"2 Thieves","ascension_level":2}}