{"host":"rolltorest","time":1613088332,"event":{"mods":["BaseMod","Minty Spire (QoL Compilation)","Relic Stats","Slay the Relics Exporter","StSLib"],"gold_per_floor":[119,119,194,119,131,131,162,162,212,537,537,567,27,39,39,113,113,123,123,136,26,26,53,69,69,115,147,163,163,177,205,205,282,282,300,88,68,18,37,65,77,111,111,111,111,140,156,167,167,167,167,167,167,2,33,33,33],"floor_reached":56,"language":"ENG","playtime":2459,"items_purged":["Strike_P","Strike_P","Defend_P"],"score":2422,"play_id":"add58e8a-05da-4dcc-8afc-f6a5f21d4734","local_time":"20210211160532","is_ascension_mode":true,"campfire_choices":[{"data":"WheelKick","floor":6,"key":"SMITH"},{"data":"Conclude","floor":8,"key":"SMITH"},{"data":"ThirdEye","floor":11,"key":"SMITH"},{"data":"Blasphemy","floor":15,"key":"SMITH"},{"data":"Fasting2","floor":25,"key":"SMITH"},{"data":"Fasting2","floor":29,"key":"SMITH"},{"data":"Scrawl","floor":32,"key":"SMITH"},{"data":"MentalFortress","floor":44,"key":"SMITH"},{"floor":49,"key":"RECALL"},{"data":"SpiritShield","floor":53,"key":"SMITH"}],"circlet_count":0,"master_deck":["AscendersBane","Defend_P","Defend_P+1","Defend_P","Eruption+1","Vigilance","BowlingBash+1","WheelKick+1","Conclude+1","ThirdEye+1","Blasphemy+1","Weave","Fasting2+1","Consecrate","Halt","Scrawl+1","SandsOfTime","FlurryOfBlows","EmptyFist","DevaForm","Fasting2+1","CutThroughFate","Wallop","ConjureBlade","Nirvana+1","MentalFortress+1","MentalFortress+1","Sanctity+1","SpiritShield+1","MentalFortress","WaveOfTheHand","MentalFortress+1"],"relics":["HolyWater","NeowsBlessing","Anchor","Bag of Preparation","Old Coin","Lantern","Eternal Feather","Nilry\u0027s Codex","Meat on the Bone","Smiling Mask","Bronze Scales","Strawberry","SlaversCollar","ClockworkSouvenir","TungstenRod","Ancient Tea Set","Sundial","War Paint","OrangePellets","Boot"],"acts_visited":["Exordium","TheCity","TheBeyond","TheEnding"],"potions_floor_usage":[10,40,40,48,51,56],"damage_taken":[{"damage":0,"enemies":"Small Slimes","floor":1,"turns":1},{"damage":0,"enemies":"Jaw Worm","floor":5,"turns":1},{"damage":0,"enemies":"Gremlin Nob","floor":7,"turns":1},{"damage":0,"enemies":"Lagavulin","floor":10,"turns":3},{"damage":1,"enemies":"3 Sentries","floor":12,"turns":2},{"damage":0,"enemies":"Cultist","floor":14,"turns":1},{"damage":30,"enemies":"The Guardian","floor":16,"turns":10},{"damage":0,"enemies":"Chosen","floor":18,"turns":1},{"damage":0,"enemies":"2 Thieves","floor":20,"turns":1},{"damage":0,"enemies":"Gremlin Leader","floor":23,"turns":2},{"damage":0,"enemies":"Chosen and Byrds","floor":24,"turns":1},{"damage":0,"enemies":"Book of Stabbing","floor":27,"turns":2},{"damage":0,"enemies":"Snake Plant","floor":28,"turns":1},{"damage":0,"enemies":"Cultist and Chosen","floor":30,"turns":3},{"damage":0,"enemies":"Gremlin Leader","floor":31,"turns":2},{"damage":2,"enemies":"Champ","floor":33,"turns":9},{"damage":0,"enemies":"3 Shapes","floor":35,"turns":4},{"damage":0,"enemies":"3 Darklings","floor":39,"turns":2},{"damage":0,"enemies":"Reptomancer","floor":40,"turns":2},{"damage":0,"enemies":"Sphere and 2 Shapes","floor":41,"turns":3},{"damage":0,"enemies":"Giant Head","floor":42,"turns":4},{"damage":70,"enemies":"Nemesis","floor":46,"turns":7},{"damage":6,"enemies":"4 Shapes","floor":47,"turns":4},{"damage":17,"enemies":"Transient","floor":48,"turns":6},{"damage":14,"enemies":"Time Eater","floor":50,"turns":12},{"damage":31,"enemies":"Donu and Deca","floor":51,"turns":14},{"damage":33,"enemies":"Shield and Spear","floor":55,"turns":6},{"damage":44,"enemies":"The Heart","floor":56,"turns":5}],"seed_played":"3045574826366327150","potions_obtained":[{"floor":1,"key":"GamblersBrew"},{"floor":5,"key":"BottledMiracle"},{"floor":12,"key":"Explosive Potion"},{"floor":16,"key":"AttackPotion"},{"floor":30,"key":"Fire Potion"},{"floor":37,"key":"LiquidMemories"},{"floor":40,"key":"Dexterity Potion"},{"floor":46,"key":"PowerPotion"},{"floor":48,"key":"BlessingOfTheForge"}],"is_trial":false,"path_per_floor":["M","?","?","?","M","R","E","R","T","E","R","E","$","M","R","B",null,"M","?","M","?","$","E","M","R","T","E","M","R","M","E","R","B",null,"M","$","?","$","M","E","M","E","T","R","?","E","M","M","R","B","B",null,"R","$","E","B"],"character_chosen":"WATCHER","items_purchased":["Eternal Feather","Weave","Fasting2","Consecrate","ClockworkSouvenir","OrangePellets"],"campfire_rested":0,"item_purchase_floors":[13,13,13,13,36,54],"current_hp_per_floor":[61,61,50,50,50,50,50,50,50,50,50,49,49,49,58,28,58,58,37,37,37,37,37,37,49,49,49,49,61,61,68,75,73,75,75,75,75,75,75,75,75,75,75,75,75,17,23,18,36,34,15,60,75,75,42,0,0],"gold":33,"neow_bonus":"THREE_ENEMY_KILL","is_daily":false,"chose_seed":false,"campfire_upgraded":9,"win_rate":0.0,"timestamp":1613088332,"path_taken":["M","?","?","?","?","R","E","R","T","E","R","E","$","M","R","BOSS","M","?","M","?","$","E","M","R","T","E","M","R","?","E","R","BOSS","M","$","?","?","M","E","M","E","T","R","?","E","?","M","R","BOSS","BOSS","R","$","E","BOSS"],"items_purchased_type":["Relic","Card","Card","Card","Relic","Relic"],"build_version":"2020-12-18","purchased_purges":3,"victory":false,"max_hp_per_floor":[68,68,68,68,68,68,68,68,68,68,68,68,68,68,68,68,68,68,68,68,68,68,68,68,68,68,68,68,68,68,75,75,75,75,75,75,75,75,75,75,75,75,75,75,75,75,75,75,75,75,75,75,75,75,75,75,75],"relic_stats":{"OrangePellets":[6],"counters":[28,110],"Sundial":[4],"Bronze Scales":[272],"Eternal Feather":73,"Bag of Preparation":[50],"War Paint":["Defend_P","Sanctity"],"Smiling Mask":125,"Boot":[4],"obtain_stats":[{"Lantern":12,"NeowsBlessing":0,"Nilry\u0027s Codex":19,"Eternal Feather":13,"Bag of Preparation":9,"War Paint":46,"Smiling Mask":26,"Ancient Tea Set":42,"Boot":55,"Old Coin":10,"ClockworkSouvenir":36,"SlaversCollar":34,"OrangePellets":54,"Anchor":7,"Sundial":45,"Bronze Scales":27,"Strawberry":31,"HolyWater":17,"PureWater":0,"TungstenRod":40,"Meat on the Bone":23},{"Lantern":5,"NeowsBlessing":0,"Nilry\u0027s Codex":8,"Eternal Feather":5,"Bag of Preparation":3,"War Paint":22,"Smiling Mask":11,"Ancient Tea Set":21,"Boot":27,"Old Coin":4,"ClockworkSouvenir":17,"SlaversCollar":16,"OrangePellets":26,"Anchor":3,"Sundial":21,"Bronze Scales":12,"Strawberry":15,"HolyWater":7,"PureWater":0,"TungstenRod":19,"Meat on the Bone":10},{"Lantern":8,"NeowsBlessing":0,"Nilry\u0027s Codex":20,"Eternal Feather":8,"Bag of Preparation":3,"War Paint":63,"Smiling Mask":24,"Ancient Tea Set":56,"Boot":105,"Old Coin":6,"ClockworkSouvenir":45,"SlaversCollar":41,"OrangePellets":99,"Anchor":3,"Sundial":56,"Bronze Scales":26,"Strawberry":32,"HolyWater":19,"PureWater":0,"TungstenRod":49,"Meat on the Bone":23}],"TungstenRod":39,"Meat on the Bone":60},"card_choices":[{"not_picked":["Perseverance","Sanctity"],"picked":"BowlingBash","floor":1},{"not_picked":["Halt","ClearTheMind"],"picked":"WheelKick","floor":5},{"not_picked":["Evaluate","PathToVictory"],"picked":"Conclude","floor":7},{"not_picked":["Swivel","CrushJoints"],"picked":"ThirdEye","floor":10},{"not_picked":["Halt","SashWhip"],"picked":"Blasphemy","floor":12},{"not_picked":["CrushJoints","EmptyBody"],"picked":"Halt","floor":14},{"not_picked":["Judgement","MasterReality"],"picked":"Scrawl","floor":16},{"not_picked":["BattleHymn","Consecrate"],"picked":"SandsOfTime","floor":18},{"not_picked":["Evaluate","BowlingBash","FollowUp"],"picked":"SKIP","floor":20},{"not_picked":["Crescendo+1","FearNoEvil"],"picked":"FlurryOfBlows","floor":23},{"not_picked":["Evaluate","Conclude"],"picked":"EmptyFist","floor":24},{"not_picked":["Prostrate","Ragnarok"],"picked":"DevaForm","floor":27},{"not_picked":["FlurryOfBlows","BattleHymn"],"picked":"Fasting2","floor":28},{"not_picked":["FlurryOfBlows","Crescendo"],"picked":"CutThroughFate","floor":30},{"not_picked":["CarveReality","ThirdEye"],"picked":"Wallop","floor":31},{"not_picked":["Alpha","DeusExMachina"],"picked":"ConjureBlade","floor":33},{"not_picked":["FlurryOfBlows","Halt","Prostrate"],"picked":"SKIP","floor":35},{"not_picked":["CutThroughFate","SashWhip"],"picked":"Nirvana+1","floor":39},{"not_picked":["FlyingSleeves+1","Perseverance"],"picked":"MentalFortress","floor":40},{"not_picked":["WreathOfFlame","Crescendo+1"],"picked":"MentalFortress+1","floor":41},{"not_picked":["EmptyFist","Consecrate"],"picked":"Sanctity","floor":42},{"not_picked":["Evaluate","FlyingSleeves"],"picked":"SpiritShield","floor":46},{"not_picked":["FlurryOfBlows+1","ClearTheMind"],"picked":"MentalFortress","floor":47},{"not_picked":["Consecrate","BowlingBash"],"picked":"WaveOfTheHand","floor":48},{"not_picked":["LessonLearned","FollowUp"],"picked":"MentalFortress+1","floor":55}],"player_experience":1962496,"relics_obtained":[{"floor":7,"key":"Anchor"},{"floor":9,"key":"Bag of Preparation"},{"floor":10,"key":"Old Coin"},{"floor":12,"key":"Lantern"},{"floor":19,"key":"Nilry\u0027s Codex"},{"floor":23,"key":"Meat on the Bone"},{"floor":26,"key":"Smiling Mask"},{"floor":27,"key":"Bronze Scales"},{"floor":31,"key":"Strawberry"},{"floor":40,"key":"TungstenRod"},{"floor":42,"key":"Ancient Tea Set"},{"floor":45,"key":"Sundial"},{"floor":46,"key":"War Paint"},{"floor":55,"key":"Boot"}],"event_choices":[{"damage_healed":0,"gold_gain":0,"player_choice":"Grow","damage_taken":0,"max_hp_gain":0,"max_hp_loss":0,"event_name":"Living Wall","floor":2,"gold_loss":0,"cards_upgraded":["Eruption"]},{"damage_healed":0,"gold_gain":75,"player_choice":"Gather Gold","damage_taken":11,"max_hp_gain":0,"max_hp_loss":0,"event_name":"World of Goop","floor":3,"gold_loss":0},{"cards_removed":["Strike_P"],"damage_healed":0,"gold_gain":0,"player_choice":"Card Removal","damage_taken":0,"max_hp_gain":0,"max_hp_loss":0,"event_name":"The Cleric","floor":4,"gold_loss":75},{"damage_healed":0,"gold_gain":0,"player_choice":"Obtained Book","damage_taken":21,"max_hp_gain":0,"max_hp_loss":0,"event_name":"Cursed Tome","floor":19,"gold_loss":0},{"cards_removed":["Strike_P"],"damage_healed":0,"gold_gain":0,"player_choice":"Upgrade and Remove","damage_taken":0,"max_hp_gain":0,"max_hp_loss":0,"event_name":"Designer","floor":21,"gold_loss":110,"cards_upgraded":["BowlingBash"]},{"damage_healed":0,"gold_gain":0,"player_choice":"Bought 1 Potion","damage_taken":0,"max_hp_gain":0,"max_hp_loss":0,"event_name":"The Woman in Blue","floor":37,"gold_loss":0},{"damage_healed":0,"gold_gain":0,"player_choice":"Relic","damage_taken":0,"max_hp_gain":0,"max_hp_loss":0,"event_name":"Wheel of Change","floor":45,"gold_loss":0}],"is_beta":true,"boss_relics":[{"not_picked":["Velvet Choker","Runic Pyramid"],"picked":"HolyWater"},{"not_picked":["Busted Crown","Cursed Key"],"picked":"SlaversCollar"}],"items_purged_floors":[13,36,38],"is_endless":false,"potions_floor_spawned":[1,5,7,12,16,18,23,28,30,33,40,46,47,48],"killed_by":"The Heart","ascension_level":20}}