{"host":"uv5ws9rdk87e8i5k","time":1613104173,"event":{"mods":["AchievementEnabler","BaseMod","Colored Map","Minty Spire (QoL Compilation)","Permanent Neow","Quick Restart","StSLib","SuperFastMode","The Necromancer"],"gold_per_floor":[119,133,133,151,166,192,192,222,302,314,329,345,371,391,391,486,486,505,525,79,79,92,127,127,162,233,243,254,254,288,304,304,409,409,428,479,479,491,507,507,10,42,65,78,89,123,141,169,169,169,169,169,15,44,44],"floor_reached":56,"language":"ENG","playtime":1731,"items_purged":["Strike_B"],"score":1643,"play_id":"43d37af0-edf9-43c3-b897-247b2b46a08e","local_time":"20210211222933","is_ascension_mode":true,"campfire_choices":[{"data":"Buffer","floor":7.0,"key":"SMITH"},{"data":"Defragment","floor":15.0,"key":"SMITH"},{"data":"Loop","floor":24.0,"key":"SMITH"},{"data":"Defragment","floor":29,"key":"SMITH"},{"data":"White Noise","floor":32,"key":"SMITH"},{"data":"Amplify","floor":40,"key":"SMITH"},{"floor":49,"key":"RECALL"},{"data":"Buffer","floor":52,"key":"SMITH"}],"circlet_count":0,"master_deck":["Strike_B","Strike_B","Strike_B+1","Defend_B","Defend_B","Defend_B","Defend_B","Zap","Dualcast+1","Compile Driver+1","Ball Lightning","Coolheaded","Loop+1","Buffer+1","Capacitor","Skim","Heatsinks","Defragment+1","Undo","Self Repair","Echo Form","Turbo+1","Storm+1","Electrodynamics","Turbo","White Noise+1","Defragment+1","Turbo","Buffer+1","CurseOfTheBell","Consume+1","Purity","Amplify+1","Defragment+1","Double Energy","Loop","Double Energy+1"],"relics":["Cracked Core","Lantern","FossilizedHelix","MealTicket","Bottled Flame","Unceasing Top","Runic Pyramid","TungstenRod","Sundial","Turnip","Shuriken","Lizard Tail","Calling Bell","PreservedInsect","Mummified Hand","Torii","Thread and Needle","Incense Burner","Regal Pillow","Whetstone","Happy Flower","Runic Capacitor","DataDisk"],"acts_visited":["Exordium","TheCity","TheBeyond","TheEnding"],"potions_floor_usage":[28,30,42,46,50],"damage_taken":[{"damage":9.0,"enemies":"Jaw Worm","floor":1.0,"turns":3.0},{"damage":9.0,"enemies":"2 Louse","floor":2.0,"turns":2.0},{"damage":0.0,"enemies":"Cultist","floor":4.0,"turns":2.0},{"damage":3.0,"enemies":"Blue Slaver","floor":5.0,"turns":3.0},{"damage":24.0,"enemies":"Gremlin Nob","floor":6.0,"turns":4.0},{"damage":0.0,"enemies":"Lagavulin","floor":8.0,"turns":7.0},{"damage":0.0,"enemies":"Large Slime","floor":10.0,"turns":5.0},{"damage":0.0,"enemies":"2 Fungi Beasts","floor":11.0,"turns":3.0},{"damage":0.0,"enemies":"3 Louse","floor":12.0,"turns":3.0},{"damage":0.0,"enemies":"Gremlin Nob","floor":13.0,"turns":4.0},{"damage":0.0,"enemies":"Red Slaver","floor":14.0,"turns":3.0},{"damage":0.0,"enemies":"Slime Boss","floor":16.0,"turns":8.0},{"damage":13.0,"enemies":"Shell Parasite","floor":18.0,"turns":8.0},{"damage":21.0,"enemies":"Chosen","floor":19.0,"turns":6.0},{"damage":0.0,"enemies":"Centurion and Healer","floor":22.0,"turns":6.0},{"damage":19.0,"enemies":"Slavers","floor":23.0,"turns":2.0},{"damage":8.0,"enemies":"Gremlin Leader","floor":25.0,"turns":5.0},{"damage":0,"enemies":"Snecko","floor":27,"turns":3},{"damage":0,"enemies":"Cultist and Chosen","floor":28,"turns":3},{"damage":32,"enemies":"Slavers","floor":30,"turns":3},{"damage":8,"enemies":"Centurion and Healer","floor":31,"turns":4},{"damage":6,"enemies":"Automaton","floor":33,"turns":6},{"damage":0,"enemies":"3 Darklings","floor":35,"turns":2},{"damage":34,"enemies":"2 Orb Walkers","floor":36,"turns":4},{"damage":0,"enemies":"Orb Walker","floor":38,"turns":3},{"damage":0,"enemies":"3 Darklings","floor":39,"turns":3},{"damage":8,"enemies":"Giant Head","floor":42,"turns":4},{"damage":0,"enemies":"4 Shapes","floor":44,"turns":2},{"damage":0,"enemies":"Transient","floor":45,"turns":5},{"damage":5,"enemies":"Nemesis","floor":46,"turns":3},{"damage":0,"enemies":"Maw","floor":47,"turns":5},{"damage":0,"enemies":"Giant Head","floor":48,"turns":3},{"damage":51,"enemies":"Time Eater","floor":50,"turns":8},{"damage":0,"enemies":"Shield and Spear","floor":54,"turns":2},{"damage":64,"enemies":"The Heart","floor":55,"turns":7}],"seed_played":"6743045066391477235","potions_obtained":[{"floor":1.0,"key":"Regen Potion"},{"floor":5.0,"key":"LiquidBronze"},{"floor":11.0,"key":"PowerPotion"},{"floor":12.0,"key":"CultistPotion"},{"floor":13.0,"key":"SpeedPotion"},{"floor":19.0,"key":"SpeedPotion"},{"floor":23.0,"key":"SteroidPotion"},{"floor":28,"key":"Block Potion"},{"floor":38,"key":"FocusPotion"},{"floor":42,"key":"SkillPotion"},{"floor":44,"key":"FairyPotion"}],"is_trial":false,"path_per_floor":["M","M","?","M","M","E","R","E","T","M","M","M","E","M","R","B",null,"M","M","$","?","M","E","R","E","T","M","M","R","E","M","R","B",null,"M","?","?","M","M","R","$","E","T","M","M","E","M","E","R","B",null,"R","$","E","B",null],"character_chosen":"DEFECT","items_purchased":["Storm","TungstenRod","Double Energy","Loop","Incense Burner","PowerPotion","Runic Capacitor"],"campfire_rested":0,"item_purchase_floors":[20,20,41,41,41,41,53],"current_hp_per_floor":[66,57,45,45,42,30,30,30,30,30,30,30,30,30,30,37,75,69,55,70,70,75,56,56,55,55,55,55,55,37,36,36,37,75,75,41,41,48,48,48,63,69,69,75,75,70,75,75,75,31,75,75,75,75,18],"gold":44,"neow_bonus":"UPGRADE_CARD","is_daily":false,"chose_seed":false,"campfire_upgraded":7,"win_rate":0.0,"timestamp":1613104173,"path_taken":["M","M","?","M","M","E","R","E","T","M","M","M","E","M","R","BOSS","M","M","$","?","M","E","R","E","T","?","M","R","E","M","R","BOSS","M","?","?","M","M","R","$","E","T","M","M","E","M","E","R","BOSS","R","$","E","BOSS"],"items_purchased_type":["Card","Relic","Card","Card","Relic","Potion","Relic"],"build_version":"2020-12-22","purchased_purges":1,"victory":true,"max_hp_per_floor":[75,75,75,75,75,75,75,75,75,75,75,75,75,75,75,75,75,75,75,75,75,75,75,75,75,75,75,75,75,75,75,75,75,75,75,75,75,75,75,75,75,75,75,75,75,75,75,75,75,75,75,75,75,75,75],"card_choices":[{"not_picked":["Static Discharge","Gash"],"picked":"Compile Driver","floor":1.0},{"not_picked":["Gash","Darkness"],"picked":"Ball Lightning","floor":2.0},{"not_picked":["Storm","Force Field"],"picked":"Coolheaded","floor":4.0},{"not_picked":["Streamline","Chill"],"picked":"Loop","floor":5.0},{"not_picked":["Meteor Strike","Ball Lightning"],"picked":"Buffer","floor":6.0},{"not_picked":["Rebound","Multi-Cast"],"picked":"Capacitor","floor":8.0},{"not_picked":["Turbo","Cold Snap"],"picked":"Skim","floor":10.0},{"not_picked":["Static Discharge","Rebound"],"picked":"Heatsinks","floor":11.0},{"not_picked":["Capacitor","Barrage"],"picked":"Defragment","floor":12.0},{"not_picked":["Self Repair","Steam"],"picked":"Undo","floor":13.0},{"not_picked":["Rebound","Leap"],"picked":"Self Repair","floor":14.0},{"not_picked":["Machine Learning","Buffer"],"picked":"Echo Form","floor":16.0},{"not_picked":["Sweeping Beam+1","Compile Driver","Gash"],"picked":"SKIP","floor":18.0},{"not_picked":["Scrape","Heatsinks"],"picked":"Turbo+1","floor":19.0},{"not_picked":["Loop","Compile Driver"],"picked":"Electrodynamics","floor":22.0},{"not_picked":["White Noise","Rebound"],"picked":"Turbo","floor":23.0},{"not_picked":["Skim","All For One"],"picked":"White Noise","floor":25.0},{"not_picked":["Stack","Self Repair"],"picked":"Defragment","floor":27},{"not_picked":["Capacitor+1","Recycle"],"picked":"Turbo","floor":28},{"not_picked":["Go for the Eyes","Static Discharge","Steam"],"picked":"SKIP","floor":30},{"not_picked":["Beam Cell","Sweeping Beam","Coolheaded"],"picked":"SKIP","floor":31},{"not_picked":["Meteor Strike","Rainbow"],"picked":"Buffer","floor":33},{"not_picked":["Steam+1","Force Field+1"],"picked":"Consume+1","floor":35},{"not_picked":["Discovery","Impatience"],"picked":"Purity","floor":37},{"not_picked":["Melter+1","Sweeping Beam+1"],"picked":"Amplify","floor":38},{"not_picked":["Hello World","Go for the Eyes"],"picked":"Defragment+1","floor":39},{"not_picked":["Gash+1","Auto Shields","Doom and Gloom+1"],"picked":"SKIP","floor":42},{"not_picked":["Beam Cell","Doom and Gloom"],"picked":"Double Energy+1","floor":44},{"not_picked":["Hologram","Cold Snap+1","Rebound+1"],"picked":"SKIP","floor":45},{"not_picked":["Redo+1","Hyperbeam","Reprogram+1"],"picked":"SKIP","floor":46},{"not_picked":["Go for the Eyes+1","Skim","Reprogram+1"],"picked":"SKIP","floor":47},{"not_picked":["Rip and Tear","Ball Lightning","Steam+1"],"picked":"SKIP","floor":48},{"not_picked":["Conserve Battery","Go for the Eyes","Scrape"],"picked":"SKIP","floor":54}],"player_experience":148231,"relics_obtained":[{"floor":6.0,"key":"FossilizedHelix"},{"floor":8.0,"key":"MealTicket"},{"floor":9.0,"key":"Bottled Flame"},{"floor":13.0,"key":"Unceasing Top"},{"floor":23.0,"key":"Sundial"},{"floor":25.0,"key":"Turnip"},{"floor":26.0,"key":"Shuriken"},{"floor":30,"key":"Lizard Tail"},{"floor":34,"key":"PreservedInsect"},{"floor":34,"key":"Mummified Hand"},{"floor":34,"key":"Torii"},{"floor":36,"key":"Thread and Needle"},{"floor":42,"key":"Regal Pillow"},{"floor":46,"key":"Whetstone"},{"floor":48,"key":"Happy Flower"},{"floor":54,"key":"DataDisk"}],"event_choices":[{"damage_healed":0.0,"max_hp_gain":0.0,"max_hp_loss":0.0,"gold_gain":0.0,"event_name":"Scrap Ooze","player_choice":"Success","floor":3.0,"gold_loss":0.0,"damage_taken":12.0,"relics_obtained":["Lantern"]},{"damage_healed":0.0,"max_hp_gain":0.0,"max_hp_loss":0.0,"gold_gain":0.0,"event_name":"Upgrade Shrine","player_choice":"Upgraded","floor":21.0,"gold_loss":0.0,"damage_taken":0.0,"cards_upgraded":["Storm"]},{"damage_healed":0,"gold_gain":0,"player_choice":"Fight","damage_taken":0,"max_hp_gain":0,"max_hp_loss":0,"event_name":"Mysterious Sphere","floor":36,"gold_loss":0},{"damage_healed":0,"gold_gain":0,"player_choice":"Memory 1","damage_taken":0,"max_hp_gain":0,"max_hp_loss":0,"event_name":"SensoryStone","floor":37,"gold_loss":0}],"is_beta":false,"boss_relics":[{"not_picked":["Nuclear Battery","Black Star"],"picked":"Runic Pyramid"},{"not_picked":["Runic Dome","SlaversCollar"],"picked":"Calling Bell"}],"items_purged_floors":[20],"is_endless":false,"potions_floor_spawned":[1,5,11,12,13,19,23,28,38,42,44,45],"ascension_level":2}}