{"host":"78azdv0oxplymbah","time":1613119931,"event":{"mods":["Aspiration","BaseMod","Better Third Choice","BetterRewards","Challenge The Spire","Conspire","Highlight Path","Mimic Mod","Minty Spire (QoL Compilation)","Quick Restart","Reimu（博丽灵梦）","Relic Stats","Remilia（蕾米莉亚）","Remove Card Discount Mod","Replay The Spire","RumiaBox-露米娅的神秘盒子","Spicy Shops","StSLib","TestMod","The Administrix","The Servant 0.9.4","UnlockEverythingMod","Waifu the Spire","Youmu（魂魄妖梦）","[功能]功能增强和修复MOD","【功能Mod】混沌之环修复补丁","【遗物卡牌】REMEMod"],"gold_per_floor":[114,127,46,59,41,41,41,72,97,97,128,128,140,173,173,793,793,809,825,783,801,843,874,874,899,899,927,953,896,921,880,880,1455,1455,1465,1864,1815,1745,1712,1712,1712,1712,1712,1731,1758,1758,1758,1789,1789,1789,1789,1789,1789,1749,1774,1774],"floor_reached":57,"language":"ZHS","playtime":2106,"items_purged":["Strike_B","Defend_B","Strike_B","Strike_B","Defend_B","Defend_B","Clumsy","Injury","Voices","Strike_B","Defend_B","Beam Cell","Zap","Decay","Ball Lightning+1","Ball Lightning","Doom and Gloom","Parasite","FIFO Queue","Creative AI"],"score":4090,"play_id":"4170f47c-640a-441b-b430-f692b42f80e3","local_time":"20210212165211","is_ascension_mode":true,"campfire_choices":[{"data":"Chaos","floor":6.0,"key":"SMITH"},{"floor":10.0,"key":"RECALL"},{"data":"Rainbow","floor":12.0,"key":"SMITH"},{"data":"aspiration:Polymerization","floor":15.0,"key":"SMITH"},{"data":"Genetic Algorithm","floor":24.0,"key":"SMITH"},{"data":"Loop+1","floor":40.0,"key":"SMITH"},{"data":"Creative AI","floor":42.0,"key":"SMITH"},{"data":"Electrodynamics+1","floor":47.0,"key":"SMITH"},{"data":"Loop+2","floor":47.0,"key":"SMITH"},{"data":"Dualcast","floor":49.0,"key":"SMITH"},{"data":"Loop+3","floor":49.0,"key":"SMITH"},{"data":"Madness","floor":53,"key":"SMITH"},{"data":"Loop+4","floor":53,"key":"SMITH"}],"circlet_count":0,"master_deck":["AscendersBane","Dualcast+1","aspiration:Polymerization+1","White Noise+1","Genetic Algorithm+1","Crystallizer+1","Madness+1","Biased Cognition+1","Loop+5","Creative AI+1","FIFO Queue+1","Electrodynamics+2","Biased Cognition+1","Echo Form+1"],"relics":["REME_ComplimentaryCards","testmod-AscensionHeart","REME_ChargedStone","GodSword7","Membership Card","Geode","Sling","Pocketwatch","CrazyTorch:ReiMu","ScarletDevilRocket","PrismaticShard","testmod-Laevatain","testmod-Charity","Ornamental Fan","Tiny Chest","Anchor","aspiration:HiddenCompartment","Bag of Preparation","Letter Opener","aspiration:WatcherSkillbook","testmod-Brilliant","conspire:Dentures","conspire:TreasureMap","Boot","testmod-Maize","PureWhite:ReiMu","Prayer Wheel","WingedGreaves","Replay:Baseball","GodSword5","testmod-OneHitWonder","testmod-AssaultLearning","OrangePellets","testmod-Hope","testmod-InfectionSource","conspire:InfiniteJournal","Medical Kit","testmod-Acrobat","REME_LimitBreaker","Bottled Lightning","testmod-IntensifyImprint","aspiration:Nostalgia","Replay:M_StaffOfTheSnake","Bag of Marbles","aspiration:EnhancedActuators","ZombieArmy","testmod-KeyOfTheVoid","Blue Doll","White Beast Statue","Toolbox","TentaclePot:ReiMu","ReplayFunnel","testmod-TheFather","ReplayTheSpireMod:Shallot","Pet Ghost","REME_CardOfGreed","ReplayTheSpireMod:Lightbulb","Oddly Smooth Stone","MagicDraw2","testmod-IndustrialRevolution","ClockworkSouvenir","Pen Nib","HornCleat","Replay:Arrowhead","testmod-RainbowHikingShoes","Whetstone","testmod-RealStoneCalender","Guide Book","Mango","aspiration:Lifesprig","Happy Flower"],"acts_visited":["Exordium","TheCity","TheBeyond","TheEnding"],"potions_floor_usage":[],"damage_taken":[{"damage":10.0,"enemies":"Small Slimes","floor":1.0,"turns":4.0},{"damage":7.0,"enemies":"2 Louse","floor":2.0,"turns":3.0},{"damage":0.0,"enemies":"Cultist","floor":4.0,"turns":2.0},{"damage":17.0,"enemies":"3 Sentries","floor":8.0,"turns":3.0},{"damage":8.0,"enemies":"Gremlin Nob","floor":11.0,"turns":3.0},{"damage":0.0,"enemies":"Large Slime","floor":13.0,"turns":3.0},{"damage":17.0,"enemies":"Lagavulin","floor":14.0,"turns":4.0},{"damage":0.0,"enemies":"Slime Boss","floor":16.0,"turns":3.0},{"damage":0.0,"enemies":"Spheric Guardian","floor":18.0,"turns":2.0},{"damage":0.0,"enemies":"Chosen","floor":19.0,"turns":3.0},{"damage":0.0,"enemies":"Shelled Parasite and Fungi","floor":21.0,"turns":1.0},{"damage":0.0,"enemies":"Centurion and Healer","floor":22.0,"turns":1.0},{"damage":0.0,"enemies":"Gremlin Leader","floor":23.0,"turns":1.0},{"damage":18.0,"enemies":"Book of Stabbing","floor":25.0,"turns":3.0},{"damage":0.0,"enemies":"Slavers","floor":27.0,"turns":1.0},{"damage":10.0,"enemies":"Replay:Snechameleon","floor":28.0,"turns":4.0},{"damage":0.0,"enemies":"Slavers","floor":30.0,"turns":1.0},{"damage":12.0,"enemies":"Pondfish","floor":33.0,"turns":7.0},{"damage":0.0,"enemies":"Orb Walker","floor":35.0,"turns":1.0},{"damage":0.0,"enemies":"3 Darklings","floor":44.0,"turns":1.0},{"damage":0.0,"enemies":"Reptomancer","floor":45.0,"turns":1.0},{"damage":0.0,"enemies":"R_Hoarder","floor":48.0,"turns":1.0},{"damage":59,"enemies":"Time Eater","floor":50,"turns":6},{"damage":0,"enemies":"Donu and Deca","floor":51,"turns":1},{"damage":0,"enemies":"Shield and Spear","floor":55,"turns":1},{"damage":68,"enemies":"The Heart","floor":56,"turns":3}],"seed_played":"-2546895494455018158","potions_obtained":[{"floor":1.0,"key":"SteroidPotion"},{"floor":1.0,"key":"Explosive Potion"},{"floor":8.0,"key":"LiquidBronze"},{"floor":21.0,"key":"REME_GoldPotion"},{"floor":22.0,"key":"PowerPotion"},{"floor":45.0,"key":"testmod-SpacePotion"},{"floor":45.0,"key":"Fruit Juice"},{"floor":45.0,"key":"GrandPatriotsElixir:ReiMu"},{"floor":45.0,"key":"ColorlessPotion"}],"is_trial":false,"path_per_floor":["M","M","$","M","$","R","?","E","T","R","E","R","M","E","R","B",null,"M","M","$","M","M","E","R","E","T","E","E","$","E","$","R","B",null,"M","?","$","$","$","R","?","R","T","M","E","T","R","E","R","B","B",null,"R","$","E","B",null],"character_chosen":"DEFECT","items_purchased":["GodSword7","Membership Card","Geode","Sling","Capacitor","Chaos","Pocketwatch","CrazyTorch:ReiMu","REME_GoldPotion","ScarletDevilRocket","PrismaticShard","testmod-Laevatain","testmod-Charity","Ornamental Fan","Crystallizer","testmod-Brilliant","conspire:Dentures","conspire:TreasureMap","Boot","testmod-Maize","Loop","testmod-AssaultLearning","FIFO Queue","OrangePellets","testmod-Hope","testmod-InfectionSource","conspire:InfiniteJournal","Medical Kit","REME_LimitBreaker","Bottled Lightning","testmod-IntensifyImprint","aspiration:Nostalgia","Bag of Marbles","Blue Doll","White Beast Statue","Toolbox","TentaclePot:ReiMu","ReplayFunnel","testmod-TheFather","ReplayTheSpireMod:Shallot","Pet Ghost","REME_CardOfGreed","ReplayTheSpireMod:Lightbulb","Oddly Smooth Stone","MagicDraw2","testmod-IndustrialRevolution","ClockworkSouvenir","Time Bomb","Whetstone","testmod-RealStoneCalender","Guide Book","Mango","aspiration:Lifesprig","testmod-PerfectCombo","REME_EyeOfCthun","FTL"],"campfire_rested":0,"item_purchase_floors":[3,3,3,3,3,3,3,3,3,5,5,5,5,5,5,20,20,20,20,20,20,29,29,29,29,29,29,29,31,31,31,31,31,37,37,37,37,37,38,38,38,38,38,39,39,39,39,39,54,54,54,54,54,54,54,54],"current_hp_per_floor":[55,49,52,53,55,55,53,39,40,40,35,35,37,23,23,30,73,75,77,87,89,95,98,98,83,83,86,79,88,91,97,97,110,145,152,153,158,163,168,168,156,156,156,158,177,177,177,187,187,146,162,217,217,242,247,202],"gold":1774,"neow_bonus":"BOSS_RELIC","is_daily":false,"chose_seed":false,"campfire_upgraded":12,"win_rate":0.0,"timestamp":1613119931,"path_taken":["M","M","$","M","$","R","?","E","T","R","E","R","M","E","R","BOSS","M","M","$","M","M","E","R","E","T","E","E","$","E","$","R","BOSS","M","?","$","$","$","R","?","R","T","?","E","?","R","E","R","BOSS","BOSS","R","$","E","BOSS"],"items_purchased_type":["Relic","Relic","Relic","Relic","Card","Card","Relic","Relic","Potion","Relic","Relic","Relic","Relic","Relic","Card","Relic","Relic","Relic","Relic","Relic","Card","Relic","Card","Relic","Relic","Relic","Relic","Relic","Relic","Relic","Relic","Relic","Relic","Relic","Relic","Relic","Relic","Relic","Relic","Relic","Relic","Relic","Relic","Relic","Relic","Relic","Relic","Card","Relic","Relic","Relic","Relic","Relic","Card","Card","Card"],"build_version":"2020-12-22","purchased_purges":20,"victory":true,"max_hp_per_floor":[71,71,71,71,73,73,73,75,76,76,78,78,79,81,81,87,87,88,89,99,100,102,104,104,106,106,108,110,116,118,124,124,147,147,153,154,159,164,169,169,169,169,169,170,181,181,181,190,190,206,220,220,220,242,247,269],"relic_stats":{"Happy Flower":[1],"counters":[26,62],"Pen Nib":[0],"Bag of Preparation":[36],"Letter Opener":[179],"Whetstone":[],"Boot":[0],"Medical Kit":[5],"OrangePellets":[7],"Ornamental Fan":[0],"Tiny Chest":1,"Prayer Wheel":2,"obtain_stats":[{"ScarletDevilRocket":5,"Whetstone":54,"testmod-RainbowHikingShoes":48,"Sling":3,"Boot":20,"MagicDraw2":39,"HornCleat":45,"aspiration:EnhancedActuators":33,"testmod-Laevatain":5,"Prayer Wheel":25,"testmod-InfectionSource":29,"conspire:Dentures":20,"testmod-Maize":20,"testmod-IntensifyImprint":31,"conspire:TreasureMap":20,"testmod-TestBox":0,"Happy Flower":55,"aspiration:Nostalgia":31,"TentaclePot:ReiMu":37,"Oddly Smooth Stone":39,"Pen Nib":43,"Letter Opener":16,"REME_LimitBreaker":31,"aspiration:HiddenCompartment":14,"OrangePellets":29,"testmod-RealStoneCalender":54,"Replay:Baseball":26,"ReplayTheSpireMod:Shallot":38,"testmod-Acrobat":30,"GodSword7":3,"GodSword5":27,"testmod-OneHitWonder":28,"Pocketwatch":3,"ReplayFunnel":37,"aspiration:Lifesprig":54,"REME_ChargedStone":0,"Blue Doll":37,"Mango":54,"Bag of Preparation":16,"testmod-KeyOfTheVoid":34,"PrismaticShard":5,"testmod-AscensionHeart":0,"testmod-Charity":5,"Pet Ghost":38,"conspire:InfiniteJournal":29,"ClockworkSouvenir":39,"testmod-Brilliant":20,"Toolbox":37,"Tiny Chest":8,"testmod-TheFather":38,"WingedGreaves":25,"Cracked Core":0,"ZombieArmy":33,"Replay:M_StaffOfTheSnake":31,"Guide Book":54,"Geode":3,"Medical Kit":29,"testmod-IndustrialRevolution":39,"White Beast Statue":37,"Replay:Arrowhead":46,"Anchor":11,"PureWhite:ReiMu":23,"Ornamental Fan":5,"testmod-AssaultLearning":29,"CrazyTorch:ReiMu":3,"aspiration:WatcherSkillbook":17,"testmod-Hope":29,"Bag of Marbles":31,"Membership Card":3,"Bottled Lightning":31,"REME_CardOfGreed":38,"ReplayTheSpireMod:Lightbulb":38,"REME_ComplimentaryCards":0},{"ScarletDevilRocket":3,"Whetstone":24,"testmod-RainbowHikingShoes":22,"Sling":2,"Boot":10,"MagicDraw2":19,"HornCleat":21,"aspiration:EnhancedActuators":18,"testmod-Laevatain":3,"Prayer Wheel":14,"testmod-InfectionSource":16,"conspire:Dentures":10,"testmod-Maize":10,"testmod-IntensifyImprint":17,"conspire:TreasureMap":10,"testmod-TestBox":0,"Happy Flower":25,"aspiration:Nostalgia":17,"TentaclePot:ReiMu":19,"Oddly Smooth Stone":19,"Pen Nib":19,"Letter Opener":8,"REME_LimitBreaker":17,"aspiration:HiddenCompartment":7,"OrangePellets":16,"testmod-RealStoneCalender":24,"Replay:Baseball":14,"ReplayTheSpireMod:Shallot":19,"testmod-Acrobat":17,"GodSword7":2,"GodSword5":15,"testmod-OneHitWonder":16,"Pocketwatch":2,"ReplayFunnel":19,"aspiration:Lifesprig":24,"REME_ChargedStone":0,"Blue Doll":19,"Mango":24,"Bag of Preparation":8,"testmod-KeyOfTheVoid":18,"PrismaticShard":3,"testmod-AscensionHeart":0,"testmod-Charity":3,"Pet Ghost":19,"conspire:InfiniteJournal":16,"ClockworkSouvenir":19,"testmod-Brilliant":10,"Toolbox":19,"Tiny Chest":4,"testmod-TheFather":19,"WingedGreaves":14,"Cracked Core":0,"ZombieArmy":18,"Replay:M_StaffOfTheSnake":17,"Guide Book":24,"Geode":2,"Medical Kit":16,"testmod-IndustrialRevolution":19,"White Beast Statue":19,"Replay:Arrowhead":21,"Anchor":5,"PureWhite:ReiMu":13,"Ornamental Fan":3,"testmod-AssaultLearning":16,"CrazyTorch:ReiMu":2,"aspiration:WatcherSkillbook":8,"testmod-Hope":16,"Bag of Marbles":17,"Membership Card":2,"Bottled Lightning":17,"REME_CardOfGreed":19,"ReplayTheSpireMod:Lightbulb":19,"REME_ComplimentaryCards":0},{"ScarletDevilRocket":9,"Whetstone":58,"testmod-RainbowHikingShoes":51,"Sling":7,"Boot":30,"MagicDraw2":48,"HornCleat":50,"aspiration:EnhancedActuators":47,"testmod-Laevatain":9,"Prayer Wheel":35,"testmod-InfectionSource":40,"conspire:Dentures":30,"testmod-Maize":30,"testmod-IntensifyImprint":41,"conspire:TreasureMap":30,"testmod-TestBox":0,"Happy Flower":59,"aspiration:Nostalgia":41,"TentaclePot:ReiMu":48,"Oddly Smooth Stone":48,"Pen Nib":48,"Letter Opener":25,"REME_LimitBreaker":41,"aspiration:HiddenCompartment":22,"OrangePellets":40,"testmod-RealStoneCalender":58,"Replay:Baseball":36,"ReplayTheSpireMod:Shallot":48,"testmod-Acrobat":41,"GodSword7":7,"GodSword5":37,"testmod-OneHitWonder":40,"Pocketwatch":7,"ReplayFunnel":48,"aspiration:Lifesprig":58,"REME_ChargedStone":0,"Blue Doll":48,"Mango":58,"Bag of Preparation":25,"testmod-KeyOfTheVoid":47,"PrismaticShard":9,"testmod-AscensionHeart":0,"testmod-Charity":9,"Pet Ghost":48,"conspire:InfiniteJournal":40,"ClockworkSouvenir":48,"testmod-Brilliant":30,"Toolbox":48,"Tiny Chest":12,"testmod-TheFather":48,"WingedGreaves":36,"Cracked Core":0,"ZombieArmy":47,"Replay:M_StaffOfTheSnake":41,"Guide Book":58,"Geode":7,"Medical Kit":40,"testmod-IndustrialRevolution":48,"White Beast Statue":48,"Replay:Arrowhead":50,"Anchor":15,"PureWhite:ReiMu":33,"Ornamental Fan":9,"testmod-AssaultLearning":40,"CrazyTorch:ReiMu":7,"aspiration:WatcherSkillbook":25,"testmod-Hope":40,"Bag of Marbles":41,"Membership Card":7,"Bottled Lightning":41,"REME_CardOfGreed":48,"ReplayTheSpireMod:Lightbulb":48,"REME_ComplimentaryCards":0}],"Pocketwatch":[32]},"card_choices":[{"not_picked":["Rebound","Compile Driver"],"picked":"Doom and Gloom","floor":1.0},{"not_picked":["Recycle","Stack"],"picked":"Beam Cell","floor":1.0},{"not_picked":["Hologram","Coolheaded"],"picked":"Ball Lightning","floor":1.0},{"not_picked":["Leap","Cold Snap"],"picked":"aspiration:Polymerization","floor":2.0},{"not_picked":["Undo","ReplayTheSpireMod:Reroute Power"],"picked":"Core Surge","floor":2.0},{"not_picked":["Leap","Coolheaded"],"picked":"Ball Lightning","floor":2.0},{"not_picked":["Defragment","BootSequence"],"picked":"White Noise","floor":4.0},{"not_picked":["Go for the Eyes","Compile Driver"],"picked":"Genetic Algorithm","floor":4.0},{"not_picked":["Coolheaded","Sunder","ReplayTheSpireMod:Repulse"],"picked":"SKIP","floor":4.0},{"not_picked":["Solidify","Seek"],"picked":"Rainbow","floor":8.0},{"not_picked":["Fission","Echo Form","ReplayRNGCard"],"picked":"SKIP","floor":11.0},{"not_picked":["Blade Dance","Good Instincts"],"picked":"Madness","floor":13.0},{"not_picked":["REME_DataAnalysis","Doom and Gloom","BasicCrystalCard"],"picked":"SKIP","floor":13.0},{"not_picked":["Rip and Tear","Halt","Spin"],"picked":"SKIP","floor":13.0},{"not_picked":["Hyperbeam","Hyperbeam"],"picked":"Biased Cognition","floor":14.0},{"not_picked":["Poison Darts","MurderousAura"],"picked":"Rainbow","floor":16.0},{"not_picked":["SwordOfBindingDesires","Defy","RainPray2:ReiMu","DiffusionOfMisfortune"],"picked":"SKIP","floor":18.0},{"not_picked":["HeartExcerptSlash+1","Coolheaded+1","Rearm","Dark Embrace"],"picked":"SKIP","floor":18.0},{"not_picked":["ShatteredReality","OrbThrow:ReiMu","Conquer:ReiMu","AdministrixMod:RebukeDesires"],"picked":"SKIP","floor":18.0},{"not_picked":["Heavy Blade","FantasyBorder:ReiMu","CarveReality+1"],"picked":"BottledTime","floor":19.0},{"not_picked":["Noxious Fumes","Foresight","Heavy Blade","FastForward"],"picked":"SKIP","floor":19.0},{"not_picked":["REME_Repentance","Infinite Blades","EmergencyRegeneration","Defy Death"],"picked":"SKIP","floor":19.0},{"not_picked":["Replay:Battleflow","Clash","Amulet:ReiMu","testmod-BloodShelter"],"picked":"SKIP","floor":21.0},{"not_picked":["CharismaGuard","True Grit","Rewind","ReplayGash"],"picked":"SKIP","floor":21.0},{"not_picked":["Warcry","DispleasureOfTheSevenHakus","ReplayTheSpireMod:Strike From Hell","Catalyst"],"picked":"SKIP","floor":21.0},{"not_picked":["MurderousAura","CrushJoints","WheelKick","Run Through"],"picked":"SKIP","floor":22.0},{"not_picked":["FlashingScatteredFlowers","Alleviate","BlasphemousPunishment+1","Deadly Poison"],"picked":"SKIP","floor":22.0},{"not_picked":["BowlingBash","Halt","Run Through","Hologram"],"picked":"SKIP","floor":22.0},{"not_picked":["Wish","Fission","Multi-Cast"],"picked":"ReplayTheSpireMod:Fabricate Wheel","floor":23.0},{"not_picked":["REME_Flogging","ReplayRNGCard","DevaForm"],"picked":"Creative AI","floor":25.0},{"not_picked":["ReplayRNGCard","All For One","REME_Shoggoth","REME_ForAll"],"picked":"SKIP","floor":27.0},{"not_picked":["REME_EmptyShield","REME_ForAll","Biased Cognition","Core Surge"],"picked":"SKIP","floor":28.0},{"not_picked":["LessonLearned","Brilliance","Devotion","Thunder Strike"],"picked":"SKIP","floor":30.0},{"not_picked":["MasterReality","ScarletCoffin","REME_SpectralBlade"],"picked":"Electrodynamics","floor":33.0},{"not_picked":["YinYangSign:ReiMu","Crescendo","testmod-PainDetonator","Flechettes"],"picked":"SKIP","floor":35.0},{"not_picked":["FlashingScatteredFlowers","ScarletImprint","Dash","AdministrixMod:TouchOfCinnabar"],"picked":"SKIP","floor":35.0},{"not_picked":["Ricochet+1","Aggregate","Darkness","Shockwave"],"picked":"SKIP","floor":35.0},{"not_picked":["CareerPray:ReiMu","REME_MusicOfDeath","AdministrixMod:ImmortalGrace","ReplaySolidLightProjector"],"picked":"SKIP","floor":35.0},{"not_picked":["Slice","conspire:Charge+1","Foresight"],"picked":"AdministrixMod:DreamsMausoleum","floor":44.0},{"not_picked":["Defy","Evolve","WheelKick"],"picked":"SubcavityInstant:ReiMu","floor":44.0},{"not_picked":["VampireKiss+1","SpringWay:ReiMu","TurningAngelCut"],"picked":"CrescentMoonSlash","floor":44.0},{"not_picked":["Riddle With Holes","AdministrixMod:NewWardrobe","Replay:ManipulateFuture+1"],"picked":"AdministrixMod:MixOfMercury","floor":44.0},{"not_picked":["LessonLearned","Wish","Replay:LoomingThreat"],"picked":"REME_CRH","floor":45.0},{"not_picked":["ConjureBlade","Replay:LoomingThreat","Thunder Strike"],"picked":"Biased Cognition","floor":48.0},{"not_picked":["LessonLearned","Judgement","LessonLearned"],"picked":"Echo Form","floor":55}],"player_experience":63814,"relics_obtained":[{"floor":8.0,"key":"Tiny Chest"},{"floor":11.0,"key":"Anchor"},{"floor":14.0,"key":"aspiration:HiddenCompartment"},{"floor":16.0,"key":"Bag of Preparation"},{"floor":16.0,"key":"Letter Opener"},{"floor":23.0,"key":"PureWhite:ReiMu"},{"floor":25.0,"key":"WingedGreaves"},{"floor":26.0,"key":"Replay:Baseball"},{"floor":27.0,"key":"GodSword5"},{"floor":28.0,"key":"testmod-OneHitWonder"},{"floor":30.0,"key":"testmod-Acrobat"},{"floor":33.0,"key":"aspiration:EnhancedActuators"},{"floor":33.0,"key":"ZombieArmy"},{"floor":43.0,"key":"Pen Nib"},{"floor":45.0,"key":"HornCleat"},{"floor":46.0,"key":"Replay:Arrowhead"},{"floor":48.0,"key":"testmod-RainbowHikingShoes"},{"floor":55,"key":"Happy Flower"}],"event_choices":[{"damage_healed":0.0,"max_hp_gain":0.0,"max_hp_loss":0.0,"gold_gain":0.0,"event_name":"conspire:Investor","player_choice":"Leave","floor":7.0,"gold_loss":0.0,"damage_taken":0.0},{"damage_healed":0.0,"max_hp_gain":0.0,"max_hp_loss":0.0,"gold_gain":400.0,"event_name":"恩洛斯的盘子","player_choice":"Sell","floor":36.0,"relics_lost":["testmod-TestBox"],"gold_loss":0.0,"damage_taken":0.0},{"damage_healed":0.0,"max_hp_gain":0.0,"max_hp_loss":0.0,"gold_gain":0.0,"event_name":"Wheel of Change","player_choice":"Damaged","floor":41.0,"gold_loss":0.0,"damage_taken":25.0}],"is_beta":false,"boss_relics":[{"not_picked":["ChewingGum","REME_DemonsWealth"],"picked":"aspiration:WatcherSkillbook"},{"not_picked":["aspiration:RunicSpoon","ReplayTheSpireMod:DimensionalGlitch"],"picked":"testmod-KeyOfTheVoid"}],"items_purged_floors":[3,3,3,3,3,3,5,5,5,5,5,5,5,20,20,20,20,29,29,31],"is_endless":false,"potions_floor_spawned":[1,1,2,8,13,14,14,14,16,16,18,21,21,22,22,25,25,27,28,35,44,44,44,45,45,45,45,48,48,48,48,55,55,55,55],"ascension_level":20}}