{"host":"zwb5naz29bygj01b","time":1613166756,"event":{"mods":["2.2 Compatiblity","AchievementEnabler","BaseMod","Bestiary","Better Altar","Better Match","Better Note","Better Sensory Stone","Better Skull","Better Third Choice","Better-Laid Plans","BetterRewards","Block Reminder","Colored Map","Colored Powertips","Custom Start","Dark Map","DeckTracker","Downfall","Filter the Spire","GungeonMod","Hermit","Highlight Path","Minty Spire (QoL Compilation)","Practice Mode","Quick Restart","Random Character Button","Rare Cards Sparkle","Shade Mod","Spicy Shops","StSLib","The Bug Knight","The Cursed","The Disciple","The Hierophant","The IronCluck","Transform Curses"],"gold_per_floor":[113,59,26,44,60,93,104,104,104],"floor_reached":8,"language":"ENG","playtime":432,"items_purged":[],"score":61,"play_id":"6d6835a3-4e93-4130-bfee-093cde6fceb8","local_time":"20210212155236","is_ascension_mode":true,"campfire_choices":[],"circlet_count":0,"master_deck":["Strike_B","Strike_B","Strike_B","Strike_B","Defend_B","Defend_B","Defend_B","Defend_B","Zap","Dualcast","Skim","Defragment","Rebound","Fusion","FTL","Self Repair","Gash","Beam Cell","Gash","Dramatic Entrance","Rainbow","Turbo","Coolheaded","Reprogram"],"relics":["Cracked Core","Orrery","Shovel","Question Card","Dream Catcher","DemoMod:ResourcefulSack","Regal Pillow"],"acts_visited":["Exordium"],"potions_floor_usage":[8],"damage_taken":[{"damage":1,"enemies":"Cultist","floor":1,"turns":4},{"damage":5,"enemies":"2 Louse","floor":4,"turns":2},{"damage":0,"enemies":"Small Slimes","floor":5,"turns":2},{"damage":29,"enemies":"Gremlin Nob","floor":6,"turns":4},{"damage":15,"enemies":"Exordium Wildlife","floor":7,"turns":3},{"damage":18,"enemies":"3 Sentries","floor":8,"turns":4}],"seed_played":"-5211862684061894707","potions_obtained":[{"floor":4,"key":"DistilledChaos"},{"floor":5,"key":"bronze:BurnAndBuffPotion"}],"is_trial":false,"path_per_floor":["M","$","$","M","M","E","M","E"],"character_chosen":"DEFECT","items_purchased":["Orrery","Shovel","Question Card","Self Repair","Dream Catcher","Beam Cell","Gash","Dramatic Entrance"],"campfire_rested":0,"item_purchase_floors":[0,0,0,0,0,2,3,3],"current_hp_per_floor":[46,46,46,41,48,19,11,0,0],"gold":104,"neow_bonus":"","is_daily":false,"chose_seed":false,"campfire_upgraded":0,"win_rate":0.0,"timestamp":1613166756,"path_taken":["M","?","$","?","M","E","M","E"],"items_purchased_type":["Relic","Relic","Relic","Card","Relic","Card","Card","Card"],"build_version":"2020-12-22","purchased_purges":0,"victory":false,"max_hp_per_floor":[75,75,75,75,75,75,75,75,75],"card_choices":[{"not_picked":["Hologram","Go for the Eyes"],"picked":"Skim","floor":0},{"not_picked":["Scrape","Streamline"],"picked":"Defragment","floor":0},{"not_picked":["Hologram","Streamline"],"picked":"Rebound","floor":0},{"not_picked":["Reinforced Body","Beam Cell"],"picked":"Fusion","floor":0},{"not_picked":["Glacier","Redo"],"picked":"FTL","floor":0},{"not_picked":["Aggregate","Redo","Rebound"],"picked":"Gash","floor":1},{"not_picked":["Sweeping Beam","Compile Driver","Hello World"],"picked":"Rainbow","floor":4},{"not_picked":["Rebound","Ball Lightning","BootSequence"],"picked":"Turbo","floor":5},{"not_picked":["Redo","Consume","Barrage"],"picked":"Coolheaded","floor":6},{"not_picked":["Blizzard","Redo","Chaos"],"picked":"Reprogram","floor":7}],"player_experience":53826,"relics_obtained":[{"floor":6,"key":"Regal Pillow"}],"event_choices":[],"is_beta":false,"boss_relics":[],"items_purged_floors":[],"is_endless":false,"potions_floor_spawned":[4,5],"killed_by":"3 Sentries","ascension_level":1}}