{"host":"u6f15rvcj4nca0wu","time":1613158034,"event":{"mods":["BaseMod","Bestiary","Colored Map","Highlight Path","Minty Spire (Améliorations d\u0027érgonomie)","Relic Stats"],"gold_per_floor":[18,35,35,55,72,106,106,125,125,136,136,156,156,156,156,257,257,269,280,291,291,301,630,630,644,717,445,445,465,380,20,20,115,115,128,148,0,18,18,18,46,62,62,62,62,62,74,89,89,89,89],"floor_reached":50,"language":"FRA","playtime":12681,"items_purged":["Strike_P","Defend_P"],"score":498,"play_id":"17614a62-5e11-4cea-aa57-82984090593b","local_time":"20210212202714","is_ascension_mode":false,"campfire_choices":[{"floor":7.0,"key":"REST"},{"floor":13.0,"key":"REST"},{"data":"Decay","floor":15.0,"key":"PURGE"},{"floor":24.0,"key":"DIG"},{"floor":28.0,"key":"REST"},{"floor":32.0,"key":"REST"},{"floor":40.0,"key":"DIG"},{"floor":46.0,"key":"REST"},{"floor":49.0,"key":"REST"}],"circlet_count":0,"master_deck":["Strike_P","Strike_P","Strike_P","Defend_P","Defend_P","Defend_P","Eruption","Vigilance","Evaluate","EmptyBody","FlurryOfBlows","ThirdEye","Judgement","Prostrate","CutThroughFate","Prostrate","Wish","BattleHymn","FearNoEvil","BowlingBash","ReachHeaven","Prostrate+1","ClearTheMind","Forethought","SashWhip+1","JustLucky","EmptyBody+1","Collect+1","Finesse","CrushJoints+1","Consecrate","Crescendo","FearNoEvil+1"],"relics":["HolyWater","TungstenRod","Lizard Tail","Peace Pipe","Shovel","Runic Pyramid","Old Coin","Bottled Flame","Bottled Lightning","InkBottle","Lantern","Red Mask","Ornamental Fan","Letter Opener","HornCleat"],"acts_visited":["Exordium","TheCity","TheBeyond"],"potions_floor_usage":[50,50,50],"damage_taken":[{"damage":0.0,"enemies":"2 Louse","floor":1.0,"turns":2.0},{"damage":0.0,"enemies":"Cultist","floor":2.0,"turns":5.0},{"damage":0.0,"enemies":"Jaw Worm","floor":4.0,"turns":2.0},{"damage":0.0,"enemies":"2 Fungi Beasts","floor":5.0,"turns":5.0},{"damage":48.0,"enemies":"Lagavulin","floor":6.0,"turns":11.0},{"damage":4.0,"enemies":"3 Louse","floor":8.0,"turns":2.0},{"damage":0.0,"enemies":"Blue Slaver","floor":10.0,"turns":2.0},{"damage":15.0,"enemies":"Large Slime","floor":12.0,"turns":6.0},{"damage":32.0,"enemies":"The Guardian","floor":16.0,"turns":11.0},{"damage":8.0,"enemies":"Chosen","floor":18.0,"turns":3.0},{"damage":13.0,"enemies":"Shell Parasite","floor":19.0,"turns":4.0},{"damage":3.0,"enemies":"Chosen and Byrds","floor":20.0,"turns":4.0},{"damage":5.0,"enemies":"Centurion and Healer","floor":22.0,"turns":4.0},{"damage":53.0,"enemies":"Slavers","floor":23.0,"turns":8.0},{"damage":10.0,"enemies":"Snake Plant","floor":25.0,"turns":3.0},{"damage":11.0,"enemies":"Sentry and Sphere","floor":29.0,"turns":5.0},{"damage":32.0,"enemies":"Automaton","floor":33.0,"turns":8.0},{"damage":16.0,"enemies":"3 Darklings","floor":35.0,"turns":6.0},{"damage":12.0,"enemies":"3 Shapes","floor":36.0,"turns":4.0},{"damage":4.0,"enemies":"Sphere and 2 Shapes","floor":38.0,"turns":4.0},{"damage":24.0,"enemies":"Nemesis","floor":41.0,"turns":5.0},{"damage":2.0,"enemies":"Jaw Worm Horde","floor":42.0,"turns":6.0},{"damage":1.0,"enemies":"Transient","floor":47.0,"turns":5.0},{"damage":12.0,"enemies":"Sphere and 2 Shapes","floor":48.0,"turns":4.0},{"damage":36,"enemies":"Donu and Deca","floor":50,"turns":6}],"seed_played":"8149492941861356284","potions_obtained":[{"floor":5.0,"key":"Swift Potion"},{"floor":10.0,"key":"BottledMiracle"},{"floor":12.0,"key":"EntropicBrew"},{"floor":16.0,"key":"BottledMiracle"},{"floor":20.0,"key":"GamblersBrew"},{"floor":23.0,"key":"CultistPotion"},{"floor":25.0,"key":"Weak Potion"},{"floor":35.0,"key":"FearPotion"},{"floor":36.0,"key":"LiquidMemories"},{"floor":42.0,"key":"Energy Potion"},{"floor":47.0,"key":"SkillPotion"},{"floor":48.0,"key":"SkillPotion"}],"is_trial":false,"path_per_floor":["M","M","?","M","M","E","R","M","T","M","?","M","R","?","R","B",null,"M","M","M","?","M","E","R","M","T","$","R","M","?","$","R","B",null,"M","M","?","M","?","R","E","M","T","?","?","R","M","M","R","B"],"character_chosen":"WATCHER","items_purchased":["BottledMiracle","ClearTheMind","Forethought","Ambrosia","Lantern"],"campfire_rested":6,"item_purchase_floors":[27,27,27,31,31],"current_hp_per_floor":[72,72,72,72,72,24,45,41,41,41,27,12,33,33,33,1,72,64,51,48,48,43,30,30,20,20,20,41,30,30,30,51,19,72,56,44,44,40,40,40,16,14,14,14,14,35,34,22,43,7,7],"gold":89,"neow_bonus":"ONE_RARE_RELIC","is_daily":false,"chose_seed":false,"campfire_upgraded":0,"win_rate":0.0,"timestamp":1613158034,"path_taken":["M","M","?","M","?","E","R","?","T","M","?","M","R","?","R","BOSS","M","M","M","?","M","E","R","M","T","$","R","M","?","$","R","BOSS","M","M","?","M","?","R","E","M","T","?","?","R","M","M","R","BOSS"],"items_purchased_type":["Potion","Card","Card","Potion","Relic"],"build_version":"2020-12-13","purchased_purges":2,"victory":false,"max_hp_per_floor":[72,72,72,72,72,72,72,72,72,72,72,72,72,72,72,72,72,72,72,72,72,72,72,72,72,72,72,72,72,72,72,72,72,72,72,72,72,72,72,72,72,72,72,72,72,72,72,72,72,72,72],"relic_stats":{"Peace Pipe":1,"Lizard Tail":36,"Shovel":2,"counters":[25,125],"Ornamental Fan":[60],"Letter Opener":[53],"obtain_stats":[{"Lantern":31,"Letter Opener":41,"Old Coin":23,"Peace Pipe":9,"Lizard Tail":6,"Bottled Flame":24,"Shovel":11,"HornCleat":43,"Ornamental Fan":40,"HolyWater":34,"Red Mask":37,"Bottled Lightning":26,"PureWater":0,"TungstenRod":0,"InkBottle":30,"Runic Pyramid":17},{"Lantern":16,"Letter Opener":21,"Old Coin":14,"Peace Pipe":6,"Lizard Tail":5,"Bottled Flame":14,"Shovel":7,"HornCleat":22,"Ornamental Fan":20,"HolyWater":17,"Red Mask":19,"Bottled Lightning":15,"PureWater":0,"TungstenRod":0,"InkBottle":16,"Runic Pyramid":9},{"Lantern":77,"Letter Opener":104,"Old Coin":69,"Peace Pipe":27,"Lizard Tail":25,"Bottled Flame":69,"Shovel":29,"HornCleat":110,"Ornamental Fan":99,"HolyWater":85,"Red Mask":95,"Bottled Lightning":72,"PureWater":0,"TungstenRod":0,"InkBottle":77,"Runic Pyramid":46}],"TungstenRod":74,"InkBottle":[25]},"card_choices":[{"not_picked":["FlurryOfBlows","Consecrate"],"picked":"Evaluate","floor":1.0},{"not_picked":["FollowUp","JustLucky"],"picked":"EmptyBody","floor":2.0},{"not_picked":["Vault","CutThroughFate"],"picked":"FlurryOfBlows","floor":4.0},{"not_picked":["Tantrum","FlyingSleeves"],"picked":"ThirdEye","floor":5.0},{"not_picked":["PathToVictory","SashWhip"],"picked":"Judgement","floor":6.0},{"not_picked":["SignatureMove","Halt"],"picked":"Prostrate","floor":8.0},{"not_picked":["SandsOfTime","WindmillStrike"],"picked":"CutThroughFate","floor":10.0},{"not_picked":["FlurryOfBlows","Consecrate"],"picked":"Prostrate","floor":12.0},{"not_picked":["Omniscience","LessonLearned"],"picked":"Wish","floor":16.0},{"not_picked":["Fasting2","Perseverance+1"],"picked":"BattleHymn","floor":18.0},{"not_picked":["SashWhip","FlyingSleeves"],"picked":"FearNoEvil","floor":19.0},{"not_picked":["SandsOfTime+1","SashWhip"],"picked":"BowlingBash","floor":20.0},{"not_picked":["ThirdEye","Fasting2"],"picked":"ReachHeaven","floor":22.0},{"not_picked":["Protect","FlyingSleeves","Sanctity"],"picked":"SKIP","floor":23.0},{"not_picked":["CutThroughFate+1","JustLucky+1"],"picked":"Prostrate+1","floor":25.0},{"not_picked":["EmptyBody","BowlingBash"],"picked":"SashWhip+1","floor":29.0},{"not_picked":["Establishment","Brilliance"],"picked":"MasterReality","floor":33.0},{"not_picked":["Nirvana+1","WaveOfTheHand"],"picked":"JustLucky","floor":35.0},{"not_picked":["PathToVictory","Protect"],"picked":"EmptyBody+1","floor":36.0},{"not_picked":["Protect","FollowUp"],"picked":"Collect+1","floor":38.0},{"not_picked":["Deep Breath","Panacea"],"picked":"Finesse","floor":39.0},{"not_picked":["DevaForm","ClearTheMind"],"picked":"CrushJoints+1","floor":41.0},{"not_picked":["FollowUp","EmptyFist"],"picked":"Consecrate","floor":42.0},{"not_picked":["JustLucky","BowlingBash"],"picked":"Crescendo","floor":47.0},{"not_picked":["EmptyBody+1","Collect+1"],"picked":"FearNoEvil+1","floor":48.0}],"player_experience":235675,"relics_obtained":[{"floor":6.0,"key":"Lizard Tail"},{"floor":9.0,"key":"Peace Pipe"},{"floor":23.0,"key":"Old Coin"},{"floor":24.0,"key":"Bottled Flame"},{"floor":26.0,"key":"Bottled Lightning"},{"floor":40.0,"key":"Ornamental Fan"},{"floor":41.0,"key":"Letter Opener"},{"floor":43.0,"key":"HornCleat"}],"event_choices":[{"damage_healed":0.0,"max_hp_gain":0.0,"max_hp_loss":0.0,"gold_gain":0.0,"event_name":"Wheel of Change","player_choice":"Cursed","floor":3.0,"gold_loss":0.0,"damage_taken":0.0,"cards_obtained":["Decay"]},{"damage_healed":0.0,"max_hp_gain":0.0,"max_hp_loss":0.0,"gold_gain":0.0,"event_name":"Scrap Ooze","player_choice":"Success","floor":11.0,"gold_loss":0.0,"damage_taken":18.0,"relics_obtained":["Shovel"]},{"damage_healed":0.0,"max_hp_gain":0.0,"max_hp_loss":0.0,"gold_gain":0.0,"event_name":"Dead Adventurer","player_choice":"Searched \u00270\u0027 times","floor":14.0,"gold_loss":0.0,"damage_taken":0.0},{"damage_healed":0.0,"max_hp_gain":0.0,"max_hp_loss":0.0,"gold_gain":0.0,"event_name":"Vampires","player_choice":"Ignored","floor":21.0,"gold_loss":0.0,"damage_taken":0.0},{"damage_healed":0.0,"max_hp_gain":0.0,"max_hp_loss":0.0,"gold_gain":0.0,"event_name":"Addict","player_choice":"Obtained Relic","floor":30.0,"gold_loss":85.0,"damage_taken":0.0,"relics_obtained":["InkBottle"]},{"damage_healed":0.0,"max_hp_gain":0.0,"max_hp_loss":0.0,"gold_gain":0.0,"event_name":"Tomb of Lord Red Mask","player_choice":"Paid","floor":37.0,"gold_loss":148.0,"damage_taken":0.0,"relics_obtained":["Red Mask"]},{"damage_healed":0.0,"max_hp_gain":0.0,"max_hp_loss":0.0,"gold_gain":0.0,"event_name":"SensoryStone","player_choice":"Memory 1","floor":39.0,"gold_loss":0.0,"damage_taken":0.0},{"cards_removed":["MasterReality"],"damage_healed":0.0,"max_hp_gain":0.0,"max_hp_loss":0.0,"gold_gain":0.0,"event_name":"Falling","player_choice":"Removed Power","floor":44.0,"gold_loss":0.0,"damage_taken":0.0},{"damage_healed":0.0,"max_hp_gain":0.0,"max_hp_loss":0.0,"gold_gain":0.0,"event_name":"Mysterious Sphere","player_choice":"Ignored","floor":45.0,"gold_loss":0.0,"damage_taken":0.0}],"is_beta":false,"boss_relics":[{"not_picked":["Philosopher\u0027s Stone","Sozu"],"picked":"Runic Pyramid"},{"not_picked":["SacredBark","Empty Cage"],"picked":"HolyWater"}],"items_purged_floors":[27,31],"is_endless":false,"potions_floor_spawned":[5,10,12,16,20,23,25,29,35,36,42,47,48],"killed_by":"Donu and Deca","ascension_level":0}}