{"host":"0xlcnu2w4h2ggn6b","time":1613160894,"event":{"mods":["BaseMod","Colored Map","Custom Start","Downfall","Minty Spire (QoL Compilation)","StSLib"],"gold_per_floor":[99,274,304,304,324,84,84,99,99,91,91,116,416,449,471,582,582,482,494,518,603,603,603,603,603],"floor_reached":23,"language":"ENG","playtime":2029,"items_purged":["downfall:Malfunctioning"],"score":187,"play_id":"fdfa1b28-3be2-4b2c-b8c7-f6f4f7087ecc","local_time":"20210212151454","is_ascension_mode":false,"campfire_choices":[{"data":"hexamod:Float","floor":1.0,"key":"SMITH"},{"data":"hexamod:PhantomCloak","floor":9.0,"key":"SMITH"},{"data":"hexamod:PhantomCloak","floor":11.0,"key":"SMITH"},{"data":"hexamod:GhostOfSpirePresent","floor":18,"key":"SMITH"}],"circlet_count":0,"master_deck":["hexamod:Defend","hexamod:Defend","hexamod:Defend","hexamod:Sear","hexamod:Float+1","hexamod:EmpoweredFlame","hexamod:PhantomCloak+1","hexamod:DynamicBlow","hexamod:PhantomCloak+1","hexamod:FirstSeal","hexamod:SecondSeal","hexamod:ThirdSeal","hexamod:SpectersWail","hexamod:HauntingEcho","hexamod:GhostLash+1","hexamod:BurningTouch","hexamod:GhostOfSpirePresent","hexamod:GhostOfSpirePresent+1","hexamod:SoulSteal","hexamod:GhostOfSpireFuture","hexamod:HeatShield+1","downfall:Bewildered"],"relics":["hexamod:SpiritBrand","Torii","hexamod:InflammatoryLetter","Old Coin","Molten Egg 2","Empty Cage","downfall:HeartBlessingGreen","sneckomod:BabySnecko"],"acts_visited":["Exordium","TheCity"],"potions_floor_usage":[],"damage_taken":[{"damage":2.0,"enemies":"Small Slimes","floor":5.0,"turns":5.0},{"damage":3.0,"enemies":"downfall:FleeingMerchant","floor":6.0,"turns":4.0},{"damage":1.0,"enemies":"2 Louse","floor":8.0,"turns":4.0},{"damage":1.0,"enemies":"Cultist","floor":12.0,"turns":4.0},{"damage":13.0,"enemies":"Lagavulin","floor":14.0,"turns":7.0},{"damage":8,"enemies":"Blue Slaver","floor":15,"turns":4},{"damage":49,"enemies":"DF_ARCHETYPE_STREAMLINE","floor":16,"turns":10},{"damage":37,"enemies":"3 Byrds","floor":19,"turns":6},{"damage":22,"enemies":"Chosen and Byrds","floor":20,"turns":9},{"damage":17,"enemies":"Snecko","floor":23,"turns":3}],"seed_played":"-9195144546445660874","potions_obtained":[{"floor":14,"key":"Dexterity Potion"},{"floor":15,"key":"hexamod:InfernoChargePotion"},{"floor":20,"key":"LiquidBronze"}],"is_trial":false,"path_per_floor":["R","?","?","?","M","$","T","M","R","?","R","M","T","E","M","B",null,"R","M","M","?","?","M"],"character_chosen":"THE_SPIRIT","items_purchased":["hexamod:PhantomCloak","hexamod:DynamicBlow"],"campfire_rested":0,"item_purchase_floors":[6,6],"current_hp_per_floor":[70,70,70,70,68,65,65,64,64,57,57,63,63,57,56,14,70,70,40,25,11,11,0,0,0],"gold":603,"neow_bonus":"REMOVE_CARD","is_daily":false,"chose_seed":false,"campfire_upgraded":4,"win_rate":0.0,"timestamp":1613160894,"path_taken":["R","?","?","?","?","$","T","M","R","?","R","M","?","E","M","BOSS","R","M","M","?","?","M"],"items_purchased_type":["Card","Card"],"build_version":"2020-12-22","purchased_purges":1,"victory":false,"max_hp_per_floor":[70,70,70,70,70,70,70,70,70,70,70,70,70,70,70,70,70,70,70,70,70,70,70,70,70],"card_choices":[{"not_picked":["hexamod:ShieldOfDarkness","hexamod:BurningTouch"],"picked":"hexamod:EmpoweredFlame","floor":5.0},{"not_picked":["hexamod:NightmareStrike","hexamod:NecessarySacrifice"],"picked":"hexamod:NightmareGuise","floor":6.0},{"not_picked":["hexamod:RetreatToShadows","hexamod:NightmareStrike"],"picked":"hexamod:PhantomCloak","floor":8.0},{"not_picked":["hexamod:SwordOfDarkness","hexamod:InspiringFlames"],"picked":"hexamod:SpectersWail","floor":12.0},{"not_picked":["hexamod:SpectersWail","hexamod:ThirdSeal"],"picked":"hexamod:HauntingEcho","floor":12.0},{"not_picked":["hexamod:BacktrackSmack+1","hexamod:SearingWound"],"picked":"hexamod:GhostLash+1","floor":14},{"not_picked":["hexamod:SpectersWail+1","hexamod:Firestarter+1"],"picked":"hexamod:BurningTouch","floor":15},{"not_picked":["hexamod:BacktrackSmack+1","hexamod:InspiringFlames","hexamod:AdvancingGuard"],"picked":"SKIP","floor":15},{"not_picked":["hexamod:GhostflameInferno","hexamod:TimeWarp+1"],"picked":"hexamod:GhostOfSpirePresent","floor":16},{"not_picked":["hexamod:WildfireWeapon","hexamod:TimeOfNeed"],"picked":"hexamod:GhostOfSpirePresent","floor":16},{"not_picked":["hexamod:HeatCrush+1","hexamod:BacktrackSmack+1"],"picked":"hexamod:SoulSteal","floor":19},{"not_picked":["hexamod:InspiringFlames","hexamod:RetreatToShadows","hexamod:FastForward+1"],"picked":"SKIP","floor":19},{"not_picked":["hexamod:HauntingEcho+1","hexamod:AdvancingGuard"],"picked":"hexamod:GhostOfSpireFuture","floor":20},{"not_picked":["hexamod:RetreatToShadows+1","hexamod:ThirdSeal"],"picked":"hexamod:HeatShield+1","floor":20}],"player_experience":571240,"relics_obtained":[{"floor":7.0,"key":"hexamod:InflammatoryLetter"},{"floor":13.0,"key":"Old Coin"},{"floor":14,"key":"Molten Egg 2"}],"event_choices":[],"is_beta":false,"boss_relics":[{"not_picked":["Sozu","Runic Dome"],"picked":"Empty Cage"}],"items_purged_floors":[6],"is_endless":false,"potions_floor_spawned":[14,15,20],"killed_by":"Snecko","ascension_level":0}}