{"host":"g8a0qo0vjtg6u5wv","time":1613136622,"event":{"mods":["BaseMod","Colored Map","Custom Start","KOR Keyword Fix","Minty Spire (QoL Compilation)","StSLib","SuperFastMode"],"gold_per_floor":[114,126,143,1,1,33,33,63,117,143,93,93,93,110,110,110,110],"floor_reached":16,"language":"KOR","playtime":372,"items_purged":["Strike_P","Defend_P"],"score":165,"play_id":"cc931779-ca66-4c12-97fc-7346d871becb","local_time":"20210212223022","is_ascension_mode":true,"campfire_choices":[{"floor":7,"key":"REST"},{"floor":12,"key":"REST"},{"data":"Eruption","floor":15,"key":"SMITH"}],"circlet_count":0,"master_deck":["Strike_P","Strike_P","Strike_P","Defend_P","Defend_P","Defend_P+1","Eruption+1","Vigilance+1","Indignation","EmptyFist","ForeignInfluence","MentalFortress","SpiritShield","Halt","FearNoEvil"],"relics":["PureWater","NeowsBlessing","Ornamental Fan","War Paint","Centennial Puzzle","Blood Vial","Smiling Mask","Juzu Bracelet"],"acts_visited":["Exordium"],"potions_floor_usage":[10,10],"damage_taken":[{"damage":0,"enemies":"Jaw Worm","floor":1,"turns":1},{"damage":0,"enemies":"Cultist","floor":2,"turns":1},{"damage":0,"enemies":"2 Louse","floor":3,"turns":1},{"damage":36,"enemies":"3 Sentries","floor":6,"turns":11},{"damage":4,"enemies":"Lagavulin","floor":8,"turns":6},{"damage":26,"enemies":"3 Sentries","floor":10,"turns":5},{"damage":27,"enemies":"Exordium Thugs","floor":14,"turns":5},{"damage":21,"enemies":"Slime Boss","floor":16,"turns":5}],"seed_played":"-7708880454688511648","potions_obtained":[{"floor":3,"key":"Energy Potion"},{"floor":6,"key":"ColorlessPotion"}],"is_trial":false,"path_per_floor":["M","M","M","$","?","E","R","E","T","E","$","R","?","M","R","B"],"character_chosen":"WATCHER","items_purchased":["MentalFortress"],"campfire_rested":2,"item_purchase_floors":[4],"current_hp_per_floor":[65,65,65,65,58,22,43,39,39,15,15,36,36,11,11,0,0],"gold":110,"neow_bonus":"THREE_ENEMY_KILL","is_daily":false,"chose_seed":false,"campfire_upgraded":1,"win_rate":0.0,"timestamp":1613136622,"path_taken":["M","M","M","$","?","E","R","E","T","E","$","R","?","M","R","BOSS"],"items_purchased_type":["Card"],"build_version":"2020-12-22","purchased_purges":2,"victory":false,"max_hp_per_floor":[72,72,72,72,72,72,72,72,72,72,72,72,72,72,72,72,72],"card_choices":[{"not_picked":["JustLucky","Crescendo"],"picked":"Indignation","floor":1},{"not_picked":["Nirvana","Prostrate"],"picked":"EmptyFist","floor":2},{"not_picked":["TalkToTheHand","Perseverance"],"picked":"ForeignInfluence","floor":3},{"not_picked":["ThirdEye","Evaluate"],"picked":"SpiritShield","floor":6},{"not_picked":["MasterReality","Meditate","Pray"],"picked":"SKIP","floor":8},{"not_picked":["Collect","Crescendo"],"picked":"Halt","floor":10},{"not_picked":["EmptyBody","Pray"],"picked":"FearNoEvil","floor":14}],"player_experience":573318,"relics_obtained":[{"floor":6,"key":"War Paint"},{"floor":8,"key":"Centennial Puzzle"},{"floor":9,"key":"Blood Vial"},{"floor":10,"key":"Smiling Mask"},{"floor":13,"key":"Juzu Bracelet"}],"event_choices":[{"damage_healed":0,"gold_gain":0,"player_choice":"Success","damage_taken":7,"relics_obtained":["Ornamental Fan"],"max_hp_gain":0,"max_hp_loss":0,"event_name":"Scrap Ooze","floor":5,"gold_loss":0},{"damage_healed":0,"gold_gain":0,"player_choice":"Relic","damage_taken":0,"max_hp_gain":0,"max_hp_loss":0,"event_name":"Wheel of Change","floor":13,"gold_loss":0}],"is_beta":false,"boss_relics":[],"items_purged_floors":[4,11],"is_endless":false,"potions_floor_spawned":[3,6],"killed_by":"Slime Boss","ascension_level":8}}