{"host":"v4tuy5ykrbdcm9o9","time":1613150014,"event":{"mods":["BaseMod","Duelist Mod","Minty Spire (QoL Compilation)","Replay The Spire","StSLib"],"gold_per_floor":[111,124,124,25,35,60,60,115,115,80,28,46,46,75,75,75,75],"floor_reached":16,"language":"ENG","playtime":557,"items_purged":[],"score":157,"play_id":"883d2e28-b5b1-40dd-addc-6294760d90b8","local_time":"20210212121334","is_ascension_mode":true,"campfire_choices":[{"floor":7,"key":"RECALL"},{"data":"Armaments","floor":15,"key":"SMITH"}],"circlet_count":0,"master_deck":["Strike_R","Strike_R","Strike_R","Strike_R","Strike_R","Defend_R","Defend_R","Defend_R+1","Defend_R","Bash","Bloodletting","Cleave","Armaments+1","Blood for Blood","Hemokinesis","Hemokinesis","Flex+1","Heavy Blade","Rupture"],"relics":["Burning Blood","NeowsBlessing","Toxic Egg 2","Red Skull","Bottled Lightning"],"acts_visited":["Exordium"],"potions_floor_usage":[6,12,14,16],"damage_taken":[{"damage":0,"enemies":"Cultist","floor":1,"turns":1},{"damage":0,"enemies":"2 Louse","floor":2,"turns":1},{"damage":0,"enemies":"Jaw Worm","floor":5,"turns":1},{"damage":27,"enemies":"Gremlin Nob","floor":6,"turns":4},{"damage":2,"enemies":"2 Fungi Beasts","floor":12,"turns":2},{"damage":37,"enemies":"Lagavulin","floor":14,"turns":6},{"damage":53,"enemies":"The Guardian","floor":16,"turns":8}],"seed_played":"1328098914256376187","potions_obtained":[{"floor":2,"key":"Block Potion"},{"floor":6,"key":"Explosive Potion"},{"floor":12,"key":"FearPotion"},{"floor":14,"key":"DuplicationPotion"}],"is_trial":false,"path_per_floor":["M","M","?","$","M","E","R","?","T","?","$","M","$","E","R","B"],"character_chosen":"IRONCLAD","items_purchased":["Armaments","Blood for Blood","Flex+1"],"campfire_rested":0,"item_purchase_floors":[4,4,11],"current_hp_per_floor":[78,80,80,80,80,59,59,59,59,79,79,80,80,49,49,0,0],"gold":75,"neow_bonus":"THREE_ENEMY_KILL","is_daily":false,"chose_seed":false,"campfire_upgraded":1,"win_rate":0.0,"timestamp":1613150014,"path_taken":["M","?","?","?","M","E","R","?","T","?","$","M","?","E","R","BOSS"],"items_purchased_type":["Card","Card","Card"],"build_version":"2020-12-22","purchased_purges":0,"victory":false,"max_hp_per_floor":[80,80,80,80,80,80,80,80,80,80,80,80,80,80,80,80,80],"card_choices":[{"not_picked":["True Grit","Replay:Undeath\u0027s Touch"],"picked":"Bloodletting","floor":1},{"not_picked":["Heavy Blade","Power Through"],"picked":"Cleave","floor":2},{"not_picked":["ReplayReversal","Shockwave"],"picked":"Hemokinesis","floor":5},{"not_picked":["Berserk","Power Through+1"],"picked":"Hemokinesis","floor":6},{"not_picked":["Replay:Undeath\u0027s Touch","Run Through"],"picked":"Heavy Blade","floor":12},{"not_picked":["Replay:Undeath\u0027s Touch","Run Through"],"picked":"Rupture","floor":14}],"player_experience":847669,"relics_obtained":[{"floor":6,"key":"Toxic Egg 2"},{"floor":9,"key":"Red Skull"},{"floor":14,"key":"Bottled Lightning"}],"event_choices":[{"damage_healed":0,"gold_gain":55,"player_choice":"Gained Gold","damage_taken":0,"max_hp_gain":0,"max_hp_loss":0,"event_name":"Golden Wing","floor":8,"gold_loss":0},{"damage_healed":20,"gold_gain":0,"player_choice":"Healed","damage_taken":0,"max_hp_gain":0,"max_hp_loss":0,"event_name":"The Cleric","floor":10,"gold_loss":35}],"is_beta":false,"boss_relics":[],"items_purged_floors":[],"is_endless":false,"potions_floor_spawned":[2,6,12,14],"killed_by":"The Guardian","ascension_level":9}}