{"host":"i45hfqkcke4zequp","time":1613141689,"event":{"mods":["AchievementEnabler","BaseMod","Minty Spire (QoL Compilation)","Permanent Neow","Shop Mod"],"gold_per_floor":[363,363,379,141,155,155,155,155,180,214,7,34,46,57,57,157,157,176,0,14,28,28,57,57,57,57],"floor_reached":25,"language":"KOR","playtime":889,"items_purged":[],"score":335,"play_id":"d9753687-aee6-480d-be96-4b23c5e3c40b","local_time":"20210212235449","is_ascension_mode":true,"campfire_choices":[{"data":"Flex","floor":6.0,"key":"SMITH"},{"data":"Combust","floor":8.0,"key":"SMITH"},{"data":"Feed","floor":15.0,"key":"SMITH"},{"floor":24,"key":"REST"}],"circlet_count":0,"master_deck":["Strike_R","Strike_R","Strike_R","Strike_R","Strike_R","Defend_R","Defend_R","Defend_R","Defend_R","Bash","Sword Boomerang","Brutality","Madness+1","Dropkick","Bash","Thunderclap","Flex+1","Combust+1","Armaments","Anger","Carnage","Cleave","Feed+1","Feed","Perfected Strike","Inflame","Rupture","Thunderclap+1","Anger+1"],"relics":["Burning Blood","ClockworkSouvenir","Blood Vial","The Courier","MerchantsRug","Strawberry","SlaversCollar","Oddly Smooth Stone","Toxic Egg 2","Pocketwatch"],"acts_visited":["Exordium","TheCity"],"potions_floor_usage":[18,21,23],"damage_taken":[{"damage":2.0,"enemies":"Jaw Worm","floor":1.0,"turns":3.0},{"damage":1.0,"enemies":"Cultist","floor":3.0,"turns":3.0},{"damage":14.0,"enemies":"2 Louse","floor":5.0,"turns":2.0},{"damage":22.0,"enemies":"3 Sentries","floor":10.0,"turns":3.0},{"damage":29.0,"enemies":"Gremlin Nob","floor":12.0,"turns":4.0},{"damage":6.0,"enemies":"Lots of Slimes","floor":13.0,"turns":4.0},{"damage":6.0,"enemies":"Looter","floor":14.0,"turns":2.0},{"damage":32.0,"enemies":"Hexaghost","floor":16.0,"turns":7.0},{"damage":22,"enemies":"2 Thieves","floor":18,"turns":2},{"damage":19,"enemies":"Chosen","floor":20,"turns":4},{"damage":14,"enemies":"Snake Plant","floor":21,"turns":3},{"damage":58,"enemies":"Gremlin Leader","floor":23,"turns":5},{"damage":38,"enemies":"Slavers","floor":25,"turns":2}],"seed_played":"3399668079214309692","potions_obtained":[{"floor":1.0,"key":"ColorlessPotion"},{"floor":3.0,"key":"Swift Potion"},{"floor":12.0,"key":"EssenceOfSteel"},{"floor":14.0,"key":"Weak Potion"},{"floor":16.0,"key":"AttackPotion"},{"floor":18,"key":"FearPotion"},{"floor":20,"key":"BloodPotion"}],"is_trial":false,"path_per_floor":["M","?","M","$","M","R","?","R","T","E","$","E","M","M","R","B",null,"M","$","M","M","?","E","R","E"],"character_chosen":"IRONCLAD","items_purchased":["ClockworkSouvenir","Flex","Combust","MerchantsRug","Fruit Juice","Oddly Smooth Stone","Inflame"],"campfire_rested":1,"item_purchase_floors":[4,4,4,11,11,19,19],"current_hp_per_floor":[72,72,72,72,64,64,64,64,64,50,50,41,43,45,45,21,68,54,54,43,41,41,8,34,0,0],"gold":57,"neow_bonus":"TWO_FIFTY_GOLD","is_daily":false,"chose_seed":false,"campfire_upgraded":3,"win_rate":0.0,"timestamp":1613141689,"path_taken":["M","?","?","$","M","R","?","R","T","E","$","E","M","M","R","BOSS","M","?","M","M","?","E","R","E"],"items_purchased_type":["Relic","Card","Card","Relic","Potion","Relic","Card"],"build_version":"2020-12-22","purchased_purges":0,"victory":false,"max_hp_per_floor":[72,72,72,72,72,72,72,72,72,72,72,84,84,84,84,84,84,84,84,84,88,88,88,88,88,88],"card_choices":[{"not_picked":["Pummel","Clash"],"picked":"Sword Boomerang","floor":1.0},{"not_picked":["True Grit","Havoc"],"picked":"Thunderclap","floor":3.0},{"not_picked":["Burning Pact","Second Wind"],"picked":"Armaments","floor":5.0},{"not_picked":["Sentinel","Flex"],"picked":"Anger","floor":10.0},{"not_picked":["Wild Strike","Clash"],"picked":"Carnage","floor":12.0},{"not_picked":["Armaments","Sword Boomerang"],"picked":"Cleave","floor":13.0},{"not_picked":["Bloodletting","Perfected Strike"],"picked":"Feed","floor":14.0},{"not_picked":["Juggernaut","Brutality"],"picked":"Feed","floor":16.0},{"not_picked":["Cleave","Heavy Blade"],"picked":"Perfected Strike","floor":18},{"not_picked":["Uppercut","Feel No Pain"],"picked":"Rupture","floor":20},{"not_picked":["Headbutt+1","Rage"],"picked":"Thunderclap+1","floor":21},{"not_picked":["Flex+1","Heavy Blade"],"picked":"Anger+1","floor":23}],"player_experience":538845,"relics_obtained":[{"floor":9.0,"key":"Blood Vial"},{"floor":10.0,"key":"The Courier"},{"floor":12.0,"key":"Strawberry"},{"floor":23,"key":"Pocketwatch"}],"event_choices":[{"damage_healed":0.0,"max_hp_gain":0.0,"max_hp_loss":0.0,"gold_gain":0.0,"event_name":"Match and Keep!","player_choice":"4 cards matched","floor":2.0,"gold_loss":0.0,"damage_taken":0.0,"cards_obtained":["Brutality","Madness","Dropkick","Bash"]},{"damage_healed":0.0,"max_hp_gain":0.0,"max_hp_loss":0.0,"gold_gain":0.0,"event_name":"Upgrade Shrine","player_choice":"Upgraded","floor":7.0,"gold_loss":0.0,"damage_taken":0.0,"cards_upgraded":["Madness"]},{"damage_healed":0,"gold_gain":0,"player_choice":"Opened","damage_taken":0,"relics_obtained":["Toxic Egg 2"],"max_hp_gain":0,"max_hp_loss":0,"event_name":"The Mausoleum","floor":22,"gold_loss":0}],"is_beta":false,"boss_relics":[{"not_picked":["Empty Cage","Runic Dome"],"picked":"SlaversCollar"}],"items_purged_floors":[],"is_endless":false,"potions_floor_spawned":[1,3,12,14,16,18,20],"killed_by":"Slavers","ascension_level":9}}