{"host":"6s56i2m8qxa2yngo","time":1613111570,"event":{"mods":["100% Spire Juice","2.2 Compatiblity","Act Like it!","AlwaysNeverKeys","Aspiration","BaseMod","Better Altar","Better Match","Better Note","Better Sensory Stone","Better Skull","Better Third Choice","Better Vampires","CapriCore","Card Forge","Challenge The Spire","Conspire","DeckTracker","Energized Spire","Faster Ascension Climbing","Friendly Minions","Gold Saver","Halation","Hubris","Minty Spire (QoL Compilation)","Permanent Neow","Prisma Mod","Quarter Circle Forward PUNCH!","Railgun Mod","Relic Filter","Remilia??????","Remove Card Discount Mod","Replay The Spire","Shop Mod","Small Relic Pack","StSLib","SuperFastMode","The Alterego","The Animator","The Death Knight","The Immortal","The Marked","Uncapped","Wandering Minibosses"],"gold_per_floor":[130,164,164,164,93,154,154,103,103,103,103,53,102,115,65,199,79,119,119,119,119,186,234,292,58,83,121,188,207,279,349,349,471,471,517,517,517,517,253,300,342,424,503,503,565,599,678,769,769,777,792,792,792,251,330,360],"floor_reached":57,"language":"ENG","playtime":5360,"items_purged":["conspire:Banana+1","conspire:Banana+1"],"score":3875,"play_id":"df93c057-5fc5-4baa-92ba-024c6eec35df","local_time":"20210212003250","is_ascension_mode":true,"campfire_choices":[{"floor":7.0,"key":"REST"},{"floor":10,"key":"REST"},{"floor":32,"key":"REST"},{"floor":44,"key":"REST"},{"floor":53,"key":"REST"}],"circlet_count":0,"master_deck":["AscendersBane","conspire:SpireCoStock+1","conspire:SpireCoStock+1","Moonworks:JonathanRush+1","Moonworks:JonathanRush+1","Moonworks:JonathanRush+1","Moonworks:Dinner+1","Moonworks:Dinner+1","Moonworks:SubspaceTunnel+1","Moonworks:SubspaceTunnel+1","Moonworks:TacticalRetreat+1","Moonworks:ScrambledEve+1","Moonworks:Encore+1","Moonworks:BackdoorTrade+1","Moonworks:WindyEnchantment+1","Moonworks:BackdoorTrade+1","Moonworks:JonathanRush+1","Moonworks:CrystalBarrier+1","Moonworks:HolyNight+1","Moonworks:TreasureThief+1","Pot Of Greed+1","Pot Of Greed+1","Moonworks:AccelHyper+1","Pot Of Greed+1"],"relics":["Moonworks:BrokenBomb","Moonworks:Homemark","Hammer of Thor","Seething Fire","Anvil of the Gods","aspiration:Nostalgia","Shuriken","Bag of Preparation","hubris:PeanutButter","hubris:TinFlute","Anchor","Philosopher\u0027s Stone","halation:PurpleSoulGem","relicPack:DarknessArmor","MerchantsRug","TheAbacus","Bag of Marbles","Vajra","Replay:Baseball","aspiration:RandomNobGenerator","wanderingMiniBosses:OtherGremlinHorn","relicPack:OneForAll","halation:QuantumPhysicsTextbook","Frozen Egg 2","hubris:SlimyHat","Nunchaku","qcfpunch:Green_Leotard","Grinning Jar","Ring of Hypnosis","aspiration:StickyExplosives_weak","Blue Candle","Lantern"],"acts_visited":["Exordium","TheCity","TheBeyond","TheEnding"],"potions_floor_usage":[22],"damage_taken":[{"damage":0.0,"enemies":"Cultist","floor":1.0,"turns":3.0},{"damage":0.0,"enemies":"Jaw Worm","floor":2.0,"turns":3.0},{"damage":10.0,"enemies":"2 Louse","floor":5.0,"turns":6.0},{"damage":22.0,"enemies":"Lagavulin","floor":6.0,"turns":5.0},{"damage":24.0,"enemies":"3 Sentries","floor":8.0,"turns":9.0},{"damage":15,"enemies":"Replay:BlueRogue","floor":12,"turns":4},{"damage":0,"enemies":"Looter","floor":13,"turns":3},{"damage":0,"enemies":"conspire:2 RoseBushes","floor":14,"turns":4},{"damage":20,"enemies":"Hexaghost","floor":16,"turns":9},{"damage":0,"enemies":"2 Thieves","floor":18,"turns":4},{"damage":47,"enemies":"3 Byrds","floor":22,"turns":6},{"damage":0,"enemies":"Slavers","floor":23,"turns":5},{"damage":0,"enemies":"Snake Plant","floor":24,"turns":3},{"damage":0,"enemies":"Centurion and Healer","floor":27,"turns":4},{"damage":0,"enemies":"conspire:Head Lice","floor":28,"turns":5},{"damage":0,"enemies":"Shelled Parasite and Fungi","floor":29,"turns":4},{"damage":0,"enemies":"Slavers","floor":30,"turns":4},{"damage":0,"enemies":"Chosen and Byrds","floor":31,"turns":5},{"damage":0,"enemies":"Collector","floor":33,"turns":4},{"damage":23,"enemies":"3 Shapes","floor":35,"turns":3},{"damage":0,"enemies":"R_Hoarder","floor":40,"turns":5},{"damage":0,"enemies":"Nemesis","floor":41,"turns":3},{"damage":0,"enemies":"Giant Head","floor":42,"turns":3},{"damage":0,"enemies":"Nemesis","floor":45,"turns":3},{"damage":0,"enemies":"3 Darklings","floor":46,"turns":2},{"damage":0,"enemies":"Spire Growth","floor":47,"turns":2},{"damage":0,"enemies":"Maw","floor":48,"turns":2},{"damage":0,"enemies":"Awakened One","floor":50,"turns":3},{"damage":0,"enemies":"hubris:GrandSnecko","floor":51,"turns":2},{"damage":0,"enemies":"Shield and Spear","floor":55,"turns":2},{"damage":0,"enemies":"The Heart","floor":56,"turns":5}],"seed_played":"2806288555682998717","potions_obtained":[{"floor":1.0,"key":"AttackPotion"},{"floor":2.0,"key":"LifebloodPotion"},{"floor":23,"key":"Block Potion"},{"floor":29,"key":"Flashbang"},{"floor":48,"key":"Swift Potion"}],"is_trial":false,"path_per_floor":["M","M","T","$","M","E","R","E","T","R","?","E","M","M","R","B",null,"M","?","$","?","M","E","M","$","T","M","E","M","E","M","R","B",null,"M","$","?","?","$","E","E","E","T","R","E","M","M","M","R","B","B",null,"R","$","E","B",null],"character_chosen":"THE_STARBREAKER","items_purchased":["MerchantsRug","TheAbacus","halation:QuantumPhysicsTextbook","aspiration:StickyExplosives_weak","Blue Candle"],"campfire_rested":5,"item_purchase_floors":[25,25,39,54,54],"current_hp_per_floor":[52,54,54,54,48,30,50,30,30,51,51,47,62,83,83,74,84,91,91,91,91,60,86,101,101,101,107,109,113,117,123,123,127,127,110,110,110,110,110,135,139,143,143,143,147,151,155,159,159,165,169,169,169,169,169,169],"gold":360,"neow_bonus":"NOSTALGIA","is_daily":false,"chose_seed":false,"campfire_upgraded":0,"win_rate":0.0,"timestamp":1613111570,"path_taken":["M","M","?","$","M","E","R","E","T","R","?","E","?","M","R","BOSS","M","?","$","?","M","E","M","?","T","M","E","M","E","M","R","BOSS","M","$","?","?","$","E","E","E","T","R","E","M","M","M","R","BOSS","BOSS","R","$","E","BOSS"],"items_purchased_type":["Relic","Relic","Relic","Relic","Relic"],"build_version":"2020-12-22","purchased_purges":2,"victory":true,"max_hp_per_floor":[57,59,59,59,63,67,67,71,71,71,71,75,79,83,83,87,87,91,91,91,91,95,99,103,103,103,107,109,113,117,123,123,127,127,133,133,133,133,133,135,139,143,143,143,147,151,155,159,159,165,169,169,169,169,169,169],"card_choices":[{"not_picked":["Moonworks:FinalSurgery","Moonworks:IndiscriminateFireSupport"],"picked":"Moonworks:LuckyCharm","floor":1.0},{"not_picked":["Moonworks:StiffCrystal","Moonworks:EvilSpyWorkPreparation"],"picked":"Moonworks:LulusLuckyEgg","floor":2.0},{"not_picked":["Moonworks:IndiscriminateFireSupport","Moonworks:Assault"],"picked":"Moonworks:JonathanRush","floor":5.0},{"not_picked":["Moonworks:ImOnFire","Moonworks:LulusLuckyEgg","Moonworks:FinalBattle"],"picked":"SKIP","floor":6.0},{"not_picked":["Moonworks:SakisCookie","Moonworks:BigMagnum"],"picked":"Moonworks:JonathanRush","floor":8},{"not_picked":["Moonworks:Bloodlust","Moonworks:BigMagnum","Moonworks:Assault"],"picked":"SKIP","floor":12},{"not_picked":["Moonworks:CloudOfSeagulls","Moonworks:BigMagnum","Moonworks:DeployBits"],"picked":"SKIP","floor":13},{"not_picked":["Moonworks:RagingMadness","Moonworks:BigMagnum","Moonworks:ImOnFire"],"picked":"SKIP","floor":14},{"not_picked":["Moonworks:StarBlastingFuse","Moonworks:PlushieMaster"],"picked":"Moonworks:SubspaceTunnel","floor":16},{"not_picked":["Moonworks:RagingMadness","Moonworks:Dinner","Moonworks:ImOnFire"],"picked":"SKIP","floor":18},{"not_picked":["Moonworks:RagingMadness","Moonworks:Dinner","Moonworks:ImOnFire"],"picked":"SKIP","floor":18},{"not_picked":["Moonworks:EvilSpyWorkPreparation","Moonworks:Bloodlust","Moonworks:CookingTime"],"picked":"SKIP","floor":22},{"not_picked":["Moonworks:ImOnFire","Moonworks:Heat300Percent"],"picked":"Moonworks:ScrambledEve","floor":23},{"not_picked":["Moonworks:Assault","Moonworks:RagingMadness","Moonworks:ForcedRevival"],"picked":"SKIP","floor":24},{"not_picked":["Moonworks:Flamethrower","Moonworks:DeployBits","Moonworks:IndiscriminateFireSupport+1"],"picked":"SKIP","floor":27},{"not_picked":["Moonworks:SakisCookie","Moonworks:Heat300Percent"],"picked":"Moonworks:Encore","floor":28},{"not_picked":["Moonworks:MiracleRedBeanIceCream","Moonworks:ImOnFire","Moonworks:UnluckyCharm"],"picked":"SKIP","floor":29},{"not_picked":["Moonworks:ImOnFire","Moonworks:DeployBits","Moonworks:CompletionReward"],"picked":"SKIP","floor":30},{"not_picked":["Moonworks:EvilSpyWorkPreparation","Moonworks:SealedMemories+1"],"picked":"Moonworks:JonathanRush","floor":31},{"not_picked":["Moonworks:SubspaceTunnel","Moonworks:LeapThroughSpace"],"picked":"Moonworks:CrystalBarrier","floor":33},{"not_picked":["Moonworks:NicePresent","Moonworks:SakisCookie+1","Moonworks:IndiscriminateFireSupport"],"picked":"SKIP","floor":35},{"not_picked":["Moonworks:CloudOfSeagulls+1","Moonworks:EvilSpyWorkPreparation+1"],"picked":"Moonworks:HolyNight+1","floor":40},{"not_picked":["Moonworks:EvilSpyWorkPreparation","Moonworks:FinalSurgery","Moonworks:UnluckyCharm"],"picked":"SKIP","floor":41},{"not_picked":["Moonworks:BigBangBell+1","Moonworks:SakisCookie"],"picked":"Moonworks:TreasureThief","floor":42},{"not_picked":["Moonworks:IndiscriminateFireSupport","Moonworks:CloudOfSeagulls"],"picked":"Moonworks:AccelHyper","floor":45},{"not_picked":["Moonworks:JonathanRush","Moonworks:SakisCookie","Moonworks:EvilSpyWorkPreparation"],"picked":"SKIP","floor":46},{"not_picked":["Moonworks:JonathanRush","Moonworks:ExtendedPhotonRifle","Moonworks:BeyondHell+1"],"picked":"SKIP","floor":47},{"not_picked":["Moonworks:DeployBits+1","Moonworks:TacticalRetreat+1","Moonworks:NicePresent"],"picked":"SKIP","floor":48},{"not_picked":["Moonworks:AwakeningOfTalent","Moonworks:FullSpeedAlicianrone","Moonworks:SakisCookie+1"],"picked":"SKIP","floor":55}],"player_experience":175543,"relics_obtained":[{"floor":3.0,"key":"Shuriken"},{"floor":6.0,"key":"Bag of Preparation"},{"floor":8,"key":"hubris:PeanutButter"},{"floor":9,"key":"hubris:TinFlute"},{"floor":12,"key":"Anchor"},{"floor":23,"key":"relicPack:DarknessArmor"},{"floor":26,"key":"Bag of Marbles"},{"floor":28,"key":"Vajra"},{"floor":30,"key":"Replay:Baseball"},{"floor":35,"key":"wanderingMiniBosses:OtherGremlinHorn"},{"floor":40,"key":"Frozen Egg 2"},{"floor":41,"key":"hubris:SlimyHat"},{"floor":42,"key":"Nunchaku"},{"floor":43,"key":"qcfpunch:Green_Leotard"},{"floor":45,"key":"Grinning Jar"},{"floor":49,"key":"Ring of Hypnosis"},{"floor":55,"key":"Lantern"}],"event_choices":[{"damage_healed":0,"gold_gain":0,"player_choice":"Ignored","damage_taken":0,"max_hp_gain":0,"max_hp_loss":0,"event_name":"Upgrade Shrine","floor":11,"gold_loss":0}],"is_beta":false,"boss_relics":[{"not_picked":["Coffee Dripper","Busted Crown"],"picked":"Philosopher\u0027s Stone"},{"not_picked":["ChewingGum","Replay:Wanted Poster"],"picked":"aspiration:RandomNobGenerator"}],"items_purged_floors":[54,54],"is_endless":false,"potions_floor_spawned":[1,2,6,8,18,23,29,30,33,42,45,46,47,48],"ascension_level":20}}