{"host":"4rvakrj1idbgia3f","time":1613154780,"event":{"mods":["BaseMod","Colored Map","Colored Powertips","DeckTracker","Highlight Path","Minty Spire (QoL Compilation)","Random Character Button","StSLib"],"gold_per_floor":[116,116,134,153,153,153,180,180,260,260,272,286,126,151,151,225,225,235,47,59,59,59,59,70,70,70,87,114,114,144,164,164,238,238,253,265,265,265,290,290,322,322,345,393,393,408,423,31,31,31,31,31,31,4,37,37,37],"floor_reached":56,"language":"JPN","playtime":3560,"items_purged":["Strike_G"],"score":1996,"play_id":"3c97c92e-bf14-472d-b6ce-6476b920135e","local_time":"20210213033300","is_ascension_mode":true,"campfire_choices":[{"data":"Terror","floor":6.0,"key":"SMITH"},{"floor":8.0,"key":"REST"},{"data":"Blade Dance","floor":10.0,"key":"SMITH"},{"data":"Blade Dance","floor":15.0,"key":"SMITH"},{"data":"Adrenaline","floor":23.0,"key":"SMITH"},{"data":"Burst","floor":25.0,"key":"SMITH"},{"data":"Blade Dance","floor":29.0,"key":"SMITH"},{"data":"Well Laid Plans","floor":32.0,"key":"SMITH"},{"data":"Venomology","floor":40.0,"key":"SMITH"},{"data":"Caltrops","floor":42.0,"key":"SMITH"},{"data":"Blur","floor":45.0,"key":"SMITH"},{"floor":49.0,"key":"RECALL"},{"data":"Storm of Steel","floor":53.0,"key":"SMITH"}],"circlet_count":0,"master_deck":["AscendersBane","Strike_G+1","Strike_G+1","Defend_G","Defend_G","Defend_G","Defend_G","Survivor","Neutralize+1","Terror+1","Blade Dance+1","Blade Dance+1","After Image+1","Blade Dance+1","Escape Plan","Blur+1","Caltrops+1","Adrenaline+1","Expertise+1","Terror+1","Corpse Explosion+1","PiercingWail","Well Laid Plans+1","Burst+1","Outmaneuver","Deflect","Heel Hook+1","Venomology+1","Backstab","PiercingWail","Accuracy+1","Storm of Steel+1"],"relics":["Ring of the Snake","Whetstone","Shuriken","Pen Nib","Astrolabe","Membership Card","Bottled Lightning","White Beast Statue","Tiny Chest","SlaversCollar","Dead Branch","Singing Bowl","Oddly Smooth Stone","Frozen Egg 2","HornCleat","Ice Cream"],"acts_visited":["Exordium","TheCity","TheBeyond","TheEnding"],"potions_floor_usage":[56,56],"damage_taken":[{"damage":10.0,"enemies":"Small Slimes","floor":1.0,"turns":4.0},{"damage":0.0,"enemies":"2 Louse","floor":3.0,"turns":4.0},{"damage":0.0,"enemies":"Jaw Worm","floor":4.0,"turns":4.0},{"damage":9.0,"enemies":"Lagavulin","floor":7.0,"turns":8.0},{"damage":0.0,"enemies":"Exordium Thugs","floor":11.0,"turns":3.0},{"damage":0.0,"enemies":"Large Slime","floor":12.0,"turns":4.0},{"damage":0.0,"enemies":"Gremlin Nob","floor":14.0,"turns":3.0},{"damage":8.0,"enemies":"Hexaghost","floor":16.0,"turns":7.0},{"damage":0.0,"enemies":"3 Byrds","floor":18.0,"turns":2.0},{"damage":0.0,"enemies":"2 Thieves","floor":20.0,"turns":2.0},{"damage":0.0,"enemies":"3 Cultists","floor":24.0,"turns":3.0},{"damage":0.0,"enemies":"Snecko","floor":27.0,"turns":3.0},{"damage":4.0,"enemies":"Slavers","floor":28.0,"turns":3.0},{"damage":12.0,"enemies":"Gremlin Leader","floor":30.0,"turns":3.0},{"damage":0.0,"enemies":"Centurion and Healer","floor":31.0,"turns":3.0},{"damage":24.0,"enemies":"Automaton","floor":33.0,"turns":9.0},{"damage":6.0,"enemies":"3 Shapes","floor":35.0,"turns":5.0},{"damage":1.0,"enemies":"Orb Walker","floor":36.0,"turns":5.0},{"damage":0.0,"enemies":"Mind Bloom Boss Battle","floor":39.0,"turns":3.0},{"damage":0.0,"enemies":"Reptomancer","floor":41.0,"turns":4.0},{"damage":0.0,"enemies":"Maw","floor":46.0,"turns":5.0},{"damage":0.0,"enemies":"4 Shapes","floor":47.0,"turns":3.0},{"damage":0.0,"enemies":"Donu and Deca","floor":50.0,"turns":6.0},{"damage":2.0,"enemies":"Awakened One","floor":51.0,"turns":6.0},{"damage":4.0,"enemies":"Shield and Spear","floor":55.0,"turns":5.0},{"damage":98,"enemies":"The Heart","floor":56,"turns":6}],"seed_played":"-8808555323921735106","potions_obtained":[{"floor":3.0,"key":"SkillPotion"},{"floor":7.0,"key":"FearPotion"},{"floor":12.0,"key":"LiquidBronze"},{"floor":16.0,"key":"PowerPotion"},{"floor":30.0,"key":"Block Potion"},{"floor":31.0,"key":"LiquidMemories"},{"floor":33.0,"key":"Block Potion"},{"floor":36.0,"key":"CunningPotion"},{"floor":39.0,"key":"LiquidMemories"},{"floor":55.0,"key":"Energy Potion"}],"is_trial":false,"path_per_floor":["M","?","M","M","?","R","E","R","T","R","M","M","$","E","R","B",null,"M","$","M","?","$","R","M","R","T","M","E","R","E","M","R","B",null,"M","M","?","?","?","R","E","R","T","T","R","M","M","$","R","B","B",null,"R","$","E","B"],"character_chosen":"THE_SILENT","items_purchased":["Caltrops","Membership Card","PiercingWail","Frozen Egg 2","Accuracy+1","HornCleat","Storm of Steel","SteroidPotion"],"campfire_rested":1,"item_purchase_floors":[13,19,19,48,48,48,48,54],"current_hp_per_floor":[49,49,49,49,29,29,20,39,39,39,39,39,39,39,39,31,57,57,57,57,57,57,57,57,57,57,57,53,53,41,41,41,17,54,48,47,47,47,47,47,49,49,49,49,49,51,51,51,51,51,49,65,65,65,63,0,0],"gold":37,"neow_bonus":"TRANSFORM_CARD","is_daily":false,"chose_seed":false,"campfire_upgraded":11,"win_rate":0.0,"timestamp":1613154780,"path_taken":["M","?","M","M","?","R","E","R","T","R","M","M","$","E","R","BOSS","M","$","M","?","?","R","M","R","T","M","E","R","E","M","R","BOSS","M","M","?","?","?","R","E","R","T","?","R","M","M","$","R","BOSS","BOSS","R","$","E","BOSS"],"items_purchased_type":["Card","Relic","Card","Relic","Card","Relic","Card","Potion"],"build_version":"2020-12-22","purchased_purges":1,"victory":false,"max_hp_per_floor":[66,66,66,66,66,66,66,66,66,66,66,66,66,66,66,66,66,66,66,66,66,66,66,66,66,66,66,66,66,66,66,66,66,66,66,66,66,66,66,66,68,68,68,68,68,70,70,70,70,70,70,70,70,70,72,72,72],"card_choices":[{"not_picked":["Acrobatics","Escape Plan"],"picked":"Blade Dance","floor":1.0},{"not_picked":["Dodge and Roll","Poisoned Stab"],"picked":"Blade Dance","floor":3.0},{"not_picked":["Acrobatics","Blade Dance"],"picked":"After Image","floor":4.0},{"not_picked":["Bane","Leg Sweep"],"picked":"Blade Dance","floor":7.0},{"not_picked":["Flying Knee","Finisher"],"picked":"Escape Plan","floor":11.0},{"not_picked":["Flechettes","All Out Attack"],"picked":"Blur","floor":12.0},{"not_picked":["Flying Knee","Sucker Punch"],"picked":"Dagger Spray","floor":14.0},{"not_picked":["Malaise","Grand Finale"],"picked":"Adrenaline","floor":16.0},{"not_picked":["Cloak And Dagger","Prepared","Slice+1"],"picked":"SKIP","floor":18.0},{"not_picked":["Calculated Gamble","Underhanded Strike"],"picked":"Well Laid Plans","floor":20.0},{"not_picked":["Expertise","Sucker Punch"],"picked":"Burst","floor":24.0},{"not_picked":["Dagger Spray","Skewer"],"picked":"Outmaneuver","floor":27.0},{"not_picked":["Underhanded Strike","Well Laid Plans"],"picked":"Deflect","floor":28.0},{"not_picked":["Blade Dance","Prepared"],"picked":"Heel Hook+1","floor":30.0},{"not_picked":["Flying Knee","Blade Dance","Noxious Fumes"],"picked":"SKIP","floor":31.0},{"not_picked":["Flying Knee","Blade Dance","Noxious Fumes"],"picked":"SKIP","floor":31.0},{"not_picked":["Die Die Die","Unload"],"picked":"Venomology","floor":33.0},{"not_picked":["Sucker Punch+1","Crippling Poison+1"],"picked":"Backstab","floor":35.0},{"not_picked":["Dodge and Roll","Flying Knee","Flechettes+1"],"picked":"SKIP","floor":36.0},{"not_picked":["Dodge and Roll","Underhanded Strike","Reflex"],"picked":"Singing Bowl","floor":41.0},{"not_picked":["Poisoned Stab+1","Blade Dance+1","Quick Slash+1"],"picked":"Singing Bowl","floor":46.0},{"not_picked":["Quick Slash+1","Dash"],"picked":"PiercingWail","floor":47.0},{"not_picked":["Bullet Time","Endless Agony+1","Leg Sweep+1"],"picked":"Singing Bowl","floor":55.0}],"player_experience":2313393,"relics_obtained":[{"floor":7.0,"key":"Whetstone"},{"floor":9.0,"key":"Shuriken"},{"floor":14.0,"key":"Pen Nib"},{"floor":26.0,"key":"Bottled Lightning"},{"floor":28.0,"key":"White Beast Statue"},{"floor":30.0,"key":"Tiny Chest"},{"floor":39.0,"key":"Dead Branch"},{"floor":41.0,"key":"Singing Bowl"},{"floor":44.0,"key":"Oddly Smooth Stone"},{"floor":55.0,"key":"Ice Cream"}],"event_choices":[{"damage_healed":0.0,"max_hp_gain":0.0,"max_hp_loss":0.0,"gold_gain":0.0,"event_name":"Liars Game","player_choice":"Ignored","floor":2.0,"gold_loss":0.0,"damage_taken":0.0},{"damage_healed":0.0,"max_hp_gain":0.0,"max_hp_loss":0.0,"gold_gain":0.0,"event_name":"Shining Light","player_choice":"Entered Light","floor":5.0,"gold_loss":0.0,"damage_taken":20.0,"cards_upgraded":["Strike_G","After Image"]},{"damage_healed":0.0,"max_hp_gain":0.0,"max_hp_loss":0.0,"gold_gain":0.0,"event_name":"Vampires","player_choice":"Ignored","floor":21.0,"gold_loss":0.0,"damage_taken":0.0},{"damage_healed":0.0,"max_hp_gain":0.0,"max_hp_loss":0.0,"gold_gain":0.0,"event_name":"Mysterious Sphere","player_choice":"Ignored","floor":37.0,"gold_loss":0.0,"damage_taken":0.0},{"damage_healed":0.0,"max_hp_gain":0.0,"max_hp_loss":0.0,"gold_gain":0.0,"event_name":"Tomb of Lord Red Mask","player_choice":"Ignored","floor":38.0,"gold_loss":0.0,"damage_taken":0.0},{"damage_healed":0.0,"max_hp_gain":0.0,"max_hp_loss":0.0,"gold_gain":0.0,"event_name":"MindBloom","player_choice":"Fight","floor":39.0,"gold_loss":0.0,"damage_taken":0.0}],"is_beta":false,"boss_relics":[{"not_picked":["Velvet Choker","Fusion Hammer"],"picked":"Astrolabe"},{"not_picked":["Pandora\u0027s Box","Runic Pyramid"],"picked":"SlaversCollar"}],"items_purged_floors":[13],"is_endless":false,"potions_floor_spawned":[3,7,12,16,18,30,31,33,35,36,39,41,46,47,55],"killed_by":"The Heart","ascension_level":20}}