{"host":"dlyy4wv9zatha4f7","time":1613163470,"event":{"mods":["BaseMod","Better Third Choice","Colored Map","GifTheSpireLib","Minty Spire (QoL Compilation)","Replay The Spire","Spicy Shops","StSLib","SuperFastMode","Unceasing Turn Reminder"],"gold_per_floor":[111,111,186,108,125,160,160,160,160,160,11,11,36,65,65,73,73],"floor_reached":16,"language":"ENG","playtime":822,"items_purged":[],"score":142,"play_id":"49886de4-0e65-4952-a38d-39377d6c8516","local_time":"20210212225750","is_ascension_mode":true,"campfire_choices":[{"data":"Loop","floor":7.0,"key":"SMITH"},{"data":"Zap","floor":7.0,"key":"SMITH"},{"data":"Dualcast","floor":10,"key":"SMITH"},{"data":"Cold Snap","floor":10,"key":"SMITH"},{"floor":15,"key":"DIG"}],"circlet_count":0,"master_deck":["Strike_B","Strike_B","Strike_B","Defend_B","Defend_B","Defend_B","Defend_B","Zap+1","Dualcast+1","Panic Button+1","Thunder Strike+1","Cold Snap+1","Loop+1","Coolheaded"],"relics":["Cracked Core","Replay:Rubber Ducky","Replay:Arrowhead","Juzu Bracelet","White Beast Statue","Omamori","Replay:Bandana","Boot"],"acts_visited":["Exordium"],"potions_floor_usage":[16],"damage_taken":[{"damage":0.0,"enemies":"Cultist","floor":1.0,"turns":3.0},{"damage":3.0,"enemies":"Jaw Worm","floor":5.0,"turns":4.0},{"damage":34.0,"enemies":"3 Sentries","floor":6.0,"turns":10.0},{"damage":2,"enemies":"Small Slimes","floor":13,"turns":3},{"damage":0,"enemies":"Exordium Wildlife","floor":14,"turns":4},{"damage":42,"enemies":"Fading Forest","floor":16,"turns":7}],"seed_played":"-8964206621225626899","potions_obtained":[{"floor":13,"key":"PotionOfCapacity"},{"floor":14,"key":"Fire Potion"}],"is_trial":false,"path_per_floor":["M","?","?","$","M","E","R","?","T","R","$","T","M","M","R_BF","B"],"character_chosen":"DEFECT","items_purchased":["Replay:Arrowhead","Omamori"],"campfire_rested":0,"item_purchase_floors":[4,11],"current_hp_per_floor":[68,68,61,61,58,24,24,24,24,24,24,24,22,22,22,0,0],"gold":73,"neow_bonus":"RANDOM_COMMON_RELIC","is_daily":false,"chose_seed":false,"campfire_upgraded":4,"win_rate":0.0,"timestamp":1613163470,"path_taken":["M","?","?","$","?","E","R","?","T","R","?","?","M","M","R_BF","BOSS"],"items_purchased_type":["Relic","Relic"],"build_version":"2020-12-22","purchased_purges":0,"victory":false,"max_hp_per_floor":[75,75,75,75,75,75,75,75,75,75,75,75,75,75,75,75,75],"card_choices":[{"not_picked":["Steam","Barrage"],"picked":"Panic Button","floor":1.0},{"not_picked":["Loop","Stack"],"picked":"Cold Snap","floor":5.0},{"not_picked":["Rebound","Hologram"],"picked":"Loop","floor":6.0},{"not_picked":["Panic Button","Cold Snap","Double Energy"],"picked":"SKIP","floor":13},{"not_picked":["Panic Button","Barrage"],"picked":"Coolheaded","floor":14}],"player_experience":2281389,"relics_obtained":[{"floor":6.0,"key":"Juzu Bracelet"},{"floor":9.0,"key":"White Beast Statue"},{"floor":12,"key":"Replay:Bandana"},{"floor":15,"key":"Boot"}],"event_choices":[{"damage_healed":0.0,"max_hp_gain":0.0,"max_hp_loss":0.0,"gold_gain":75.0,"event_name":"FaceTrader","player_choice":"Touch","floor":3.0,"gold_loss":0.0,"damage_taken":7.0},{"damage_healed":0.0,"max_hp_gain":0.0,"max_hp_loss":0.0,"gold_gain":0.0,"event_name":"Living Wall","player_choice":"Grow","floor":8.0,"gold_loss":0.0,"damage_taken":0.0,"cards_upgraded":["Panic Button"]}],"is_beta":false,"boss_relics":[],"items_purged_floors":[],"is_endless":false,"potions_floor_spawned":[13,14],"killed_by":"Fading Forest","ascension_level":9}}