{"host":"c2p2isezsqpgoqg6","time":1613167695,"event":{"mods":["BaseMod","BetterRewards","Colored Map","DeckTracker","Downfall","Infinite Spire","Minty Spire (QoL Compilation)","Quick Restart","StSLib","SuperFastMode"],"gold_per_floor":[199,214,227,29,43,43,43,54,54,71,81,116,116,131,150,150,150,150],"floor_reached":16,"language":"ENG","playtime":644,"items_purged":[],"score":106,"play_id":"19b3c7b3-987d-4edd-af9b-b5611dc76dbd","local_time":"20210212230815","is_ascension_mode":false,"campfire_choices":[{"data":"hexamod:Sear","floor":1,"key":"SMITH"},{"data":"hexamod:NightmareStrike","floor":6,"key":"SMITH"},{"data":"hexamod:HauntingEcho","floor":9,"key":"SMITH"}],"circlet_count":0,"master_deck":["hexamod:Strike","hexamod:Strike","hexamod:Strike","hexamod:Defend","hexamod:Defend","hexamod:Defend","hexamod:Defend","hexamod:Sear+1","hexamod:Float","hexamod:HeatMetal","hexamod:NightmareGuise","hexamod:HauntingEcho+1","hexamod:CatchUp","hexamod:NightmareStrike+1","hexamod:ThirdSeal","hexamod:BurningTouch","hexamod:SpectersWail","hexamod:VolcanoVisage","hexamod:FastForward","hexamod:AdvancingGuard","hexamod:FifthSeal","hexamod:GhostOfSpireFuture","hexamod:SwordOfDarkness","hexamod:NightmareGuise"],"relics":["hexamod:SpiritBrand","Art of War","Matryoshka","Pen Nib"],"acts_visited":["Exordium"],"potions_floor_usage":[14,16,16],"damage_taken":[{"damage":12,"enemies":"infinitespire:Voidling","floor":2,"turns":3},{"damage":0,"enemies":"Cultist","floor":3,"turns":3},{"damage":0,"enemies":"downfall:FleeingMerchant","floor":4,"turns":4},{"damage":0,"enemies":"2 Louse","floor":5,"turns":3},{"damage":23,"enemies":"Exordium Thugs","floor":8,"turns":5},{"damage":2,"enemies":"Blue Slaver","floor":10,"turns":3},{"damage":4,"enemies":"Gremlin Gang","floor":11,"turns":3},{"damage":12,"enemies":"3 Sentries","floor":12,"turns":5},{"damage":5,"enemies":"Exordium Wildlife","floor":14,"turns":4},{"damage":3,"enemies":"3 Louse","floor":15,"turns":3},{"damage":15,"enemies":"IC_STATUS_ARCHETYPE","floor":16,"turns":4}],"seed_played":"-2182013519956614422","potions_obtained":[{"floor":3,"key":"DuplicationPotion"},{"floor":8,"key":"Regen Potion"},{"floor":10,"key":"Fire Potion"},{"floor":12,"key":"infinitespire:BlackPotion"},{"floor":14,"key":"SmokeBomb"}],"is_trial":false,"path_per_floor":["R","M","M","$","M","R","T","M","R","M","M","E","?","M","M","B"],"character_chosen":"THE_SPIRIT","items_purchased":["hexamod:CatchUp","Art of War"],"campfire_rested":0,"item_purchase_floors":[4,4],"current_hp_per_floor":[70,62,62,62,62,62,62,39,39,37,33,21,21,16,13,0,0,0],"gold":150,"neow_bonus":"HUNDRED_GOLD","is_daily":false,"chose_seed":false,"campfire_upgraded":3,"win_rate":0.0,"timestamp":1613167695,"path_taken":["R","M","?","?","M","R","T","M","R","M","M","E","?","?","M","BOSS"],"items_purchased_type":["Card","Relic"],"build_version":"2020-12-22","purchased_purges":0,"victory":false,"max_hp_per_floor":[70,70,70,70,70,70,70,70,70,70,70,70,70,70,70,70,70,70],"card_choices":[{"not_picked":["hexamod:ShieldOfDarkness","hexamod:BacktrackSmack"],"picked":"hexamod:HeatMetal","floor":2},{"not_picked":["hexamod:GhostLash","hexamod:GhostOfSpirePast"],"picked":"hexamod:NightmareGuise","floor":3},{"not_picked":["hexamod:GhostShield","hexamod:StepThrough"],"picked":"hexamod:HauntingEcho","floor":4},{"not_picked":["hexamod:NightmareGuise","hexamod:SecondSeal"],"picked":"hexamod:NightmareStrike","floor":5},{"not_picked":["hexamod:GhostOfSpirePast","hexamod:ThermalTransfer"],"picked":"hexamod:ThirdSeal","floor":8},{"not_picked":["hexamod:InspiringFlames","hexamod:BacktrackSmack"],"picked":"hexamod:BurningTouch","floor":10},{"not_picked":["hexamod:BacktrackSmack","hexamod:HeatCrush"],"picked":"hexamod:SpectersWail","floor":10},{"not_picked":["hexamod:InspiringFlames","hexamod:Rewind"],"picked":"hexamod:VolcanoVisage","floor":11},{"not_picked":["hexamod:ChargedBarrage","hexamod:BacktrackSmack"],"picked":"hexamod:FastForward","floor":11},{"not_picked":["hexamod:NightmareGuise","hexamod:GhostLash"],"picked":"hexamod:AdvancingGuard","floor":12},{"not_picked":["hexamod:AdvancingGuard","hexamod:Hexaguard"],"picked":"hexamod:FifthSeal","floor":12},{"not_picked":["hexamod:DynamicBlow","hexamod:Hexaguard"],"picked":"hexamod:GhostOfSpireFuture","floor":14},{"not_picked":["hexamod:RetreatToShadows","hexamod:SkipABeat"],"picked":"hexamod:SwordOfDarkness","floor":14},{"not_picked":["hexamod:ThirdSeal","hexamod:EmpoweredFlame"],"picked":"hexamod:NightmareGuise","floor":15}],"player_experience":484152,"relics_obtained":[{"floor":7,"key":"Matryoshka"},{"floor":12,"key":"Pen Nib"}],"event_choices":[{"cards_removed":["hexamod:Strike"],"damage_healed":0,"gold_gain":0,"player_choice":"Offered Basic","damage_taken":0,"max_hp_gain":0,"max_hp_loss":0,"event_name":"Bonfire Elementals","floor":13,"gold_loss":0}],"is_beta":false,"boss_relics":[],"items_purged_floors":[],"is_endless":false,"potions_floor_spawned":[3,8,10,12,14],"killed_by":"IC_STATUS_ARCHETYPE","ascension_level":0}}