{"host":"jx3f6ezc0g3s9edc","time":1613099348,"event":{"mods":["AchievementEnabler","BaseMod","Bestiary","Colored Map","Highlight Path","Minty Spire (QoL Compilation)","StSLib"],"gold_per_floor":[10,30,30,7,32,32,47,47,72,95,170,184,184,220,220,220,220],"floor_reached":16,"language":"ENG","playtime":872,"items_purged":[],"score":173,"play_id":"0ae8e094-35ff-4a0f-86e7-0ed41eb5acf4","local_time":"20210211220908","is_ascension_mode":true,"campfire_choices":[{"data":"True Grit","floor":6.0,"key":"SMITH"},{"data":"Body Slam","floor":8.0,"key":"SMITH"},{"floor":13,"key":"REST"},{"floor":15,"key":"REST"}],"circlet_count":0,"master_deck":["AscendersBane","Strike_R","Strike_R","Strike_R","Strike_R","Strike_R","Defend_R","Defend_R","Defend_R","Defend_R","Bash","Juggernaut","Thunderclap","Clothesline","True Grit+1","Feed","Body Slam+1","Hemokinesis","Evolve","Whirlwind"],"relics":["Burning Blood","Golden Idol","MealTicket","Bag of Marbles"],"acts_visited":["Exordium"],"potions_floor_usage":[10,16,16],"damage_taken":[{"damage":1.0,"enemies":"Small Slimes","floor":1.0,"turns":4.0},{"damage":13.0,"enemies":"Jaw Worm","floor":2.0,"turns":4.0},{"damage":7.0,"enemies":"Cultist","floor":5.0,"turns":4.0},{"damage":6.0,"enemies":"Blue Slaver","floor":7.0,"turns":5.0},{"damage":32,"enemies":"Gremlin Gang","floor":10,"turns":6},{"damage":17,"enemies":"Looter","floor":12,"turns":4},{"damage":36,"enemies":"Lagavulin","floor":14,"turns":8},{"damage":46,"enemies":"The Guardian","floor":16,"turns":12}],"seed_played":"-2640426416703168300","potions_obtained":[{"floor":1.0,"key":"Block Potion"},{"floor":12,"key":"Explosive Potion"},{"floor":14,"key":"Strength Potion"}],"is_trial":false,"path_per_floor":["M","M","?","$","M","R","M","R","T","M","?","M","R","E","R","B"],"character_chosen":"IRONCLAD","items_purchased":["True Grit"],"campfire_rested":2,"item_purchase_floors":[4],"current_hp_per_floor":[73,66,66,66,65,65,68,68,68,45,34,26,49,19,42,0,0],"gold":220,"neow_bonus":"THREE_RARE_CARDS","is_daily":false,"chose_seed":false,"campfire_upgraded":2,"win_rate":0.0,"timestamp":1613099348,"path_taken":["M","M","?","?","M","R","M","R","T","?","?","M","R","E","R","BOSS"],"items_purchased_type":["Card"],"build_version":"2020-12-22","purchased_purges":0,"victory":false,"max_hp_per_floor":[75,75,69,69,69,69,72,72,72,75,75,78,78,78,78,78,78],"card_choices":[{"not_picked":["Berserk","Demon Form"],"picked":"Juggernaut","floor":0.0},{"not_picked":["Intimidate","Havoc"],"picked":"Thunderclap","floor":1.0},{"not_picked":["Pommel Strike","Anger"],"picked":"Clothesline","floor":2.0},{"not_picked":["Dropkick","Flex"],"picked":"Feed","floor":5.0},{"not_picked":["Carnage","Thunderclap"],"picked":"Body Slam","floor":7.0},{"not_picked":["Twin Strike","Intimidate"],"picked":"Hemokinesis","floor":10},{"not_picked":["Perfected Strike","Armaments"],"picked":"Evolve","floor":12},{"not_picked":["Feed","True Grit"],"picked":"Whirlwind","floor":14}],"player_experience":859094,"relics_obtained":[{"floor":9.0,"key":"MealTicket"},{"floor":14,"key":"Bag of Marbles"}],"event_choices":[{"damage_healed":0.0,"max_hp_gain":0.0,"max_hp_loss":6.0,"gold_gain":0.0,"event_name":"Golden Idol","player_choice":"Lose Max HP","floor":3.0,"gold_loss":0.0,"damage_taken":0.0,"relics_obtained":["Golden Idol"]},{"damage_healed":0,"gold_gain":75,"player_choice":"Gather Gold","damage_taken":11,"max_hp_gain":0,"max_hp_loss":0,"event_name":"World of Goop","floor":11,"gold_loss":0}],"is_beta":false,"boss_relics":[],"items_purged_floors":[],"is_endless":false,"potions_floor_spawned":[1,12,14],"killed_by":"The Guardian","ascension_level":14}}