{"host":"sygfylmorsvdndbx","time":1613104995,"event":{"mods":["AchievementEnabler","BaseMod","Bestiary","Highlight Path","Minty Spire (QoL Compilation)","Permanent Neow","Quick Restart","Relic Stats"],"gold_per_floor":[19,35,35,54,64,64,74,104,104,104,138,155,155,155,155,252,252,268,284,302,302,322,322,349,362,385,395,395,36,65,83,83,185,185,205,217,227,277,277,303,322,322,322,322,322,348,368,386,386,386,386,386,66,95,95,95],"floor_reached":55,"language":"ENG","playtime":6177,"items_purged":["Defend_P","Judgement+1"],"score":1394,"play_id":"46f6b4be-01cc-4989-8dbc-204d0685c2c6","local_time":"20210211234315","is_ascension_mode":true,"campfire_choices":[{"data":"Omniscience","floor":6.0,"key":"SMITH"},{"data":"Eruption","floor":10.0,"key":"SMITH"},{"data":"FollowUp","floor":13.0,"key":"SMITH"},{"data":"WheelKick","floor":15.0,"key":"SMITH"},{"data":"BowlingBash","floor":23.0,"key":"SMITH"},{"data":"Adaptation","floor":28.0,"key":"SMITH"},{"floor":32.0,"key":"REST"},{"floor":42.0,"key":"REST"},{"floor":44.0,"key":"REST"},{"floor":49.0,"key":"RECALL"},{"floor":52.0,"key":"REST"}],"circlet_count":0,"master_deck":["AscendersBane","Strike_P+1","Strike_P+1","Defend_P","Defend_P+1","Eruption+1","Vigilance+1","EmptyBody+1","BowlingBash+1","Omniscience+1","WheelKick+1","Wallop+1","CutThroughFate+1","FollowUp+1","MentalFortress+1","DevaForm+1","JustLucky+1","FearNoEvil+1","ThirdEye+1","Adaptation+1","Decay","FlyingSleeves+1","Protect+1","Wallop+1","Halt+1","Eruption+1","LessonLearned+1","CrushJoints+1","Tantrum+1","DeusExMachina+1","CutThroughFate+1","SashWhip+1","Clumsy","Crescendo+1","Study"],"relics":["PureWater","Torii","Pen Nib","Pocketwatch","Du-Vu Doll","Astrolabe","Turnip","War Paint","DollysMirror","Mummified Hand","Cursed Key","StoneCalendar","CaptainsWheel","Smiling Mask","Vajra","Bottled Flame"],"acts_visited":["Exordium","TheCity","TheBeyond","TheEnding"],"potions_floor_usage":[55],"damage_taken":[{"damage":0.0,"enemies":"2 Louse","floor":1.0,"turns":4.0},{"damage":1.0,"enemies":"Cultist","floor":2.0,"turns":4.0},{"damage":0.0,"enemies":"Small Slimes","floor":4.0,"turns":3.0},{"damage":1.0,"enemies":"2 Fungi Beasts","floor":5.0,"turns":3.0},{"damage":0.0,"enemies":"3 Louse","floor":7.0,"turns":3.0},{"damage":2.0,"enemies":"3 Sentries","floor":8.0,"turns":8.0},{"damage":0.0,"enemies":"Lagavulin","floor":11.0,"turns":3.0},{"damage":0.0,"enemies":"Looter","floor":12.0,"turns":1.0},{"damage":0.0,"enemies":"Slime Boss","floor":16.0,"turns":2.0},{"damage":1.0,"enemies":"Chosen","floor":18.0,"turns":2.0},{"damage":0.0,"enemies":"Spheric Guardian","floor":19.0,"turns":1.0},{"damage":1.0,"enemies":"Snake Plant","floor":20.0,"turns":3.0},{"damage":0.0,"enemies":"Sentry and Sphere","floor":22.0,"turns":2.0},{"damage":41.0,"enemies":"Book of Stabbing","floor":24.0,"turns":5.0},{"damage":1.0,"enemies":"Cultist and Chosen","floor":25.0,"turns":2.0},{"damage":0.0,"enemies":"3 Cultists","floor":27.0,"turns":3.0},{"damage":22.0,"enemies":"Gremlin Leader","floor":30.0,"turns":5.0},{"damage":0.0,"enemies":"Snake Plant","floor":31.0,"turns":6.0},{"damage":0.0,"enemies":"Automaton","floor":33.0,"turns":7.0},{"damage":0.0,"enemies":"3 Darklings","floor":35.0,"turns":4.0},{"damage":0.0,"enemies":"3 Shapes","floor":36.0,"turns":3.0},{"damage":39.0,"enemies":"Spire Growth","floor":37.0,"turns":5.0},{"damage":0.0,"enemies":"Mind Bloom Boss Battle","floor":38.0,"turns":7.0},{"damage":21.0,"enemies":"Giant Head","floor":40.0,"turns":5.0},{"damage":1.0,"enemies":"4 Shapes","floor":41.0,"turns":2.0},{"damage":3.0,"enemies":"Nemesis","floor":46.0,"turns":5.0},{"damage":0.0,"enemies":"Sphere and 2 Shapes","floor":47.0,"turns":2.0},{"damage":6.0,"enemies":"Maw","floor":48.0,"turns":6.0},{"damage":34.0,"enemies":"Awakened One","floor":50.0,"turns":9.0},{"damage":57.0,"enemies":"Shield and Spear","floor":54.0,"turns":4.0},{"damage":53,"enemies":"The Heart","floor":55,"turns":2}],"seed_played":"-6010059981779407056","potions_obtained":[{"floor":2.0,"key":"FearPotion"},{"floor":3.0,"key":"GamblersBrew"},{"floor":8.0,"key":"Weak Potion"},{"floor":12.0,"key":"BottledMiracle"},{"floor":16.0,"key":"GamblersBrew"},{"floor":20.0,"key":"EntropicBrew"},{"floor":24.0,"key":"StancePotion"},{"floor":27.0,"key":"ColorlessPotion"},{"floor":31.0,"key":"ColorlessPotion"},{"floor":33.0,"key":"SteroidPotion"},{"floor":35.0,"key":"SpeedPotion"},{"floor":40.0,"key":"LiquidMemories"},{"floor":47.0,"key":"ColorlessPotion"}],"is_trial":false,"path_per_floor":["M","M","?","M","M","R","M","E","T","R","E","M","R","?","R","B",null,"M","M","M","?","M","R","E","M","T","M","R","$","E","M","R","B",null,"M","M","M","?","?","E","M","R","T","R","?","E","M","M","R","B",null,"R","$","E","B"],"character_chosen":"WATCHER","items_purchased":["DollysMirror","LessonLearned","Vajra","Study","Dexterity Potion"],"campfire_rested":4,"item_purchase_floors":[29,29,53,53,53],"current_hp_per_floor":[65,64,64,64,63,63,63,61,61,61,61,61,61,66,66,66,74,73,73,72,72,72,72,31,30,30,30,30,30,8,8,31,31,66,66,66,27,27,27,6,5,28,28,51,51,48,48,42,42,8,60,77,77,20,0,0],"gold":95,"neow_bonus":"ONE_RARE_RELIC","is_daily":false,"chose_seed":false,"campfire_upgraded":6,"win_rate":0.0,"timestamp":1613104995,"path_taken":["M","M","?","?","M","R","M","E","T","R","E","M","R","?","R","BOSS","M","M","M","?","M","R","E","M","T","M","R","$","E","M","R","BOSS","M","M","M","?","?","E","M","R","T","R","?","E","M","M","R","BOSS","R","$","E","BOSS"],"items_purchased_type":["Relic","Card","Relic","Card","Potion"],"build_version":"2020-12-22","purchased_purges":2,"victory":false,"max_hp_per_floor":[72,72,72,72,72,72,72,72,72,72,72,72,72,77,77,77,77,77,77,77,77,77,77,77,77,77,77,77,77,77,77,77,77,77,77,77,77,77,77,77,77,77,77,77,77,77,77,77,77,77,77,77,77,77,77,77],"relic_stats":{"Torii":39,"counters":[31,121],"Mummified Hand":[49],"Astrolabe":["Judgement","JustLucky","FearNoEvil"],"StoneCalendar":[52],"Pen Nib":[24],"Turnip":[9],"War Paint":["EmptyBody","Protect"],"Cursed Key":1,"Smiling Mask":50,"obtain_stats":[{"Torii":0,"Astrolabe":17,"Vajra":53,"StoneCalendar":38,"Pen Nib":8,"War Paint":26,"Cursed Key":34,"Smiling Mask":46,"Du-Vu Doll":11,"CaptainsWheel":40,"Bottled Flame":54,"DollysMirror":29,"Mummified Hand":30,"Turnip":24,"PureWater":0,"Pocketwatch":9},{"Torii":0,"Astrolabe":9,"Vajra":29,"StoneCalendar":23,"Pen Nib":6,"War Paint":15,"Cursed Key":19,"Smiling Mask":26,"Du-Vu Doll":7,"CaptainsWheel":24,"Bottled Flame":30,"DollysMirror":16,"Mummified Hand":17,"Turnip":14,"PureWater":0,"Pocketwatch":6},{"Torii":0,"Astrolabe":31,"Vajra":115,"StoneCalendar":86,"Pen Nib":25,"War Paint":46,"Cursed Key":67,"Smiling Mask":98,"Du-Vu Doll":28,"CaptainsWheel":91,"Bottled Flame":119,"DollysMirror":49,"Mummified Hand":54,"Turnip":44,"PureWater":0,"Pocketwatch":25}],"Pocketwatch":[46]},"card_choices":[{"not_picked":["Prostrate","LikeWater"],"picked":"EmptyBody","floor":1.0},{"not_picked":["FlyingSleeves","FollowUp"],"picked":"BowlingBash","floor":2.0},{"not_picked":["ClearTheMind","FlurryOfBlows"],"picked":"Omniscience","floor":4.0},{"not_picked":["Crescendo","EmptyFist"],"picked":"WheelKick","floor":5.0},{"not_picked":["EmptyBody","Evaluate"],"picked":"Wallop","floor":7.0},{"not_picked":["Brilliance","EmptyBody"],"picked":"CutThroughFate","floor":8.0},{"not_picked":["Nirvana","EmptyMind"],"picked":"FollowUp","floor":11.0},{"not_picked":["PathToVictory","LikeWater"],"picked":"MentalFortress","floor":12.0},{"not_picked":["Alpha","DeusExMachina"],"picked":"DevaForm","floor":16.0},{"not_picked":["EmptyFist","DeceiveReality"],"picked":"ThirdEye","floor":18.0},{"not_picked":["ReachHeaven","Wireheading"],"picked":"Adaptation","floor":19.0},{"not_picked":["Prostrate+1","ClearTheMind","JustLucky"],"picked":"SKIP","floor":20.0},{"not_picked":["Pray+1","Wireheading"],"picked":"FlyingSleeves+1","floor":22.0},{"not_picked":["Perseverance","ReachHeaven"],"picked":"Protect","floor":24.0},{"not_picked":["Meditate","Consecrate"],"picked":"Wallop","floor":25.0},{"not_picked":["WindmillStrike","SashWhip"],"picked":"Halt+1","floor":27.0},{"not_picked":["MasterReality","Consecrate"],"picked":"CrushJoints+1","floor":30.0},{"not_picked":["DeceiveReality+1","Prostrate"],"picked":"Tantrum","floor":31.0},{"not_picked":["Devotion","SpiritShield"],"picked":"DeusExMachina","floor":33.0},{"not_picked":["ForeignInfluence","CrushJoints"],"picked":"CutThroughFate+1","floor":35.0},{"not_picked":["Evaluate","WindmillStrike+1","Vengeance+1"],"picked":"SKIP","floor":36.0},{"not_picked":["Evaluate","WindmillStrike+1","Vengeance+1"],"picked":"SKIP","floor":36.0},{"not_picked":["CrushJoints","WreathOfFlame"],"picked":"SashWhip+1","floor":37.0},{"not_picked":["FlyingSleeves","JustLucky+1"],"picked":"MentalFortress","floor":38.0},{"not_picked":["ReachHeaven","Crescendo","BowlingBash"],"picked":"SKIP","floor":40.0},{"not_picked":["ReachHeaven","Crescendo","BowlingBash"],"picked":"SKIP","floor":40.0},{"not_picked":["Nirvana+1","Consecrate+1","EmptyBody"],"picked":"SKIP","floor":41.0},{"not_picked":["Alpha","Crescendo+1","Protect"],"picked":"SKIP","floor":46.0},{"not_picked":["Alpha","Protect"],"picked":"Crescendo+1","floor":46.0},{"not_picked":["FollowUp+1","Nirvana+1","Perseverance"],"picked":"SKIP","floor":47.0},{"not_picked":["SignatureMove","ThirdEye","Crescendo"],"picked":"SKIP","floor":48.0},{"not_picked":["Alpha","Consecrate","Crescendo"],"picked":"SKIP","floor":54.0}],"player_experience":493532,"relics_obtained":[{"floor":8.0,"key":"Pen Nib"},{"floor":9.0,"key":"Pocketwatch"},{"floor":11.0,"key":"Du-Vu Doll"},{"floor":24.0,"key":"Turnip"},{"floor":26.0,"key":"War Paint"},{"floor":30.0,"key":"Mummified Hand"},{"floor":38.0,"key":"StoneCalendar"},{"floor":40.0,"key":"CaptainsWheel"},{"floor":46.0,"key":"Smiling Mask"},{"floor":54.0,"key":"Bottled Flame"}],"event_choices":[{"damage_healed":0.0,"max_hp_gain":0.0,"max_hp_loss":0.0,"gold_gain":0.0,"event_name":"Lab","player_choice":"Got Potions","floor":3.0,"gold_loss":0.0,"damage_taken":0.0},{"damage_healed":0.0,"max_hp_gain":5.0,"max_hp_loss":0.0,"gold_gain":0.0,"event_name":"Big Fish","player_choice":"Donut","floor":14.0,"gold_loss":0.0,"damage_taken":0.0},{"damage_healed":0.0,"max_hp_gain":0.0,"max_hp_loss":0.0,"gold_gain":0.0,"event_name":"Forgotten Altar","player_choice":"Smashed Altar","floor":21.0,"gold_loss":0.0,"damage_taken":0.0,"cards_obtained":["Decay"]},{"damage_healed":0.0,"max_hp_gain":0.0,"max_hp_loss":0.0,"gold_gain":0.0,"event_name":"MindBloom","player_choice":"Fight","floor":38.0,"gold_loss":0.0,"damage_taken":0.0},{"cards_removed":["MentalFortress"],"damage_healed":0.0,"max_hp_gain":0.0,"max_hp_loss":0.0,"gold_gain":0.0,"event_name":"Falling","player_choice":"Removed Power","floor":39.0,"gold_loss":0.0,"damage_taken":0.0},{"damage_healed":0.0,"max_hp_gain":0.0,"max_hp_loss":0.0,"gold_gain":0.0,"event_name":"Tomb of Lord Red Mask","player_choice":"Ignored","floor":45.0,"gold_loss":0.0,"damage_taken":0.0}],"is_beta":false,"boss_relics":[{"not_picked":["SlaversCollar","Busted Crown"],"picked":"Astrolabe"},{"not_picked":["Tiny House","Runic Pyramid"],"picked":"Cursed Key"}],"items_purged_floors":[29,53],"is_endless":false,"potions_floor_spawned":[2,8,12,16,20,24,27,31,33,35,40,41,47],"killed_by":"The Heart","ascension_level":11}}