{"host":"ig9h5mtrygw4gu9r","time":1613171041,"event":{"mods":["2.2 Compatiblity","AchievementEnabler","BaseMod","Bestiary","Infinite Spire","Minty Spire (QoL Compilation)","Relic Stats","Replay The Spire","StSLib","The Servant 0.9.4"],"gold_per_floor":[119,49,49,68,34,68,68,102,140,152,190,215,241,253,265,380,392,414,436,448,448],"floor_reached":20,"language":"ENG","playtime":765,"items_purged":[],"score":250,"play_id":"bfb751b2-49dd-4e5a-bc4b-8d4fe522916e","local_time":"20210212150401","is_ascension_mode":true,"campfire_choices":[{"data":"Fire Breathing","floor":7,"key":"SMITH"},{"data":"Double Tap","floor":10,"key":"SMITH"},{"data":"Strike_R","floor":15,"key":"PURGE"}],"circlet_count":0,"master_deck":["Defend_R","Defend_R","Bash","Fire Breathing+1","Feel No Pain","Seeing Red","Wild Strike","Wild Strike","Double Tap+1","Rupture","Hemokinesis","Shrug It Off","Brutality","Spreading Infection","Sickly","Shrug It Off"],"relics":["Burning Blood","NeowsBlessing","White Beast Statue","Peace Pipe","MawBank","Replay:Mystery Machine","infinitespire:Lucky Rock","Kintsugi"],"acts_visited":["Exordium","TheCity"],"potions_floor_usage":[8,16],"damage_taken":[{"damage":0.0,"enemies":"Cultist","floor":1.0,"turns":1.0},{"damage":0,"enemies":"Small Slimes","floor":4,"turns":1},{"damage":0,"enemies":"Replay:BlueRogue","floor":6,"turns":1},{"damage":31,"enemies":"Gremlin Nob","floor":8,"turns":4},{"damage":20,"enemies":"3 Sentries","floor":11,"turns":5},{"damage":0,"enemies":"Jaw Worm","floor":12,"turns":1},{"damage":14,"enemies":"Gremlin Gang","floor":13,"turns":4},{"damage":37,"enemies":"Hexaghost","floor":16,"turns":9},{"damage":14,"enemies":"Chosen","floor":18,"turns":3},{"damage":30,"enemies":"3 Byrds","floor":19,"turns":3},{"damage":48,"enemies":"Centurion and Healer","floor":20,"turns":5}],"seed_played":"65618343269998451","potions_obtained":[{"floor":4,"key":"SkillPotion"},{"floor":6,"key":"SteroidPotion"},{"floor":8,"key":"GamblersBrew"},{"floor":11,"key":"Explosive Potion"},{"floor":16,"key":"Fire Potion"},{"floor":19,"key":"BloodPotion"}],"is_trial":false,"path_per_floor":["M","$","T","M","$","E","R","E","T","R","E","M","M","?","R","B",null,"M","M","M"],"character_chosen":"IRONCLAD","items_purchased":["Feel No Pain","Wild Strike"],"campfire_rested":0,"item_purchase_floors":[2,5],"current_hp_per_floor":[80,80,80,80,80,80,80,55,55,55,41,47,39,39,39,8,80,72,48,0,0],"gold":448,"neow_bonus":"THREE_ENEMY_KILL","is_daily":false,"chose_seed":false,"campfire_upgraded":2,"win_rate":0.0,"timestamp":1613171041,"path_taken":["M","$","?","M","$","E","R","E","T","R","E","M","?","?","R","BOSS","M","M","M"],"items_purchased_type":["Card","Card"],"build_version":"2020-12-22","purchased_purges":0,"victory":false,"max_hp_per_floor":[80,80,80,80,80,80,80,80,80,80,80,80,80,80,80,80,80,80,80,80,80],"relic_stats":{"Peace Pipe":1,"counters":[11,36],"MawBank":144,"obtain_stats":[{"Peace Pipe":6,"NeowsBlessing":0,"infinitespire:Lucky Rock":11,"Replay:Mystery Machine":9,"Kintsugi":17,"MawBank":8,"Burning Blood":0,"White Beast Statue":3},{"Peace Pipe":3,"NeowsBlessing":0,"infinitespire:Lucky Rock":5,"Replay:Mystery Machine":4,"Kintsugi":8,"MawBank":4,"Burning Blood":0,"White Beast Statue":1},{"Peace Pipe":3,"NeowsBlessing":0,"infinitespire:Lucky Rock":12,"Replay:Mystery Machine":7,"Kintsugi":26,"MawBank":7,"Burning Blood":0,"White Beast Statue":1}],"Burning Blood":42},"card_choices":[{"not_picked":["Replay:Undeath\u0027s Touch","Anger"],"picked":"Fire Breathing","floor":1},{"not_picked":["Abandon","Berserk"],"picked":"Seeing Red","floor":4},{"not_picked":["Clothesline","Clash","Blood for Blood"],"picked":"SKIP","floor":6},{"not_picked":["Heavy Blade","Twin Strike"],"picked":"Double Tap","floor":8},{"not_picked":["Twin Strike","Cleave"],"picked":"Rupture","floor":11},{"not_picked":["Cleave","Twin Strike"],"picked":"Hemokinesis","floor":12},{"not_picked":["Power Through","Combust"],"picked":"Shrug It Off","floor":13},{"not_picked":["Juggernaut","Demonic Infusion"],"picked":"Brutality","floor":16},{"not_picked":["Thunderclap","Cleave"],"picked":"Shrug It Off","floor":18},{"not_picked":["Rage","True Grit","Havoc"],"picked":"SKIP","floor":19}],"player_experience":415669,"relics_obtained":[{"floor":3,"key":"White Beast Statue"},{"floor":6,"key":"Peace Pipe"},{"floor":8,"key":"MawBank"},{"floor":9,"key":"Replay:Mystery Machine"},{"floor":11,"key":"infinitespire:Lucky Rock"}],"event_choices":[{"cards_removed":["Strike_R"],"damage_healed":0,"gold_gain":0,"player_choice":"Forget","damage_taken":0,"max_hp_gain":0,"max_hp_loss":0,"event_name":"Living Wall","floor":14,"gold_loss":0}],"is_beta":false,"boss_relics":[{"not_picked":["Replay:Wanted Poster","Abe\u0027s Treasure"],"picked":"Kintsugi"}],"items_purged_floors":[],"is_endless":false,"potions_floor_spawned":[4,6,8,11,12,13,16,18,19],"killed_by":"Centurion and Healer","ascension_level":3}}