{"host":"ormi09wwzv7sq47a","time":1613099508,"event":{"mods":["2.2 Compatiblity","AchievementEnabler","Act Like it!","BaseMod","Bestiary","Better Altar","Better Note","Better Sensory Stone","Better Silent Start","Better Skull","Better Third Choice","Better Vampires","BetterRewards","Block Reminder","Card Forge","Colored Map","Colored Powertips","Curses Come First","DeckTracker","Downfall","Highlight Path","Minty Spire (QoL Compilation)","Permanent Neow","Quick Restart","Rare Cards Sparkle","Relic Stats","Shop Mod","StSLib","The Jungle"],"gold_per_floor":[116,130,130,130,30,40,53,79,79,79,96,131,131,146,146,250,250,262,282,282,301,321,321,354,369,369,469,482,512,512,539,539,642,642,656,656,878,441,453,453,485,485,508,508,518,549,568,568,568,568,568,568,21,55,55,55],"floor_reached":55,"language":"ENG","playtime":2729,"items_purged":["Strike_B","Strike_B"],"score":1227,"play_id":"ea43582e-d9ea-4c89-a105-87ac9bfc6d99","local_time":"20210212001148","is_ascension_mode":true,"campfire_choices":[{"floor":10.0,"key":"REST"},{"data":"Streamline","floor":13.0,"key":"SMITH"},{"data":"Reinforced Body","floor":15.0,"key":"SMITH"},{"data":"Zap","floor":23.0,"key":"SMITH"},{"floor":30.0,"key":"REST"},{"data":"Hyperbeam","floor":32.0,"key":"SMITH"},{"data":"Electrodynamics","floor":40.0,"key":"SMITH"},{"data":"Biased Cognition","floor":42.0,"key":"SMITH"},{"data":"Hologram","floor":44.0,"key":"SMITH"},{"floor":49.0,"key":"RECALL"},{"data":"Reprogram","floor":52.0,"key":"SMITH"}],"circlet_count":0,"master_deck":["Zap+1","Dualcast","Streamline+1","Reinforced Body+1","Steam","Aggregate","Tempest","Gash","Beam Cell+1","Hologram+1","Core Surge","Core Surge","Gash","Biased Cognition+1","Reprogram+1","White Noise","Leap","Recycle","Leap","Dramatic Entrance+1","All For One","Stack","Gash+1","Defragment+1","Glacier+1","Hyperbeam+1","Electrodynamics+1","Turbo+1","Skim","downfall:Bewildered","Gash","Gash+1","Panacea","Lockon+1"],"relics":["Cracked Core","Hammer of Thor","Seething Fire","Anvil of the Gods","Guardian:GemstoneGun","Bag of Preparation","Emotion Chip","Orrery","bronze:BronzeIdol","Singing Bowl","hexamod:Sixitude","Pandora\u0027s Box","DataDisk","Pantograph","Incense Burner","StrikeDummy","Happy Flower","Red Mask","Cursed Key","Medical Kit","Mercury Hourglass","Bottled Flame","FossilizedHelix","Whetstone","Slimebound:StickyStick","Sling","Cables"],"acts_visited":["Exordium","TheCity","TheBeyond","TheEnding"],"potions_floor_usage":[54,54],"damage_taken":[{"damage":0.0,"enemies":"Cultist","floor":1.0,"turns":3.0},{"damage":0.0,"enemies":"2 Louse","floor":2.0,"turns":2.0},{"damage":0.0,"enemies":"Jaw Worm","floor":6.0,"turns":2.0},{"damage":15.0,"enemies":"Exordium Thugs","floor":7.0,"turns":5.0},{"damage":2.0,"enemies":"Lagavulin","floor":8.0,"turns":5.0},{"damage":7.0,"enemies":"Gremlin Gang","floor":11.0,"turns":5.0},{"damage":7.0,"enemies":"Gremlin Nob","floor":12.0,"turns":3.0},{"damage":0.0,"enemies":"Blue Slaver","floor":14.0,"turns":1.0},{"damage":7.0,"enemies":"Slime Boss","floor":16.0,"turns":7.0},{"damage":0.0,"enemies":"Chosen","floor":18.0,"turns":3.0},{"damage":6.0,"enemies":"2 Thieves","floor":19.0,"turns":4.0},{"damage":0.0,"enemies":"Chosen and Byrds","floor":21.0,"turns":4.0},{"damage":14.0,"enemies":"Snake Plant","floor":22.0,"turns":2.0},{"damage":24.0,"enemies":"Slavers","floor":24.0,"turns":3.0},{"damage":3.0,"enemies":"Cultist and Chosen","floor":25.0,"turns":2.0},{"damage":1.0,"enemies":"Colosseum Slavers","floor":27.0,"turns":3.0},{"damage":0.0,"enemies":"Colosseum Nobs","floor":27.0,"turns":2.0},{"damage":14.0,"enemies":"Shelled Parasite and Fungi","floor":28.0,"turns":4.0},{"damage":0.0,"enemies":"Gremlin Leader","floor":29.0,"turns":4.0},{"damage":0.0,"enemies":"Masked Bandits","floor":31.0,"turns":1.0},{"damage":14.0,"enemies":"Automaton","floor":33.0,"turns":6.0},{"damage":0.0,"enemies":"3 Shapes","floor":35.0,"turns":3.0},{"damage":0.0,"enemies":"Orb Walker","floor":39.0,"turns":1.0},{"damage":0.0,"enemies":"Reptomancer","floor":41.0,"turns":3.0},{"damage":9.0,"enemies":"Maw","floor":45.0,"turns":5.0},{"damage":32.0,"enemies":"Nemesis","floor":46.0,"turns":7.0},{"damage":0.0,"enemies":"Transient","floor":47.0,"turns":5.0},{"damage":61.0,"enemies":"Awakened One","floor":50.0,"turns":9.0},{"damage":32,"enemies":"Shield and Spear","floor":54,"turns":5},{"damage":58,"enemies":"The Heart","floor":55,"turns":3}],"seed_played":"-8913762270332247605","potions_obtained":[{"floor":2.0,"key":"FocusPotion"},{"floor":7.0,"key":"SkillPotion"},{"floor":8.0,"key":"Weak Potion"},{"floor":11.0,"key":"hexamod:SoulburnPotion"},{"floor":12.0,"key":"SteroidPotion"},{"floor":14.0,"key":"Swift Potion"},{"floor":18.0,"key":"sneckomod:MuddlingPotion"},{"floor":19.0,"key":"SkillPotion"},{"floor":24.0,"key":"FearPotion"},{"floor":25.0,"key":"Energy Potion"},{"floor":28.0,"key":"EntropicBrew"},{"floor":33.0,"key":"sneckomod:MuddlingPotion"},{"floor":39.0,"key":"FocusPotion"},{"floor":46.0,"key":"Guardian:BlockOnCardUsePotion"}],"is_trial":false,"path_per_floor":["M","M","?","?","$","M","M","E","T","R","M","E","R","M","R","B",null,"M","M","?","M","M","R","E","M","T","?","M","E","R","?","R","B",null,"M","?","?","$","M","R","E","R","T","R","M","E","M","?","R","B",null,"R","$","E","B"],"character_chosen":"DEFECT","items_purchased":["Guardian:GemstoneGun","Bag of Preparation","Orrery","Medical Kit","Mercury Hourglass","PowerPotion","Whetstone","Slimebound:StickyStick","Sling","Panacea"],"campfire_rested":2,"item_purchase_floors":[0,0,0,38,38,38,53,53,53,53],"current_hp_per_floor":[33,33,26,26,26,26,11,9,9,31,26,21,21,21,21,14,63,63,59,59,61,47,47,23,20,20,19,5,5,29,31,31,57,78,78,78,78,78,78,78,80,80,80,80,71,41,41,41,41,5,65,65,65,33,0,0],"gold":55,"neow_bonus":"","is_daily":false,"chose_seed":false,"campfire_upgraded":8,"win_rate":0.0,"timestamp":1613099508,"path_taken":["M","?","?","?","$","M","M","E","T","R","M","E","R","M","R","BOSS","M","M","?","M","?","R","E","M","T","?","M","E","R","?","R","BOSS","M","?","?","?","?","R","E","R","T","R","M","E","M","?","R","BOSS","R","$","E","BOSS"],"items_purchased_type":["Relic","Relic","Relic","Relic","Relic","Potion","Relic","Relic","Relic","Card"],"build_version":"2020-12-22","purchased_purges":2,"victory":false,"max_hp_per_floor":[75,75,75,75,75,75,75,75,75,75,77,79,79,79,79,79,79,79,81,81,83,83,83,83,83,83,83,83,83,83,85,85,85,85,85,81,81,81,81,81,83,83,83,83,83,85,85,85,85,85,85,85,85,85,85,85],"relic_stats":{"Singing Bowl":14,"Happy Flower":[16],"counters":[109,429],"Bag of Preparation":[60],"Whetstone":["Gash","Beam Cell"],"Cursed Key":1,"Medical Kit":[2],"Mercury Hourglass":[129],"Cables":[4,4,0,0,0],"Emotion Chip":[39,31,3,5,0],"Pantograph":75,"Pandora\u0027s Box":["Reprogram","White Noise","Leap","Recycle","Defragment"],"obtain_stats":[{"Ice Cream":31,"Calipers":37,"Vajra":27,"Hammer of Thor":0,"Whetstone":53,"Sling":53,"Old Coin":7,"Philosopher\u0027s Stone":34,"Girya":0,"MerchantsRug":0,"Pear":9,"Happy Flower":29,"Blue Candle":23,"Dead Branch":7,"Guardian:PocketSentry":22,"War Paint":48,"Question Card":9,"WarpedTongs":29,"Cables":54,"Du-Vu Doll":14,"Bottled Flame":41,"Shuriken":26,"Anvil of the Gods":0,"MutagenicStrength":27,"Bronze Scales":0,"Pandora\u0027s Box":17,"Molten Egg 2":0,"Nloth\u0027s Gift":21,"StrikeDummy":27,"Unceasing Top":9,"Singing Bowl":9,"Enchiridion":19,"Bag of Preparation":0,"Incense Burner":27,"Empty Cage":17,"Cursed Key":34,"Emotion Chip":0,"Mummified Hand":41,"Slimebound:StickyStick":53,"Gambling Chip":54,"Pantograph":26,"Red Mask":31,"Cracked Core":0,"InkBottle":0,"Guardian:GemstoneGun":0,"hexamod:Sixitude":12,"Thread and Needle":39,"Omamori":43,"Seething Fire":0,"Odd Mushroom":14,"Medical Kit":36,"Mercury Hourglass":13,"Nuclear Battery":17,"bronze:BronzeIdol":8,"Anchor":30,"CaptainsWheel":0,"DataDisk":24,"Busted Crown":34,"Ornamental Fan":43,"Orrery":0,"Bag of Marbles":39,"Bottled Lightning":44,"Membership Card":13,"hexamod:BolsterEngine":31,"FossilizedHelix":44,"TungstenRod":0},{"Ice Cream":36,"Calipers":40,"Vajra":60,"Hammer of Thor":0,"Whetstone":107,"Sling":107,"Old Coin":28,"Philosopher\u0027s Stone":16,"Girya":73,"MerchantsRug":79,"Pear":28,"Happy Flower":98,"Blue Candle":13,"Dead Branch":51,"Guardian:PocketSentry":33,"War Paint":70,"Question Card":5,"WarpedTongs":60,"Cables":108,"Du-Vu Doll":55,"Bottled Flame":103,"Shuriken":34,"Anvil of the Gods":0,"MutagenicStrength":13,"Bronze Scales":47,"Pandora\u0027s Box":9,"Molten Egg 2":24,"Nloth\u0027s Gift":33,"StrikeDummy":96,"Unceasing Top":51,"Singing Bowl":84,"Enchiridion":33,"Bag of Preparation":79,"Incense Burner":96,"Empty Cage":32,"Cursed Key":100,"Emotion Chip":79,"Mummified Hand":42,"Slimebound:StickyStick":107,"Gambling Chip":46,"Pantograph":94,"Red Mask":15,"Cracked Core":0,"InkBottle":79,"Guardian:GemstoneGun":79,"hexamod:Sixitude":86,"Thread and Needle":41,"Omamori":20,"Seething Fire":0,"Odd Mushroom":31,"Medical Kit":17,"Mercury Hourglass":30,"Nuclear Battery":56,"bronze:BronzeIdol":84,"Anchor":36,"CaptainsWheel":47,"DataDisk":93,"Busted Crown":37,"Ornamental Fan":42,"Orrery":79,"Bag of Marbles":66,"Bottled Lightning":21,"Membership Card":30,"hexamod:BolsterEngine":61,"FossilizedHelix":67,"TungstenRod":79},{"Ice Cream":151,"Calipers":166,"Vajra":239,"Hammer of Thor":0,"Whetstone":421,"Sling":421,"Old Coin":121,"Philosopher\u0027s Stone":70,"Girya":296,"MerchantsRug":317,"Pear":121,"Happy Flower":381,"Blue Candle":55,"Dead Branch":202,"Guardian:PocketSentry":141,"War Paint":283,"Question Card":18,"WarpedTongs":239,"Cables":426,"Du-Vu Doll":215,"Bottled Flame":395,"Shuriken":144,"Anvil of the Gods":0,"MutagenicStrength":55,"Bronze Scales":192,"Pandora\u0027s Box":35,"Molten Egg 2":111,"Nloth\u0027s Gift":141,"StrikeDummy":373,"Unceasing Top":202,"Singing Bowl":334,"Enchiridion":141,"Bag of Preparation":317,"Incense Burner":373,"Empty Cage":138,"Cursed Key":388,"Emotion Chip":317,"Mummified Hand":174,"Slimebound:StickyStick":421,"Gambling Chip":189,"Pantograph":368,"Red Mask":62,"Cracked Core":0,"InkBottle":317,"Guardian:GemstoneGun":317,"hexamod:Sixitude":342,"Thread and Needle":169,"Omamori":85,"Seething Fire":0,"Odd Mushroom":128,"Medical Kit":73,"Mercury Hourglass":126,"Nuclear Battery":222,"bronze:BronzeIdol":334,"Anchor":151,"CaptainsWheel":192,"DataDisk":366,"Busted Crown":158,"Ornamental Fan":174,"Orrery":317,"Bag of Marbles":262,"Bottled Lightning":96,"Membership Card":126,"hexamod:BolsterEngine":243,"FossilizedHelix":267,"TungstenRod":317}]},"card_choices":[{"not_picked":["Tempest","Loop"],"picked":"Streamline","floor":0.0},{"not_picked":["Streamline","Rainbow"],"picked":"Reinforced Body","floor":0.0},{"not_picked":["Ball Lightning","Aggregate"],"picked":"Steam","floor":0.0},{"not_picked":["Steam Power","Beam Cell"],"picked":"Aggregate","floor":0.0},{"not_picked":["Compile Driver","Aggregate"],"picked":"Tempest","floor":0.0},{"not_picked":["BootSequence","Reinforced Body"],"picked":"Gash","floor":1.0},{"not_picked":["Defragment","Sunder"],"picked":"Beam Cell","floor":2.0},{"not_picked":["Redo","Sweeping Beam"],"picked":"Hologram","floor":6.0},{"not_picked":["Rebound","Force Field"],"picked":"Core Surge","floor":7.0},{"not_picked":["Force Field","Ball Lightning"],"picked":"Core Surge","floor":8.0},{"not_picked":["Redo","Turbo","Recycle"],"picked":"Singing Bowl","floor":11.0},{"not_picked":["Sweeping Beam","Doom and Gloom","Static Discharge"],"picked":"Singing Bowl","floor":12.0},{"not_picked":["Stack","Thunder Strike"],"picked":"Gash","floor":14.0},{"not_picked":["Rainbow","Echo Form"],"picked":"Biased Cognition","floor":16.0},{"not_picked":["Cold Snap+1","Tempest"],"picked":"Leap","floor":18.0},{"not_picked":["Hologram","Melter","Compile Driver"],"picked":"Singing Bowl","floor":19.0},{"not_picked":["Melter","Conserve Battery","Sweeping Beam"],"picked":"Singing Bowl","floor":21.0},{"not_picked":["Compile Driver","Sweeping Beam"],"picked":"All For One","floor":22.0},{"not_picked":["Rainbow","Cold Snap"],"picked":"Stack","floor":24.0},{"not_picked":["Leap","Cold Snap"],"picked":"Gash+1","floor":25.0},{"not_picked":["Conserve Battery","Rip and Tear"],"picked":"Defragment+1","floor":27.0},{"not_picked":["FTL+1","Compile Driver"],"picked":"Glacier+1","floor":28.0},{"not_picked":["FTL+1","Reinforced Body"],"picked":"Hyperbeam","floor":29.0},{"not_picked":["Leap","Fusion","Hologram"],"picked":"Singing Bowl","floor":31.0},{"not_picked":["Thunder Strike","Reboot"],"picked":"Electrodynamics","floor":33.0},{"not_picked":["Cold Snap","Redo"],"picked":"Turbo+1","floor":35.0},{"not_picked":["Conserve Battery","Reinforced Body"],"picked":"Skim","floor":39.0},{"not_picked":["Rebound+1","Streamline+1","Compile Driver"],"picked":"SKIP","floor":41.0},{"not_picked":["Rebound+1","Streamline+1","Compile Driver"],"picked":"Singing Bowl","floor":41.0},{"not_picked":["Turbo+1","Conserve Battery"],"picked":"Gash","floor":45.0},{"not_picked":["Core Surge","Turbo+1","Undo"],"picked":"Singing Bowl","floor":46.0},{"not_picked":["Go for the Eyes","Rip and Tear"],"picked":"Gash","floor":47.0},{"not_picked":["Barrage+1","Steam"],"picked":"Lockon+1","floor":54}],"player_experience":1070423,"relics_obtained":[{"floor":8.0,"key":"bronze:BronzeIdol"},{"floor":9.0,"key":"Singing Bowl"},{"floor":12.0,"key":"hexamod:Sixitude"},{"floor":24.0,"key":"DataDisk"},{"floor":26.0,"key":"Pantograph"},{"floor":27.0,"key":"Incense Burner"},{"floor":27.0,"key":"StrikeDummy"},{"floor":29.0,"key":"Happy Flower"},{"floor":31.0,"key":"Red Mask"},{"floor":41.0,"key":"Bottled Flame"},{"floor":46.0,"key":"FossilizedHelix"},{"floor":54,"key":"Cables"}],"event_choices":[{"cards_removed":["Strike_B"],"damage_healed":0.0,"max_hp_gain":0.0,"max_hp_loss":0.0,"gold_gain":0.0,"event_name":"Golden Wing","player_choice":"Card Removal","floor":3.0,"gold_loss":0.0,"damage_taken":7.0},{"damage_healed":0.0,"max_hp_gain":0.0,"max_hp_loss":0.0,"gold_gain":0.0,"event_name":"betterThird:BetterScrap","player_choice":"LEAVE","floor":4.0,"gold_loss":0.0,"damage_taken":0.0,"cards_obtained":["Bullet Time"]},{"cards_removed":["Reinforced Body"],"damage_healed":0.0,"max_hp_gain":0.0,"max_hp_loss":0.0,"gold_gain":0.0,"event_name":"betterNote:BetterNote","player_choice":"Take \u0026 Give","floor":20.0,"gold_loss":0.0,"damage_taken":0.0,"cards_obtained":["Dramatic Entrance"]},{"damage_healed":0.0,"max_hp_gain":0.0,"max_hp_loss":0.0,"gold_gain":0.0,"event_name":"Colosseum","player_choice":"Fight","floor":27.0,"gold_loss":0.0,"damage_taken":0.0},{"damage_healed":0.0,"max_hp_gain":0.0,"max_hp_loss":0.0,"gold_gain":0.0,"event_name":"Colosseum","player_choice":"Fought Nobs","floor":27.0,"gold_loss":0.0,"damage_taken":0.0},{"damage_healed":0.0,"max_hp_gain":0.0,"max_hp_loss":0.0,"gold_gain":0.0,"event_name":"Masked Bandits","player_choice":"Fought Bandits","floor":31.0,"gold_loss":0.0,"damage_taken":0.0},{"damage_healed":0.0,"max_hp_gain":0.0,"max_hp_loss":4.0,"gold_gain":0.0,"event_name":"Winding Halls","player_choice":"Max HP","floor":36.0,"gold_loss":0.0,"damage_taken":0.0},{"damage_healed":0.0,"max_hp_gain":0.0,"max_hp_loss":0.0,"gold_gain":222.0,"event_name":"Tomb of Lord Red Mask","player_choice":"Wore Mask","floor":37.0,"gold_loss":0.0,"damage_taken":0.0},{"cards_removed":["Defragment"],"damage_healed":0.0,"max_hp_gain":0.0,"max_hp_loss":0.0,"gold_gain":0.0,"event_name":"Falling","player_choice":"Removed Power","floor":48.0,"gold_loss":0.0,"damage_taken":0.0}],"is_beta":false,"boss_relics":[{"not_picked":["sneckomod:SneckoTalon","Philosopher\u0027s Stone"],"picked":"Pandora\u0027s Box"},{"not_picked":["Black Star","Sozu"],"picked":"Cursed Key"}],"items_purged_floors":[0,5],"is_endless":false,"potions_floor_spawned":[2,7,8,11,12,14,18,19,24,25,27,28,33,39,46,47],"killed_by":"The Heart","ascension_level":9}}