{"host":"BK","time":1613171681,"event":{"mods":["BaseMod","Highlight Path","Minty Spire (QoL Compilation)","StSLib"],"gold_per_floor":[119,119,135,150,24,75,75,20,55,77,89,115,145,170,182,273,285,315,340,29,29,42,42,70,84,108,123,123,123,154,166,166,166,166],"floor_reached":33,"language":"ENG","playtime":1698,"items_purged":["Strike_G","Strike_G"],"score":682,"play_id":"a13a324d-c52d-494e-86e9-1968443f147a","local_time":"20210212161441","is_ascension_mode":true,"campfire_choices":[{"floor":7,"key":"REST"},{"floor":11,"key":"REST"},{"floor":15,"key":"REST"},{"floor":23,"key":"REST"},{"floor":29,"key":"REST"},{"floor":32,"key":"REST"}],"circlet_count":0,"master_deck":["AscendersBane","Strike_G+1","Strike_G+1","Strike_G+1","Defend_G+1","Defend_G+1","Defend_G+1","Defend_G+1","Defend_G+1","Survivor","Neutralize+1","Heel Hook","Underhanded Strike","Glass Knife","Deadly Poison","Adrenaline","Backflip","Dash","All Out Attack","Wraith Form v2","PiercingWail","Concentrate","Leg Sweep","Footwork"],"relics":["Ring of the Snake","Pen Nib","MawBank","Happy Flower","Runic Pyramid","Bag of Preparation","Nloth\u0027s Gift","Toy Ornithopter","Mummified Hand"],"acts_visited":["Exordium","TheCity"],"potions_floor_usage":[6,16,16,24,30,33,33],"damage_taken":[{"damage":0,"enemies":"Jaw Worm","floor":1,"turns":1},{"damage":0,"enemies":"Cultist","floor":3,"turns":1},{"damage":0,"enemies":"2 Louse","floor":4,"turns":1},{"damage":49,"enemies":"3 Sentries","floor":6,"turns":12},{"damage":14,"enemies":"Lots of Slimes","floor":10,"turns":5},{"damage":19,"enemies":"Large Slime","floor":12,"turns":6},{"damage":0,"enemies":"3 Louse","floor":13,"turns":2},{"damage":0,"enemies":"Looter","floor":14,"turns":2},{"damage":0,"enemies":"Slime Boss","floor":16,"turns":3},{"damage":19,"enemies":"Shell Parasite","floor":18,"turns":6},{"damage":13,"enemies":"3 Byrds","floor":19,"turns":5},{"damage":3,"enemies":"Snecko","floor":22,"turns":6},{"damage":7,"enemies":"Slavers","floor":24,"turns":5},{"damage":5,"enemies":"Cultist and Chosen","floor":25,"turns":7},{"damage":8,"enemies":"3 Cultists","floor":27,"turns":5},{"damage":14,"enemies":"Gremlin Leader","floor":30,"turns":10},{"damage":5,"enemies":"Snake Plant","floor":31,"turns":5},{"damage":79,"enemies":"Automaton","floor":33,"turns":12}],"seed_played":"-3033505057184748519","potions_obtained":[{"floor":1,"key":"SteroidPotion"},{"floor":4,"key":"ColorlessPotion"},{"floor":10,"key":"FearPotion"},{"floor":16,"key":"Fire Potion"},{"floor":22,"key":"DuplicationPotion"},{"floor":25,"key":"Block Potion"},{"floor":30,"key":"SpeedPotion"}],"is_trial":false,"path_per_floor":["M","?","M","M","$","E","R","?","T","M","R","M","M","M","R","B",null,"M","M","$","?","M","R","E","M","T","M","?","R","E","M","R","B"],"character_chosen":"THE_SILENT","items_purchased":["Deadly Poison","Bag of Preparation","PiercingWail"],"campfire_rested":6,"item_purchase_floors":[5,20,20],"current_hp_per_floor":[59,59,59,59,59,10,29,29,29,15,34,15,15,15,34,34,58,39,26,26,26,23,42,35,30,30,22,22,41,32,27,46,0,0],"gold":166,"neow_bonus":"THREE_ENEMY_KILL","is_daily":false,"chose_seed":false,"campfire_upgraded":0,"win_rate":0.0,"timestamp":1613171681,"path_taken":["M","?","M","?","?","E","R","?","T","?","R","M","M","M","R","BOSS","M","M","$","?","M","R","E","?","T","M","?","R","E","M","R","BOSS"],"items_purchased_type":["Card","Relic","Card"],"build_version":"2020-12-18","purchased_purges":2,"victory":false,"max_hp_per_floor":[66,66,66,66,66,66,66,66,66,66,66,66,66,66,66,66,66,66,66,66,66,66,66,66,66,66,66,66,66,66,66,66,66,66],"card_choices":[{"not_picked":["Acrobatics","Reflex"],"picked":"Heel Hook","floor":1},{"not_picked":["Cloak And Dagger","Concentrate"],"picked":"Underhanded Strike","floor":3},{"not_picked":["Deflect","PiercingWail"],"picked":"Glass Knife","floor":4},{"not_picked":["Bouncing Flask","Quick Slash"],"picked":"Adrenaline","floor":6},{"not_picked":["Deadly Poison","Acrobatics"],"picked":"Backflip","floor":10},{"not_picked":["Eviscerate","Cloak And Dagger","Quick Slash"],"picked":"SKIP","floor":12},{"not_picked":["Quick Slash","Sucker Punch"],"picked":"Dash","floor":13},{"not_picked":["Storm of Steel","Masterful Stab"],"picked":"All Out Attack","floor":14},{"not_picked":["Doppelganger","Envenom"],"picked":"Wraith Form v2","floor":16},{"not_picked":["Backstab","Sucker Punch","Finisher"],"picked":"SKIP","floor":18},{"not_picked":["Caltrops","Quick Slash","Prepared"],"picked":"SKIP","floor":19},{"not_picked":["Outmaneuver","Dodge and Roll","Riddle With Holes"],"picked":"SKIP","floor":22},{"not_picked":["A Thousand Cuts","Storm of Steel"],"picked":"Concentrate","floor":24},{"not_picked":["Choke","Backflip+1"],"picked":"Leg Sweep","floor":25},{"not_picked":["Bane","Cloak And Dagger","Deadly Poison+1"],"picked":"SKIP","floor":27},{"not_picked":["Envenom","Deflect","Masterful Stab+1"],"picked":"SKIP","floor":30},{"not_picked":["Flechettes+1","Sucker Punch"],"picked":"Footwork","floor":31}],"player_experience":2566568,"relics_obtained":[{"floor":6,"key":"Pen Nib"},{"floor":9,"key":"Happy Flower"},{"floor":24,"key":"Toy Ornithopter"},{"floor":30,"key":"Mummified Hand"}],"event_choices":[{"damage_healed":0,"gold_gain":0,"player_choice":"Upgraded","damage_taken":0,"max_hp_gain":0,"max_hp_loss":0,"event_name":"Upgrade Shrine","floor":2,"gold_loss":0,"cards_upgraded":["Neutralize"]},{"damage_healed":0,"gold_gain":0,"player_choice":"Paid Gold","damage_taken":0,"relics_obtained":["MawBank"],"max_hp_gain":0,"max_hp_loss":0,"event_name":"WeMeetAgain","floor":8,"gold_loss":55},{"damage_healed":0,"gold_gain":0,"player_choice":"Traded Relic","damage_taken":0,"relics_obtained":["Nloth\u0027s Gift"],"max_hp_gain":0,"max_hp_loss":0,"event_name":"N\u0027loth","floor":21,"relics_lost":["NeowsBlessing"],"gold_loss":0},{"damage_healed":0,"gold_gain":0,"player_choice":"Simplicity","damage_taken":0,"max_hp_gain":0,"max_hp_loss":0,"event_name":"Back to Basics","floor":28,"gold_loss":0,"cards_upgraded":["Strike_G","Strike_G","Strike_G","Defend_G","Defend_G","Defend_G","Defend_G","Defend_G"]}],"is_beta":true,"boss_relics":[{"not_picked":["Fusion Hammer","Ectoplasm"],"picked":"Runic Pyramid"}],"items_purged_floors":[5,20],"is_endless":false,"potions_floor_spawned":[1,4,10,14,16,22,25,30,31],"killed_by":"Automaton","ascension_level":20}}