{"host":"pdq28s6637cpsst2","time":1613095369,"event":{"mods":["BaseMod","Colored Map","Highlight Path","Minty Spire (QoL Compilation)","Permanent Neow","Quick Restart"],"gold_per_floor":[117,192,162,174,174,208,208,219,219,219,254,270,270,270,270,372,372,372,244,244,244,53,53,53,53,53,53,53,53,53,53,53,53,53,53,53,53,53,53,53,53,53,53,53,53,53,53,53,53,53],"floor_reached":51,"language":"ENG","playtime":7406,"items_purged":["Strike_P"],"score":885,"play_id":"cb753f97-751d-46f2-b777-10d05a854ce5","local_time":"20210211210249","is_ascension_mode":true,"campfire_choices":[{"floor":7,"key":"REST"},{"floor":10,"key":"REST"},{"data":"CutThroughFate","floor":13,"key":"SMITH"},{"data":"Devotion","floor":15,"key":"SMITH"},{"data":"WindmillStrike","floor":23,"key":"SMITH"},{"data":"Nirvana","floor":25,"key":"SMITH"},{"data":"ThirdEye","floor":27,"key":"SMITH"},{"floor":32,"key":"REST"},{"data":"CutThroughFate","floor":40,"key":"SMITH"},{"data":"InnerPeace","floor":42,"key":"SMITH"},{"data":"Prostrate","floor":46,"key":"SMITH"},{"data":"Prostrate","floor":49,"key":"SMITH"}],"circlet_count":0,"master_deck":["Strike_P","Defend_P","Defend_P","Defend_P","Eruption","Vigilance","Devotion+1","Weave","Consecrate","Weave","Wireheading","Prostrate+1","CutThroughFate+1","WindmillStrike+1","Evaluate+1","ThirdEye+1","DeceiveReality","Weave","Prostrate+1","Nirvana+1","Conclude","InnerPeace+1","BattleHymn+1","SpiritShield","CutThroughFate+1","CutThroughFate+1","CutThroughFate+1"],"relics":["PureWater","Eternal Feather","Meat on the Bone","MealTicket","Ectoplasm","Dream Catcher","Oddly Smooth Stone","Damaru","Cursed Key","WingedGreaves","Du-Vu Doll","Bag of Marbles"],"acts_visited":["Exordium","TheCity","TheBeyond"],"potions_floor_usage":[6,16,29,35,48],"damage_taken":[{"damage":0,"enemies":"Small Slimes","floor":1,"turns":3},{"damage":2,"enemies":"Cultist","floor":4,"turns":5},{"damage":39,"enemies":"Gremlin Nob","floor":6,"turns":6},{"damage":7,"enemies":"2 Louse","floor":8,"turns":3},{"damage":37,"enemies":"3 Sentries","floor":11,"turns":10},{"damage":5,"enemies":"Looter","floor":12,"turns":2},{"damage":23,"enemies":"Hexaghost","floor":16,"turns":6},{"damage":13,"enemies":"Shell Parasite","floor":18,"turns":4},{"damage":4,"enemies":"Spheric Guardian","floor":20,"turns":4},{"damage":1,"enemies":"Gremlin Leader","floor":24,"turns":3},{"damage":10,"enemies":"Snecko","floor":28,"turns":6},{"damage":23,"enemies":"Slavers","floor":29,"turns":4},{"damage":0,"enemies":"Book of Stabbing","floor":31,"turns":5},{"damage":0,"enemies":"Champ","floor":33,"turns":8},{"damage":0,"enemies":"3 Shapes","floor":35,"turns":2},{"damage":3,"enemies":"Mind Bloom Boss Battle","floor":36,"turns":5},{"damage":6,"enemies":"Orb Walker","floor":38,"turns":4},{"damage":22,"enemies":"Nemesis","floor":41,"turns":7},{"damage":4,"enemies":"Giant Head","floor":44,"turns":5},{"damage":3,"enemies":"4 Shapes","floor":45,"turns":3},{"damage":8,"enemies":"Spire Growth","floor":47,"turns":4},{"damage":21,"enemies":"Writhing Mass","floor":48,"turns":6},{"damage":24,"enemies":"Donu and Deca","floor":50,"turns":5}],"seed_played":"-4176632756150212718","potions_obtained":[{"floor":1,"key":"EssenceOfSteel"},{"floor":3,"key":"FairyPotion"},{"floor":3,"key":"Dexterity Potion"},{"floor":8,"key":"Ambrosia"},{"floor":28,"key":"Strength Potion"},{"floor":29,"key":"Ancient Potion"},{"floor":33,"key":"ColorlessPotion"},{"floor":36,"key":"DuplicationPotion"}],"is_trial":false,"path_per_floor":["M","?","?","M","?","E","R","M","T","R","E","M","R","?","R","B",null,"M","$","M","?","$","R","E","R","T","R","M","E","?","E","R","B",null,"M","?","?","M","$","R","E","R","T","E","M","R","M","M","R","B",null],"character_chosen":"WATCHER","items_purchased":["ThirdEye","Weave","Prostrate","Nirvana"],"campfire_rested":3,"item_purchase_floors":[19,22,22,22],"current_hp_per_floor":[65,54,54,52,45,6,31,24,24,49,24,31,40,40,49,38,65,52,65,61,61,65,65,64,65,65,65,55,44,44,44,65,65,65,65,62,62,56,65,65,43,58,58,54,51,65,57,36,51,39],"gold":53,"neow_bonus":"TRANSFORM_TWO_CARDS","is_daily":false,"chose_seed":false,"campfire_upgraded":9,"win_rate":0.0,"timestamp":1613095369,"path_taken":["M","?","?","?","?","E","R","M","T","R","E","M","R","?","R","BOSS","M","$","M","?","?","R","E","R","T","R","M","E","?","E","R","BOSS","M","?","?","M","?","R","E","R","T","E","M","R","M","?","R","BOSS"],"items_purchased_type":["Card","Card","Card","Card"],"build_version":"2020-12-22","purchased_purges":1,"victory":true,"max_hp_per_floor":[65,65,65,65,65,65,65,65,65,65,65,65,65,65,65,65,65,65,65,65,65,65,65,65,65,65,65,65,65,65,65,65,65,65,65,65,65,65,65,65,65,65,65,65,65,65,65,65,65,65],"card_choices":[{"not_picked":["Prostrate","FlyingSleeves"],"picked":"Consecrate","floor":1},{"not_picked":["Swivel","Fasting2"],"picked":"Weave","floor":4},{"not_picked":["DeusExMachina","Consecrate"],"picked":"Wireheading","floor":6},{"not_picked":["PathToVictory","EmptyFist"],"picked":"Prostrate","floor":8},{"not_picked":["Swivel","InnerPeace"],"picked":"CutThroughFate","floor":11},{"not_picked":["Halt","WheelKick"],"picked":"WindmillStrike","floor":12},{"not_picked":["Protect","Consecrate+1"],"picked":"Evaluate+1","floor":18},{"not_picked":["WheelKick+1","EmptyMind"],"picked":"DeceiveReality","floor":20},{"not_picked":["Study","WheelKick","ReachHeaven+1"],"picked":"SKIP","floor":24},{"not_picked":["Wireheading","Crescendo"],"picked":"Conclude","floor":28},{"not_picked":["SashWhip","Worship+1"],"picked":"InnerPeace","floor":29},{"not_picked":["FollowUp+1","EmptyMind"],"picked":"BattleHymn+1","floor":31},{"not_picked":["BowlingBash","Crescendo"],"picked":"SpiritShield","floor":32},{"not_picked":["FlurryOfBlows","Conclude+1","Worship"],"picked":"SKIP","floor":35},{"not_picked":["FollowUp+1","WreathOfFlame"],"picked":"CutThroughFate+1","floor":36},{"not_picked":["Prostrate+1","FlurryOfBlows"],"picked":"CutThroughFate","floor":38},{"not_picked":["ClearTheMind","DeceiveReality"],"picked":"CutThroughFate+1","floor":41},{"not_picked":["SashWhip+1","FollowUp+1","Meditate+1"],"picked":"SKIP","floor":44},{"not_picked":["Study+1","EmptyMind","Wireheading+1"],"picked":"SKIP","floor":45},{"not_picked":["LikeWater","FollowUp+1","Prostrate"],"picked":"SKIP","floor":47},{"not_picked":["JustLucky+1","Wireheading+1","EmptyBody"],"picked":"SKIP","floor":48}],"player_experience":143294,"relics_obtained":[{"floor":6,"key":"Eternal Feather"},{"floor":9,"key":"Meat on the Bone"},{"floor":11,"key":"MealTicket"},{"floor":24,"key":"Dream Catcher"},{"floor":29,"key":"Oddly Smooth Stone"},{"floor":31,"key":"Damaru"},{"floor":36,"key":"WingedGreaves"},{"floor":41,"key":"Du-Vu Doll"},{"floor":44,"key":"Bag of Marbles"}],"event_choices":[{"damage_healed":0,"gold_gain":75,"player_choice":"Gather Gold","damage_taken":11,"max_hp_gain":0,"max_hp_loss":0,"event_name":"World of Goop","floor":2,"gold_loss":0},{"damage_healed":0,"gold_gain":0,"player_choice":"Bought 2 Potions","damage_taken":0,"max_hp_gain":0,"max_hp_loss":0,"event_name":"The Woman in Blue","floor":3,"gold_loss":0},{"cards_removed":["Strike_P"],"damage_healed":0,"gold_gain":0,"player_choice":"Card Removal","damage_taken":7,"max_hp_gain":0,"max_hp_loss":0,"event_name":"Golden Wing","floor":5,"gold_loss":0},{"damage_healed":0,"gold_gain":0,"player_choice":"Ignored","damage_taken":0,"max_hp_gain":0,"max_hp_loss":0,"event_name":"WeMeetAgain","floor":14,"gold_loss":0},{"damage_healed":0,"gold_gain":0,"player_choice":"Copied","damage_taken":0,"max_hp_gain":0,"max_hp_loss":0,"event_name":"Duplicator","floor":21,"gold_loss":0,"cards_obtained":["CutThroughFate"]},{"damage_healed":0,"gold_gain":99,"player_choice":"Stole From Cult","damage_taken":0,"max_hp_gain":0,"max_hp_loss":0,"event_name":"Nest","floor":30,"gold_loss":0},{"damage_healed":0,"gold_gain":0,"player_choice":"Fight","damage_taken":0,"max_hp_gain":0,"max_hp_loss":0,"event_name":"MindBloom","floor":36,"gold_loss":0},{"cards_removed":["CutThroughFate"],"damage_healed":0,"gold_gain":0,"player_choice":"Removed Attack","damage_taken":0,"max_hp_gain":0,"max_hp_loss":0,"event_name":"Falling","floor":37,"gold_loss":0}],"is_beta":false,"boss_relics":[{"not_picked":["Fusion Hammer","Runic Dome"],"picked":"Ectoplasm"},{"not_picked":["Philosopher\u0027s Stone","Pandora\u0027s Box"],"picked":"Cursed Key"}],"items_purged_floors":[19],"is_endless":false,"potions_floor_spawned":[1,4,8,12,28,29,33,36,41,45],"ascension_level":1}}