{"host":"8lgo2trwv2o0qyml","time":1613172851,"event":{"mods":["BaseMod","Colored Map","Colored Powertips","DeckTracker","Highlight Path","Hubris","Infinite Spire","Minty Spire (QoL Compilation)","Quick Restart","Random Character Button","Relic Sorter","Replay The Spire","StSLib","SuperFastMode","Synergy Search"],"gold_per_floor":[119,321,335,354,60,87,87,121,203,203,217,217,247,247,247,398,398,417,417,417,407,407,407,407,407,407,407,42,141,196,221,221,331,331,355,280,280,302,302,302,347,371,371,415,463,513,533,6,6,12],"floor_reached":51,"playtime":3953,"items_purged":["Worship"],"score":769,"play_id":"258f33a8-a325-4361-8dd1-3008f18a4881","local_time":"20210212183411","is_ascension_mode":false,"campfire_choices":[{"data":"Magnetism","floor":7.0,"key":"SMITH"},{"floor":10.0,"key":"REST"},{"floor":15.0,"key":"REST"},{"floor":23,"key":"REST"},{"data":"SandsOfTime","floor":25,"key":"SMITH"},{"data":"MasterReality","floor":32,"key":"SMITH"},{"floor":40,"key":"REST"},{"data":"Alpha","floor":49,"key":"SMITH"}],"circlet_count":0,"master_deck":["Strike_P","Strike_P","Strike_P","Defend_P","Defend_P","Defend_P","Defend_P","Eruption","Vigilance","DeceiveReality","Indignation","FlurryOfBlows+1","ThirdEye","Magnetism+1","SandsOfTime","Prostrate","Sanctity","MasterReality+1","WheelKick","Alpha+1","SandsOfTime","SandsOfTime+1","WreathOfFlame","EmptyFist","ClearTheMind","DeusExMachina","Chrysalis","Apotheosis","DeusExMachina","WaveOfTheHand+1","MentalFortress+1","FlyingSleeves+1","BattleHymn","Chrysalis","ReplayTheSpireMod:Private Reserves","Replay:AtTheReady"],"relics":["PureWater","hubris:Macrotransations","infinitespire:Eraser","Replay:Bandana","White Beast Statue","Replay:Bottled Flurry","hubris:ToyBattleship","Bloody Idol","SacredBark","Nloth\u0027s Gift","hubris:EvacipatedBox","Bottled Flame","Replay:Rubber Ducky","Snack Pack","infinitespire:Satchel","hubris:Backtick","Strange Spoon","Bird Faced Urn","hubris:CrystalStatue","Replay:PocketPolymizer","Toy Ornithopter","Tiny House","Ornamental Fan","DollysMirror"],"acts_visited":["Exordium","TheCity","TheBeyond"],"potions_floor_usage":[21,21,33,35,41,41,41,41,42,42,42,44,47,47,50,50,50],"damage_taken":[{"damage":0.0,"enemies":"Jaw Worm","floor":1.0,"turns":1.0},{"damage":0.0,"enemies":"2 Louse","floor":3.0,"turns":2.0},{"damage":0.0,"enemies":"Small Slimes","floor":4.0,"turns":1.0},{"damage":12.0,"enemies":"Lagavulin","floor":6.0,"turns":12.0},{"damage":28.0,"enemies":"Gremlin Nob","floor":8.0,"turns":3.0},{"damage":1.0,"enemies":"Looter","floor":11.0,"turns":4.0},{"damage":21.0,"enemies":"3 Sentries","floor":13.0,"turns":9.0},{"damage":7.0,"enemies":"Hexaghost","floor":16.0,"turns":10.0},{"damage":32.0,"enemies":"Chosen","floor":18.0,"turns":5.0},{"damage":15,"enemies":"2 Thieves","floor":21,"turns":5},{"damage":9,"enemies":"Shelled Parasite and Fungi","floor":31,"turns":5},{"damage":36,"enemies":"Automaton","floor":33,"turns":8},{"damage":22,"enemies":"3 Darklings","floor":35,"turns":5},{"damage":28,"enemies":"Orb Walker","floor":38,"turns":5},{"damage":0,"enemies":"R_Hoarder","floor":41,"turns":6},{"damage":25,"enemies":"Sphere and 2 Shapes","floor":42,"turns":6},{"damage":0,"enemies":"4 Shapes","floor":44,"turns":7},{"damage":38,"enemies":"Reptomancer","floor":45,"turns":8},{"damage":14,"enemies":"Jaw Worm Horde","floor":47,"turns":7},{"damage":76,"enemies":"infinitespire:MassOfShapes","floor":50,"turns":9}],"seed_played":"-3010771769063211898","potions_obtained":[{"floor":1.0,"key":"GamblersBrew"},{"floor":3.0,"key":"Flashbang"},{"floor":11.0,"key":"AttackPotion"},{"floor":13.0,"key":"ColorlessPotion"},{"floor":16.0,"key":"Regen Potion"},{"floor":18.0,"key":"Weak Potion"},{"floor":21,"key":"SkillPotion"},{"floor":31,"key":"Strength Potion"},{"floor":33,"key":"PowerPotion"},{"floor":35,"key":"SpeedPotion"},{"floor":38,"key":"EntropicBrew"},{"floor":41,"key":"AttackPotion"},{"floor":42,"key":"AttackPotion"},{"floor":44,"key":"Milkshake"},{"floor":45,"key":"Energy Potion"},{"floor":46,"key":"StancePotion"},{"floor":47,"key":"Explosive Potion"}],"is_trial":false,"path_per_floor":["M","?","M","M","$","E","R","E","T","R","M","?","E","?","R","B",null,"M","?","$","M","AVR","R","?","R","T","?","$","?","T","M","R","B",null,"M","$","?","M","?","R","E","M","T","M","E","AVR","M","$","R","B",null],"character_chosen":"WATCHER","items_purchased":["Magnetism","SandsOfTime","Prostrate","hubris:Macrotransations","hubris:EvacipatedBox","Snack Pack","WreathOfFlame","EmptyFist","Strength Potion","Ornamental Fan","DollysMirror","ReplayTheSpireMod:Private Reserves"],"campfire_rested":4,"item_purchase_floors":[5,5,5,20,20,28,28,28,48,48,48,48],"current_hp_per_floor":[72,72,72,72,72,60,60,32,32,53,52,52,31,13,34,27,72,40,40,2,21,21,42,42,42,42,42,42,47,52,50,50,23,72,55,55,50,29,29,50,57,45,45,58,39,49,62,62,62,19],"gold":12,"neow_bonus":"THREE_ENEMY_KILL","is_daily":false,"chose_seed":false,"campfire_upgraded":4,"win_rate":0.0,"timestamp":1613172851,"path_taken":["M","?","M","M","$","E","R","E","T","R","M","?","E","?","R","BOSS","M","?","?","M","AVR","R","?","R","T","?","$","?","?","M","R","BOSS","M","$","?","M","?","R","E","M","T","M","E","AVR","M","$","R","BOSS"],"items_purchased_type":["Card","Card","Card","Relic","Relic","Relic","Card","Card","Potion","Relic","Relic","Card"],"build_version":"2020-12-22","purchased_purges":1,"victory":true,"max_hp_per_floor":[72,72,72,72,72,72,72,72,72,72,72,72,72,72,72,72,72,72,72,72,72,72,72,72,72,72,72,72,72,72,72,72,72,72,72,72,72,72,72,72,72,72,72,72,72,77,77,77,77,77],"card_choices":[{"not_picked":["ForeignInfluence","FlurryOfBlows"],"picked":"DeceiveReality","floor":1.0},{"not_picked":["Replay:BluntJabs","LikeWater"],"picked":"Indignation","floor":2.0},{"not_picked":["EmptyFist","Crescendo"],"picked":"FlurryOfBlows","floor":3.0},{"not_picked":["InnerPeace","Replay:BluntJabs"],"picked":"ThirdEye","floor":4.0},{"not_picked":["ThirdEye","PathToVictory"],"picked":"Sanctity","floor":6.0},{"not_picked":["CutThroughFate","MentalFortress"],"picked":"Worship","floor":8.0},{"not_picked":["FlurryOfBlows","Replay:BluntJabs"],"picked":"MasterReality","floor":11.0},{"not_picked":["Vengeance","Replay:Anticipation"],"picked":"WheelKick","floor":13.0},{"not_picked":["Replay:AllIn","MasterReality"],"picked":"Alpha","floor":16.0},{"not_picked":["SashWhip+1","Evaluate"],"picked":"SandsOfTime","floor":18.0},{"not_picked":["Perseverance","FlurryOfBlows+1"],"picked":"SandsOfTime","floor":21},{"not_picked":["InnerPeace","Indignation"],"picked":"ClearTheMind","floor":31},{"not_picked":["Vault","Blasphemy"],"picked":"LessonLearned","floor":33},{"not_picked":["WaveOfTheHand","Sanctity+1"],"picked":"DeusExMachina","floor":35},{"not_picked":["Replay:Parry","The Bomb"],"picked":"Chrysalis","floor":37},{"not_picked":["Forethought","Flash of Steel"],"picked":"Apotheosis","floor":37},{"not_picked":["ClearTheMind","Replay:ManipulateFuture+1","Replay:DivineShield+1"],"picked":"SKIP","floor":38},{"not_picked":["CrushJoints","SandsOfTime"],"picked":"DeusExMachina","floor":41},{"not_picked":["EmptyMind","PathToVictory+1","Replay:DivineShield"],"picked":"SKIP","floor":42},{"not_picked":["EmptyFist+1","DeceiveReality"],"picked":"WaveOfTheHand+1","floor":44},{"not_picked":["ForeignInfluence","Prostrate+1"],"picked":"MentalFortress+1","floor":45},{"not_picked":["FollowUp","EmptyFist"],"picked":"FlyingSleeves+1","floor":46},{"not_picked":["ReachHeaven+1","SashWhip"],"picked":"BattleHymn","floor":47}],"player_experience":134903,"relics_obtained":[{"floor":6.0,"key":"infinitespire:Eraser"},{"floor":8.0,"key":"Replay:Bandana"},{"floor":9.0,"key":"White Beast Statue"},{"floor":12.0,"key":"Replay:Bottled Flurry"},{"floor":13.0,"key":"hubris:ToyBattleship"},{"floor":26,"key":"Replay:Rubber Ducky"},{"floor":30,"key":"infinitespire:Satchel"},{"floor":41,"key":"Bird Faced Urn"},{"floor":43,"key":"hubris:CrystalStatue"},{"floor":45,"key":"Replay:PocketPolymizer"}],"event_choices":[{"damage_healed":0.0,"max_hp_gain":0.0,"max_hp_loss":0.0,"gold_gain":0.0,"event_name":"Golden Idol","player_choice":"Take Damage","floor":14.0,"gold_loss":0.0,"damage_taken":18.0,"relics_obtained":["Golden Idol"]},{"damage_healed":0.0,"max_hp_gain":0.0,"max_hp_loss":0.0,"gold_gain":0.0,"event_name":"N\u0027loth","player_choice":"Traded Relic","floor":19.0,"relics_lost":["NeowsBlessing"],"gold_loss":0.0,"damage_taken":0.0,"relics_obtained":["Nloth\u0027s Gift"]},{"damage_healed":0,"gold_gain":0,"player_choice":"Gave Idol","damage_taken":0,"relics_obtained":["Bloody Idol"],"max_hp_gain":0,"max_hp_loss":0,"event_name":"Forgotten Altar","floor":24,"relics_lost":["Golden Idol"],"gold_loss":0},{"damage_healed":0,"gold_gain":0,"player_choice":"Ignored","damage_taken":0,"max_hp_gain":0,"max_hp_loss":0,"event_name":"Ghosts","floor":27,"gold_loss":0},{"damage_healed":0,"gold_gain":99,"player_choice":"Stole From Cult","damage_taken":0,"max_hp_gain":0,"max_hp_loss":0,"event_name":"Nest","floor":29,"gold_loss":0},{"damage_healed":0,"gold_gain":0,"player_choice":"Memory 2","damage_taken":5,"max_hp_gain":0,"max_hp_loss":0,"event_name":"SensoryStone","floor":37,"gold_loss":0},{"cards_removed":["LessonLearned"],"damage_healed":0,"gold_gain":0,"player_choice":"Removed Attack","damage_taken":0,"max_hp_gain":0,"max_hp_loss":0,"event_name":"Falling","floor":39,"gold_loss":0}],"is_beta":false,"boss_relics":[{"not_picked":["VioletLotus","Snecko Eye"],"picked":"SacredBark"},{"not_picked":["hubris:GrandSneckoEye","hubris:Stopwatch","Kintsugi"],"picked":"hubris:Backtick"}],"items_purged_floors":[36],"is_endless":false,"potions_floor_spawned":[1,3,11,13,16,18,21,31,33,35,38,41,42,44,45,47],"ascension_level":0}}