{"host":"bbld1ic1uj90ldt9","time":1613149584,"event":{"mods":["2.2 Compatiblity","AchievementEnabler","Act Like it!","BaseMod","Better Third Choice","Conspire","Downfall","Emptier Cage","Gensokyo","Hallownest","Hermit","Highlight Path","Hubris","Marisa????????","Minty Spire (QoL Compilation)","Random Character Button","Replay The Spire","StSLib","The Animator","The Bug Knight","The Cursed","The Disciple","The Hierophant","The Jungle","The Runesmith","The Servant 0.9.4"],"gold_per_floor":[99,113,130,130,46,79,79,9,9,9,9,9,38,50,50,35,48,48,48],"floor_reached":18,"language":"FRA","playtime":1844,"items_purged":[],"score":157,"play_id":"1c65e3aa-4f7b-479a-b519-5ee7cd48378d","local_time":"20210212180624","is_ascension_mode":true,"campfire_choices":[{"data":"Strike_S","floor":1.0,"key":"PURGE"},{"floor":10,"key":"REST"},{"floor":15,"key":"REST"}],"circlet_count":0,"master_deck":["Strike_S","Strike_S","Strike_S","Defend_S","Defend_S","Defend_S","Defend_S","KidneyShot","Exchange","Spin","SilverBlades","Hallucinations","Ricochet","SurpressingFire","Potential","TimeWarp","FanOfKnives","FanOfKnives","SurpressingFire","ShatteredReality","Misdirection","Potential"],"relics":["Uniform","ReplayTheSpireMod:Ring of Collecting","Ring of Fangs","Sundial","ReplayTheSpireMod:Ring of Addiction","hubris:64BitClover","SacredBark","hubris:EmptyBottle","Hallownest:DreamNailRelic","Tiny Chest"],"acts_visited":["Hallownest:Greenpath"],"potions_floor_usage":[13,13,13,16,16,18],"damage_taken":[{"damage":0.0,"enemies":"Hallownest:monsterHuskGuard","floor":2.0,"turns":5.0},{"damage":7.0,"enemies":"Hallownest:2_Tiktiks_and_1_Crawlid","floor":3.0,"turns":3.0},{"damage":5.0,"enemies":"downfall:FleeingMerchant","floor":5.0,"turns":4.0},{"damage":34.0,"enemies":"Hallownest:eliteMossKnight","floor":6.0,"turns":26.0},{"damage":5.0,"enemies":"downfall:FleeingMerchant","floor":8.0,"turns":4.0},{"damage":17,"enemies":"Hallownest:eliteCrystalGuardian","floor":13,"turns":6},{"damage":4,"enemies":"2_ Uuma","floor":14,"turns":4},{"damage":7,"enemies":"downfall:FleeingMerchant","floor":16,"turns":4},{"damage":8,"enemies":"Hallownest:Guard_and_Warrior","floor":17,"turns":6},{"damage":26,"enemies":"IC_STATUS_ARCHETYPE","floor":18,"turns":2}],"seed_played":"-5105054357805142444","potions_obtained":[{"floor":3.0,"key":"SneckoOil"},{"floor":6.0,"key":"Dexterity Potion"},{"floor":7.0,"key":"PowerPotion"},{"floor":14,"key":"hexamod:SoulburnPotion"},{"floor":17,"key":"Elixir"}],"is_trial":false,"path_per_floor":["R","M","M","?","$","E","T","$","?","R","PTL","PTL","E","M","R","$","M","B"],"character_chosen":"THE_SERVANT","items_purchased":["SurpressingFire","FanOfKnives"],"campfire_rested":2,"item_purchase_floors":[5,8],"current_hp_per_floor":[65,65,58,58,53,19,19,14,14,35,35,35,18,14,34,27,19,0,0],"gold":48,"neow_bonus":"TEN_PERCENT_HP_BONUS","is_daily":false,"chose_seed":false,"campfire_upgraded":0,"win_rate":0.0,"timestamp":1613149584,"path_taken":["R","M","M","?","$","E","T","$","?","R","PTL","PTL","E","M","R","?","M","BOSS"],"items_purchased_type":["Card","Card"],"build_version":"2020-12-22","purchased_purges":0,"victory":false,"max_hp_per_floor":[71,71,71,71,71,71,71,71,71,71,71,69,69,69,69,69,69,69,69],"card_choices":[{"not_picked":["Replace","Defy"],"picked":"Spin","floor":2.0},{"not_picked":["TimeWarp","FastForward"],"picked":"SilverBlades","floor":3.0},{"not_picked":["Advance","Sunlight"],"picked":"Ricochet","floor":5.0},{"not_picked":["Replace","FastForward"],"picked":"Potential","floor":6.0},{"not_picked":["GearUp","Rearm"],"picked":"TimeWarp","floor":8},{"not_picked":["BottledTime","Rearm"],"picked":"SurpressingFire","floor":13},{"not_picked":["Replace","Defy"],"picked":"ShatteredReality","floor":14},{"not_picked":["Desolation","RealityMarble"],"picked":"Misdirection","floor":16},{"not_picked":["ShatteredReality","Ricochet"],"picked":"Potential","floor":17}],"player_experience":2289305,"relics_obtained":[{"floor":4.0,"key":"ReplayTheSpireMod:Ring of Collecting"},{"floor":4.0,"key":"Ring of Fangs"},{"floor":6.0,"key":"Sundial"},{"floor":7.0,"key":"ReplayTheSpireMod:Ring of Addiction"},{"floor":7.0,"key":"hubris:64BitClover"},{"floor":7.0,"key":"SacredBark"},{"floor":7.0,"key":"hubris:EmptyBottle"},{"floor":13,"key":"Tiny Chest"}],"event_choices":[],"is_beta":false,"boss_relics":[],"items_purged_floors":[],"is_endless":false,"potions_floor_spawned":[3,6,14,17],"killed_by":"IC_STATUS_ARCHETYPE","ascension_level":8}}