{"host":"7ttbe3gzet1mthv0","time":1613157284,"event":{"mods":["AchievementEnabler","BaseMod","Bestiary","Better Match","Better Note","Better Sensory Stone","Better Third Choice","BetterRewards","CapriCore","Colored Map","Colored Powertips","Custom Start","Downfall","Fox Events","Hermit","Highlight Path","Infinite Spire","Jorbs\u0027s Wanderer Trilogy","Luminous","Marisa????????","Minty Spire (QoL Compilation)","Rare Cards Sparkle","Relic Stats","Spicy Shops","StSLib","The Alterego","The Bug Knight","The Cursed","The Hierophant","The Marked","Wandering Minibosses"],"gold_per_floor":[109,125,26,45,58,85,85,120,120,120,132,132,166,178,178,178,178],"floor_reached":16,"language":"SPA","playtime":799,"items_purged":["Strike_G"],"score":159,"play_id":"02b86598-fe41-41f0-95f4-ee394457c168","local_time":"20210212201444","is_ascension_mode":true,"campfire_choices":[{"data":"Neutralize","floor":10,"key":"SMITH"},{"data":"Wraith Form v2","floor":12,"key":"SMITH"},{"data":"Poisoned Stab","floor":15,"key":"SMITH"}],"circlet_count":0,"master_deck":["Strike_G","Strike_G","Strike_G","Strike_G","Defend_G","Defend_G","Defend_G","Defend_G","Defend_G","Survivor","Neutralize+1","Riddle With Holes","Dash","Poisoned Stab+1","Wraith Form v2+1"],"relics":["infinitespire:Cupcake","Strawberry","PreservedInsect","Smiling Mask","infinitespire:WardingShard"],"acts_visited":["Exordium"],"potions_floor_usage":[16,16],"damage_taken":[{"damage":10,"enemies":"Cultist","floor":1,"turns":4},{"damage":10,"enemies":"infinitespire:Voidling","floor":2,"turns":4},{"damage":0,"enemies":"Small Slimes","floor":4,"turns":3},{"damage":13,"enemies":"Exordium Thugs","floor":5,"turns":5},{"damage":12,"enemies":"3 Sentries","floor":6,"turns":9},{"damage":24,"enemies":"Lagavulin","floor":8,"turns":10},{"damage":0,"enemies":"Blue Slaver","floor":11,"turns":3},{"damage":13,"enemies":"3 Sentries","floor":13,"turns":8},{"damage":0,"enemies":"Large Slime","floor":14,"turns":6},{"damage":55,"enemies":"Slime Boss","floor":16,"turns":12}],"seed_played":"-4498036160070932217","potions_obtained":[{"floor":4,"key":"Ancient Potion"},{"floor":5,"key":"Energy Potion"},{"floor":8,"key":"Dexterity Potion"}],"is_trial":false,"path_per_floor":["M","M","$","M","M","E","?","E","T","R","M","R","E","M","R","B"],"character_chosen":"THE_SILENT","items_purchased":["Poisoned Stab"],"campfire_rested":0,"item_purchase_floors":[3],"current_hp_per_floor":[60,57,57,57,44,39,87,63,63,63,63,63,50,50,50,0,0],"gold":178,"neow_bonus":"BOSS_RELIC","is_daily":false,"chose_seed":false,"campfire_upgraded":3,"win_rate":0.0,"timestamp":1613157284,"path_taken":["M","M","?","?","M","E","?","E","T","R","M","R","E","M","R","BOSS"],"items_purchased_type":["Card"],"build_version":"2020-12-22","purchased_purges":1,"victory":false,"max_hp_per_floor":[70,70,70,70,70,77,87,87,87,87,87,87,87,87,87,87,87],"relic_stats":{"counters":[10,64],"PreservedInsect":31,"Smiling Mask":0,"obtain_stats":[{"infinitespire:WardingShard":13,"Strawberry":6,"PreservedInsect":8,"Smiling Mask":9,"Ring of the Snake":0,"infinitespire:Cupcake":0},{"infinitespire:WardingShard":8,"Strawberry":5,"PreservedInsect":6,"Smiling Mask":6,"Ring of the Snake":0,"infinitespire:Cupcake":0},{"infinitespire:WardingShard":46,"Strawberry":25,"PreservedInsect":35,"Smiling Mask":35,"Ring of the Snake":0,"infinitespire:Cupcake":0}]},"card_choices":[{"not_picked":["Sucker Punch","Endless Agony"],"picked":"Riddle With Holes","floor":1},{"not_picked":["Acrobatics","Dagger Spray"],"picked":"Dash","floor":2},{"not_picked":["Bouncing Flask","Dagger Throw"],"picked":"Phantasmal Killer","floor":4},{"not_picked":["Infinite Blades","Flechettes","Underhanded Strike"],"picked":"SKIP","floor":5},{"not_picked":["Dagger Throw","Quick Slash","Deadly Poison"],"picked":"SKIP","floor":6},{"not_picked":["Distraction","All Out Attack","Dodge and Roll"],"picked":"SKIP","floor":8},{"not_picked":["Sucker Punch","Deadly Poison"],"picked":"Wraith Form v2","floor":11},{"not_picked":["PiercingWail","Riddle With Holes","Reflex"],"picked":"SKIP","floor":13},{"not_picked":["Sucker Punch","Tactician","Blade Dance"],"picked":"SKIP","floor":14}],"player_experience":58932,"relics_obtained":[{"floor":6,"key":"Strawberry"},{"floor":8,"key":"PreservedInsect"},{"floor":9,"key":"Smiling Mask"},{"floor":13,"key":"infinitespire:WardingShard"}],"event_choices":[{"cards_removed":["Phantasmal Killer"],"damage_healed":38,"gold_gain":0,"player_choice":"Offered Rare","damage_taken":0,"max_hp_gain":10,"max_hp_loss":0,"event_name":"Bonfire Elementals","floor":7,"gold_loss":0}],"is_beta":false,"boss_relics":[],"items_purged_floors":[3],"is_endless":false,"potions_floor_spawned":[4,5,8],"killed_by":"Slime Boss","ascension_level":2}}