{"host":"b3acx0fd85ri4t7i","time":1613092099,"event":{"mods":["Act Like it!","Ascension Reborn","Aspiration","BaseMod","Challenge The Spire","Colored Map","Colored Powertips","Conspire","Dota2Spire","Downfall","GifTheSpireLib","Minty Spire (QoL Compilation)","Pale of the Ancients","Quick Restart","Relic Stats","Reliquary","Remilia（蕾米莉亚）","Replay The Spire","RumiaBox-露米娅的神秘盒子","SOS（斯巴达之子）","Shop Mod","Spicy Shops","StSLib","TestMod","The Hierophant","The Runesmith","The Servant 0.9.4","[IsaacMod]以撒尖塔","【功能Mod】混沌之环修复补丁","【功能Mod】聪明的最终Boss","篝火指南"],"gold_per_floor":[114,114,114,114,129,129,129],"floor_reached":6,"language":"ZHS","playtime":1757,"items_purged":[],"score":34,"play_id":"b89f7b85-3820-4907-8a76-924d0f437d81","local_time":"20210212090819","daily_mods":["Draft","Diverse","downfall:Hexed"],"is_ascension_mode":false,"campfire_choices":[],"circlet_count":0,"master_deck":["Bomb","Runesmith:ShiftingStrike","Armaments","Meteor Strike","Guardian:TemporalShield","Bloodletting","sneckomod:UnknownClassPALE_SHOWMAN_PURPLE_COLOR","Hologram","Straight","FastForward","Slimebound:GoopSpray","sneckomod:SoulDraw","JustLucky","hierophant:Sermon","Cold Snap","Slimebound:SamplingLick","Runesmith:UnstableHammer","Injury","Consecrate"],"relics":["ScarletHat","HushsDoor","testmod-TestBox","Velvet Choker","MoneyPower","testmod-Fanaticism","Baka","Slimebound:StickyStick","Frozen Egg 2","BlankCard"],"acts_visited":["Exordium"],"potions_floor_usage":[],"damage_taken":[{"damage":3,"enemies":"conspire:RoseBush","floor":1,"turns":2},{"damage":5,"enemies":"Jaw Worm","floor":5,"turns":2},{"damage":135,"enemies":"Gremlin Nob","floor":6,"turns":6}],"seed_played":"-8399458303924539785","potions_obtained":[],"is_trial":false,"path_per_floor":["M","?","?","$","M","E"],"character_chosen":"REMILIA","items_purchased":[],"campfire_rested":0,"item_purchase_floors":[],"current_hp_per_floor":[72,72,72,72,68,0,0],"gold":129,"neow_bonus":"","is_daily":true,"chose_seed":false,"campfire_upgraded":0,"win_rate":0.0,"timestamp":1613092099,"path_taken":["M","?","?","?","?","E"],"items_purchased_type":[],"build_version":"2020-12-22","purchased_purges":0,"victory":false,"max_hp_per_floor":[75,75,75,75,75,75,75],"relic_stats":{"counters":[3,10],"obtain_stats":[{"KeepersGift":0,"testmod-Fanaticism":0,"testmod-TestBox":0,"Slimebound:StickyStick":2,"Velvet Choker":0,"MoneyPower":0,"Baka":1,"Frozen Egg 2":3,"BlankCard":5,"HushsDoor":0,"ScarletHat":0},{"KeepersGift":0,"testmod-Fanaticism":0,"testmod-TestBox":0,"Slimebound:StickyStick":1,"Velvet Choker":0,"MoneyPower":0,"Baka":1,"Frozen Egg 2":1,"BlankCard":2,"HushsDoor":0,"ScarletHat":0},{"KeepersGift":0,"testmod-Fanaticism":0,"testmod-TestBox":0,"Slimebound:StickyStick":2,"Velvet Choker":0,"MoneyPower":0,"Baka":2,"Frozen Egg 2":2,"BlankCard":4,"HushsDoor":0,"ScarletHat":0}]},"card_choices":[{"not_picked":[],"picked":"Bomb","floor":0},{"not_picked":["Guardian:Gem_Cyan","bronze:AlphaBuild"],"picked":"Runesmith:ShiftingStrike","floor":0},{"not_picked":["hexamod:ShieldOfDarkness","Crystallizer"],"picked":"Armaments","floor":0},{"not_picked":["Runesmith:BackupBattery","champ:BerserkersShout"],"picked":"Meteor Strike","floor":0},{"not_picked":["hexamod:FirstSeal","bronze:Backtrace"],"picked":"Guardian:TemporalShield","floor":0},{"not_picked":["Slimebound:ViciousTackle","hierophant:AuricShield"],"picked":"Bloodletting","floor":0},{"not_picked":["hexamod:PowerFromBeyond","Guardian:Reroute"],"picked":"sneckomod:UnknownClassPALE_SHOWMAN_PURPLE_COLOR","floor":0},{"not_picked":["Pommel Strike","bronze:Frontload"],"picked":"Hologram","floor":0},{"not_picked":["Reset","Riddle With Holes"],"picked":"Straight","floor":0},{"not_picked":["Replay:ManipulateFuture","RealityMarble"],"picked":"FastForward","floor":0},{"not_picked":["Guardian:WalkerClaw","Runesmith:BackupBattery"],"picked":"Slimebound:GoopSpray","floor":0},{"not_picked":["TimeWarp","sneckomod:UnknownWeak"],"picked":"sneckomod:SoulDraw","floor":0},{"not_picked":["Fan","Slimebound:SlimeBrawl"],"picked":"JustLucky","floor":0},{"not_picked":["Hologram","Chargeshoot"],"picked":"hierophant:Sermon","floor":0},{"not_picked":["Poisoned Stab","Slimebound:RollThrough"],"picked":"Cold Snap","floor":0},{"not_picked":["FollowUp","champ:Circumvent"],"picked":"Slimebound:SamplingLick","floor":0},{"not_picked":["Dropkick","BowlingBash"],"picked":"Runesmith:UnstableHammer","floor":1},{"not_picked":["bronze:CutThrough","hexamod:PowerFromBeyond"],"picked":"Consecrate","floor":5}],"player_experience":367757,"relics_obtained":[{"floor":1,"key":"Baka"},{"floor":2,"key":"Slimebound:StickyStick"},{"floor":5,"key":"BlankCard"}],"event_choices":[{"damage_healed":0,"gold_gain":0,"player_choice":"Relic","damage_taken":0,"max_hp_gain":0,"max_hp_loss":0,"event_name":"Wheel of Change","floor":2,"gold_loss":0}],"is_beta":false,"boss_relics":[],"items_purged_floors":[],"is_endless":false,"potions_floor_spawned":[],"killed_by":"Gremlin Nob","ascension_level":0}}