{"host":"bx8ylsmj2ob6hd5u","time":1613146392,"event":{"mods":["AchievementEnabler","Act Like it!","Aspiration","BaseMod","Colored Map","Downfall","Duelist Mod","Friendly Minions","Gensokyo","GifTheSpireLib","Hallownest","Hermit","HololiveMod","Hubris","Infinite Spire","Jorbs\u0027s Wanderer Trilogy","KinomotoSakuraMod(????)","Kiyohime????","Koishi","KomeijiMod","Lobotomy","LobotomyExtend","Marisa????????","Minty Spire (QoL Compilation)","Prisma Mod","Rare Cards Sparkle","Reimu??????","Remilia??????","Replay The Spire","StSLib","Td1madao Mod","The Administrix","The Animator","The Bug Knight","The Construct","The Cursed","The Disciple","The Hierophant","The Necromancer","The Poker Player","The Runesmith","The Senshi","The Servant 0.9.4","WarShipGirlsR/????R mod"],"gold_per_floor":[10,10,25,43,53,53,68,94,120,120,120,132,132,148,148,251,251,268,268,282,282,302,302,302,302,352,106,119,177,177,188,188,288,288,306,319,333,34,34,61,116,135,135,135,135,135],"floor_reached":45,"language":"ENG","playtime":4088,"items_purged":[],"score":449,"play_id":"0c3c1fee-db1e-4879-a010-e3acd08f4475","local_time":"20210212181312","is_ascension_mode":false,"campfire_choices":[{"data":"Dash_Komeiji","floor":6.0,"key":"SMITH"},{"data":"EverywhereHibernate","floor":13.0,"key":"SMITH"},{"data":"WumiGaWareru","floor":15.0,"key":"SMITH"},{"data":"TerribleSouvenir","floor":23.0,"key":"SMITH"},{"data":"Defend_Komeiji","floor":30.0,"key":"SMITH"},{"data":"Defend_Komeiji","floor":32.0,"key":"SMITH"}],"circlet_count":0,"master_deck":["Strike_Komeiji","Strike_Komeiji","Strike_Komeiji","Strike_Komeiji","Defend_Komeiji+1","Defend_Komeiji+1","Defend_Komeiji+1","Defend_Komeiji+1","Dash_Komeiji+1","WumiGaWareru+1","KinbakuJin+1","NingyouKisou+1","KouPou+1","NingyouKasou+1","EverywhereHibernate+1","Agarareta+1","SatsujinDooru","TerribleSouvenir+1","KokorosuKi+1","SeekerWire+1","NingyouChiyari+1","RikonNoKama+1","MissingPower+1","NingyouShinki+1","YuumeiNoKurin","InscribeRedSoul","NingyouYunhei+1","SeekerDolls+1","NingyouOkisou+1","NingyouSP+1","NingyouKisou+1","SatsujinDooru+1","NingyouFukuhei+1"],"relics":["KomeijisEye","SpellCardsRule","MusicBox","LetterFromLob","Hallownest:DreamNailRelic","ReplayTheSpireMod:TigerMarble","ReplayTheSpireMod:Lightbulb","aspiration:SecretTechniqueScroll","hubris:Towel","Anchor","Hallownest:NailmastersGloryRelic","Omamori","Quantum Egg","hubris:VirtuousBlindfold","aspiration:StickyExplosives_weak","HollowMod:PaleOreRelic","CrystalOfMemory","hubris:DeckOfHolding","Snack Pack","ReplayTheSpireMod:Ring of Collecting","Ring of Fury"],"acts_visited":["Exordium","Hallownest:Greenpath","TheBeyond"],"potions_floor_usage":[35,40],"damage_taken":[{"damage":5.0,"enemies":"Hallownest:2_MossCreeps","floor":1.0,"turns":9.0},{"damage":4.0,"enemies":"2_ Uuma","floor":3.0,"turns":5.0},{"damage":8.0,"enemies":"Hallownest:2_Baldur","floor":4.0,"turns":3.0},{"damage":13.0,"enemies":"Hallownest:MossCreep_and_Mosskin","floor":5.0,"turns":4.0},{"damage":10.0,"enemies":"Hallownest:Guard_and_Warrior","floor":7.0,"turns":5.0},{"damage":5.0,"enemies":"Hallownest:eliteCrystalGuardian","floor":8.0,"turns":4.0},{"damage":0.0,"enemies":"Hallownest:monsterMossCharger","floor":12.0,"turns":8.0},{"damage":3.0,"enemies":"Hallownest:monsterAspidMother","floor":14.0,"turns":6.0},{"damage":79.0,"enemies":"Hallownest:BossHornet","floor":16.0,"turns":16.0},{"damage":15.0,"enemies":"Hallownest:Guard_and_Sentry","floor":18.0,"turns":3.0},{"damage":2.0,"enemies":"Hallownest:2_Mistakes","floor":20.0,"turns":10.0},{"damage":2.0,"enemies":"Hallownest:2_Husk_Sentries","floor":22.0,"turns":10.0},{"damage":0.0,"enemies":"Hallownest:monsterMisterMushroom","floor":28.0,"turns":8.0},{"damage":16.0,"enemies":"Hallownest:Glutton_and_Coward","floor":29.0,"turns":5.0},{"damage":5.0,"enemies":"Hallownest:Master_and_Novice","floor":31.0,"turns":5.0},{"damage":58.0,"enemies":"Hallownest:BossGrimm","floor":33.0,"turns":15.0},{"damage":0,"enemies":"Orb Walker","floor":35,"turns":5},{"damage":52,"enemies":"3 Shapes","floor":36,"turns":3},{"damage":5,"enemies":"Sphere and 2 Shapes","floor":37,"turns":9},{"damage":26,"enemies":"Nemesis","floor":40,"turns":10},{"damage":2,"enemies":"Maw","floor":42,"turns":9},{"damage":50,"enemies":"Writhing Mass","floor":45,"turns":3}],"seed_played":"-1606301336745477535","potions_obtained":[{"floor":4.0,"key":"Ancient Potion"},{"floor":7.0,"key":"hexamod:SoulburnPotion"},{"floor":16.0,"key":"ColorlessPotion"},{"floor":28.0,"key":"GrandPatriotsElixir:ReiMu"},{"floor":33.0,"key":"Guardian:BlockOnCardUsePotion"},{"floor":35,"key":"Venom Potion"},{"floor":42,"key":"Elixir"}],"is_trial":false,"path_per_floor":["M","?","M","M","M","R","M","E","T","?","$","M","R","M","R","B",null,"M","?","M","AVR","M","R","M","?","T","$","M","M","R","M","R","B",null,"M","M","M","$","?","E","?","M","T","?","M"],"character_chosen":"KomeijiSatori","items_purchased":["Quantum Egg","aspiration:StickyExplosives_weak","NingyouOkisou+1"],"campfire_rested":0,"item_purchase_floors":[27,38,38],"current_hp_per_floor":[55,55,51,43,30,30,22,17,17,17,17,39,39,58,58,7,60,45,45,60,60,60,60,60,60,60,60,60,47,47,42,42,22,60,60,8,34,34,34,35,20,48,48,48,0,0],"gold":135,"neow_bonus":"TWENTY_PERCENT_HP_BONUS","is_daily":false,"chose_seed":false,"campfire_upgraded":6,"win_rate":0.0,"timestamp":1613146392,"path_taken":["M","?","?","M","M","R","M","E","T","?","?","M","R","M","R","BOSS","M","?","M","AVR","M","R","M","?","T","$","M","M","R","M","R","BOSS","M","M","M","$","?","E","?","M","T","?","M"],"items_purchased_type":["Relic","Relic","Card"],"build_version":"2020-12-22","purchased_purges":0,"victory":false,"max_hp_per_floor":[60,60,60,60,60,60,60,60,60,60,60,60,60,60,60,60,60,60,60,60,60,60,60,60,60,60,60,60,60,60,60,60,60,60,60,60,60,60,60,60,60,60,60,60,60,60],"card_choices":[{"not_picked":["Sabishigari+1","NingyouMusou+1"],"picked":"WumiGaWareru","floor":1.0},{"not_picked":["NingyouShinki+1","RoshinSou+1"],"picked":"KinbakuJin+1","floor":3.0},{"not_picked":["NingyouChiyari+1","YoukiSo+1"],"picked":"NingyouKisou+1","floor":4.0},{"not_picked":["Melting","NingyouKisou+1"],"picked":"KouPou+1","floor":5.0},{"not_picked":["SeekerDolls","Agarareta+1"],"picked":"NingyouKasou+1","floor":7.0},{"not_picked":["Melting","DochyakuKami+1"],"picked":"EverywhereHibernate","floor":8.0},{"not_picked":["MakuraSeki","DemonLordCradle"],"picked":"Agarareta+1","floor":12.0},{"not_picked":["NarrowSpark","MusuNoYume"],"picked":"SatsujinDooru","floor":14.0},{"not_picked":["HelanNingyou","LunaDial"],"picked":"TerribleSouvenir","floor":16.0},{"not_picked":["InscribeRedSoul","ArtfulChanter+1"],"picked":"KokorosuKi+1","floor":18.0},{"not_picked":["MusuNoYume+1","ShyakuBuku"],"picked":"SeekerWire+1","floor":20.0},{"not_picked":["NingyouKisou+1","KinbakuJin+1"],"picked":"NingyouChiyari+1","floor":22.0},{"not_picked":["NingyouShinki+1","HagoromoMizu"],"picked":"RikonNoKama+1","floor":28.0},{"not_picked":["SeekerWire+1","Mishyaguji+1"],"picked":"MissingPower+1","floor":29.0},{"not_picked":["MusuNoYume","HagoromoMizu"],"picked":"NingyouShinki+1","floor":31.0},{"not_picked":["MiraiBunraku","IceTornado"],"picked":"YuumeiNoKurin","floor":33.0},{"not_picked":["MusuNoYume","NingyouKasou+1"],"picked":"InscribeRedSoul","floor":35},{"not_picked":["RikonNoKama+1","KinbakuJin+1"],"picked":"NingyouYunhei+1","floor":36},{"not_picked":["NingyouKisou+1","YoukiSo+1"],"picked":"SeekerDolls+1","floor":37},{"not_picked":["HisouNoKen+1","HagoromoMizu"],"picked":"NingyouSP+1","floor":40},{"not_picked":["HagoromoKu","DemonLordCradle+1"],"picked":"NingyouKisou+1","floor":41},{"not_picked":["KinbakuJin+1","JyouchiJin+1"],"picked":"SatsujinDooru+1","floor":41},{"not_picked":["KimairaNoYoku+1","HagoromoMizu+1"],"picked":"NingyouFukuhei+1","floor":42}],"player_experience":1579731,"relics_obtained":[{"floor":1.0,"key":"LetterFromLob"},{"floor":8.0,"key":"ReplayTheSpireMod:TigerMarble"},{"floor":9.0,"key":"ReplayTheSpireMod:Lightbulb"},{"floor":26.0,"key":"Omamori"},{"floor":40,"key":"HollowMod:PaleOreRelic"},{"floor":40,"key":"CrystalOfMemory"},{"floor":41,"key":"hubris:DeckOfHolding"},{"floor":43,"key":"Snack Pack"},{"floor":44,"key":"ReplayTheSpireMod:Ring of Collecting"},{"floor":44,"key":"Ring of Fury"}],"event_choices":[],"is_beta":false,"boss_relics":[{"not_picked":["hubris:ScarierMask","Ring of Chaos"],"picked":"aspiration:SecretTechniqueScroll"},{"not_picked":["aspiration:RunicSpoon","Kintsugi"],"picked":"hubris:VirtuousBlindfold"}],"items_purged_floors":[],"is_endless":false,"potions_floor_spawned":[4,7,16,28,33,35,42],"killed_by":"Writhing Mass","ascension_level":0}}