{"host":"6nqy62k7v1jh46lb","time":1613166811,"event":{"mods":["AchievementEnabler","BaseMod","Bestiary","Block Reminder","Colored Powertips","Highlight Path","Minty Spire (QoL Compilation)","Relic Stats"],"gold_per_floor":[110,122,24,37,37,69,69,99,147,147,157,157,21,41,41,146,146,160,170,170,170,170],"floor_reached":21,"language":"ENG","playtime":1799,"items_purged":[],"score":208,"play_id":"c4009e1e-9849-4f38-b18c-d89203638065","local_time":"20210212225331","is_ascension_mode":true,"campfire_choices":[{"floor":7,"key":"REST"},{"floor":12,"key":"REST"},{"data":"True Grit","floor":15,"key":"SMITH"}],"circlet_count":0,"master_deck":["Strike_R","Strike_R","Strike_R","Strike_R","Strike_R","Defend_R","Defend_R","Defend_R","Defend_R","Bash","Twin Strike","Fire Breathing","Flash of Steel","Whirlwind","Feel No Pain+1","Pommel Strike","Warcry","Purity","True Grit+1","Wild Strike","Barricade+1","Cleave","Sever Soul"],"relics":["Black Blood","Anchor","Frozen Egg 2","Potion Belt","Kunai","Strawberry"],"acts_visited":["Exordium","TheCity"],"potions_floor_usage":[21],"damage_taken":[{"damage":0,"enemies":"2 Louse","floor":1,"turns":4},{"damage":0,"enemies":"Small Slimes","floor":2,"turns":3},{"damage":2,"enemies":"Jaw Worm","floor":4,"turns":3},{"damage":21,"enemies":"3 Sentries","floor":6,"turns":7},{"damage":39,"enemies":"Gremlin Nob","floor":8,"turns":5},{"damage":8,"enemies":"3 Louse","floor":11,"turns":3},{"damage":8,"enemies":"Blue Slaver","floor":14,"turns":4},{"damage":29,"enemies":"Slime Boss","floor":16,"turns":8},{"damage":40,"enemies":"Spheric Guardian","floor":18,"turns":8},{"damage":37,"enemies":"Chosen","floor":19,"turns":8},{"damage":41,"enemies":"Centurion and Healer","floor":21,"turns":9}],"seed_played":"-4389545366964295831","potions_obtained":[{"floor":2,"key":"BlessingOfTheForge"},{"floor":8,"key":"Fire Potion"}],"is_trial":false,"path_per_floor":["M","M","$","M","?","E","R","E","T","?","M","R","$","M","R","B",null,"M","M","?","M"],"character_chosen":"IRONCLAD","items_purchased":["Flash of Steel","Purity","True Grit"],"campfire_rested":2,"item_purchase_floors":[3,13,13],"current_hp_per_floor":[80,80,80,80,73,58,80,47,54,54,52,78,78,76,76,53,87,59,34,34,0,0],"gold":170,"neow_bonus":"RANDOM_COMMON_RELIC","is_daily":false,"chose_seed":false,"campfire_upgraded":1,"win_rate":0.0,"timestamp":1613166811,"path_taken":["M","M","$","M","?","E","R","E","T","?","M","R","$","M","R","BOSS","M","M","?","M"],"items_purchased_type":["Card","Card","Card"],"build_version":"2020-12-22","purchased_purges":0,"victory":false,"max_hp_per_floor":[80,80,80,80,80,80,80,80,87,87,87,87,87,87,87,87,87,87,87,87,87,87],"relic_stats":{"counters":[11,62],"Black Blood":56,"Kunai":[8],"obtain_stats":[{"Potion Belt":6,"Anchor":0,"Strawberry":9,"Black Blood":17,"Kunai":8,"Frozen Egg 2":5,"Burning Blood":0},{"Potion Belt":4,"Anchor":0,"Strawberry":5,"Black Blood":8,"Kunai":5,"Frozen Egg 2":3,"Burning Blood":0},{"Potion Belt":17,"Anchor":0,"Strawberry":22,"Black Blood":37,"Kunai":22,"Frozen Egg 2":10,"Burning Blood":0}]},"card_choices":[{"not_picked":["Thunderclap","Iron Wave"],"picked":"Twin Strike","floor":1},{"not_picked":["Pommel Strike","Sentinel"],"picked":"Fire Breathing","floor":2},{"not_picked":["Iron Wave","Twin Strike"],"picked":"Whirlwind","floor":4},{"not_picked":["Seeing Red","Clothesline"],"picked":"Feel No Pain+1","floor":6},{"not_picked":["Dropkick","Ghostly Armor"],"picked":"Pommel Strike","floor":8},{"not_picked":["Headbutt","Blood for Blood"],"picked":"Warcry","floor":11},{"not_picked":["Headbutt","Heavy Blade"],"picked":"Wild Strike","floor":14},{"not_picked":["Brutality+1","Berserk+1"],"picked":"Barricade+1","floor":16},{"not_picked":["Clothesline+1","Thunderclap"],"picked":"Cleave","floor":18},{"not_picked":["Carnage","Clash"],"picked":"Sever Soul","floor":19}],"player_experience":202670,"relics_obtained":[{"floor":6,"key":"Potion Belt"},{"floor":8,"key":"Kunai"},{"floor":9,"key":"Strawberry"}],"event_choices":[{"damage_healed":0,"gold_gain":0,"player_choice":"Success","damage_taken":7,"relics_obtained":["Frozen Egg 2"],"max_hp_gain":0,"max_hp_loss":0,"event_name":"Scrap Ooze","floor":5,"gold_loss":0},{"damage_healed":0,"gold_gain":0,"player_choice":"Ignored","damage_taken":0,"max_hp_gain":0,"max_hp_loss":0,"event_name":"Shining Light","floor":10,"gold_loss":0},{"damage_healed":0,"gold_gain":0,"player_choice":"Ignored","damage_taken":0,"max_hp_gain":0,"max_hp_loss":0,"event_name":"Vampires","floor":20,"gold_loss":0}],"is_beta":false,"boss_relics":[{"not_picked":["SacredBark","Black Star"],"picked":"Black Blood"}],"items_purged_floors":[],"is_endless":false,"potions_floor_spawned":[2,8],"killed_by":"Centurion and Healer","ascension_level":2}}