{"host":"3498uni0c31c9bdm","time":1613148372,"event":{"mods":["BaseMod","Better Match","Better Note","Better Sensory Stone","Better Skull","Better Third Choice","Colored Map","Minty Spire (QoL Compilation)","Quick Restart","RNG Fix","Random Character Button","Replay The Spire","Shop Mod","Smile Girya","StSLib","Unceasing Turn Reminder"],"gold_per_floor":[118,118,136,136,147,147,211,211,211,211,238,220,238,252,252,324,324,340,265,140,140,157,157,187,187,187,205,205,205,234,316,316,387,387,404,404,404],"floor_reached":36,"language":"ENG","playtime":1327,"items_purged":[],"score":700,"play_id":"b7e7132b-c0fb-42e1-b3d4-477971f613b9","local_time":"20210213034612","is_ascension_mode":true,"campfire_choices":[{"data":"Zap","floor":6,"key":"SMITH"},{"floor":8,"key":"REST"},{"floor":10,"key":"RECALL"},{"floor":15,"key":"REST"},{"floor":23,"key":"REST"},{"floor":25,"key":"REST"},{"data":"White Noise","floor":29,"key":"SMITH"},{"floor":32,"key":"REST"}],"circlet_count":0,"master_deck":["AscendersBane","Strike_B","Strike_B","Strike_B","Defend_B","Defend_B","Defend_B","Defend_B","Zap+1","Dualcast","Machine Learning","Stack","Cold Snap","Ball Lightning+1","Self Repair","Coolheaded","Compile Driver","Lockon","Sweeping Beam","Go for the Eyes","ReplayTheSpireMod:Omega Cannon","White Noise+1","Conserve Battery","Replay:Sssssssssstrike","ReplayGash","Go for the Eyes","Melter+1","Decay","Turbo","Panic Button","Turbo"],"relics":["Cracked Core","Snack Pack","Meat on the Bone","Replay:Accelerometer","Replay:Bronze Core","Boot","InkBottle","Gremlin Food","Quantum Egg","Honey Jar","Prayer Wheel"],"acts_visited":["Exordium","TheCity","TheBeyond"],"potions_floor_usage":[7,11,11,16,22,33,33,36],"damage_taken":[{"damage":2,"enemies":"2 Louse","floor":1,"turns":3},{"damage":0,"enemies":"Small Slimes","floor":3,"turns":3},{"damage":6,"enemies":"Jaw Worm","floor":5,"turns":3},{"damage":28,"enemies":"Lagavulin Event","floor":7,"turns":5},{"damage":30,"enemies":"Gremlin Nob","floor":11,"turns":4},{"damage":18,"enemies":"Exordium Thugs","floor":12,"turns":4},{"damage":14,"enemies":"Looter","floor":13,"turns":3},{"damage":17,"enemies":"Exordium Wildlife","floor":14,"turns":3},{"damage":45,"enemies":"Fading Forest","floor":16,"turns":11},{"damage":27,"enemies":"2 Thieves","floor":18,"turns":4},{"damage":28,"enemies":"Shell Parasite","floor":22,"turns":4},{"damage":36,"enemies":"Replay:Snechameleon","floor":24,"turns":5},{"damage":13,"enemies":"Snake Plant","floor":27,"turns":4},{"damage":41,"enemies":"Gremlin Leader","floor":30,"turns":5},{"damage":50,"enemies":"Champ","floor":33,"turns":14},{"damage":0,"enemies":"Orb Walker","floor":35,"turns":4},{"damage":85,"enemies":"2 Orb Walkers","floor":36,"turns":4}],"seed_played":"2665668698334690463","potions_obtained":[{"floor":1,"key":"Fire Potion"},{"floor":5,"key":"Explosive Potion"},{"floor":7,"key":"Strength Potion"},{"floor":11,"key":"Block Potion"},{"floor":16,"key":"Languid Potion"},{"floor":22,"key":"Reflective Coating"},{"floor":30,"key":"Weak Potion"},{"floor":33,"key":"Toxic Potion"}],"is_trial":false,"path_per_floor":["M","?","M","?","M","R","?","R","T","R","E","M","M","M","R","B",null,"M","?","?","?","M","R","E","R","T","M","?","R","E","T","R","B",null,"M","?"],"character_chosen":"DEFECT","items_purchased":[],"campfire_rested":5,"item_purchase_floors":[],"current_hp_per_floor":[62,62,62,62,56,56,35,56,56,56,45,46,53,43,64,42,64,48,48,48,48,38,59,39,60,60,60,60,60,42,42,63,52,66,71,0,0],"gold":404,"neow_bonus":"ONE_RANDOM_RARE_CARD","is_daily":false,"chose_seed":false,"campfire_upgraded":2,"win_rate":0.0,"timestamp":1613148372,"path_taken":["M","?","M","?","M","R","?","R","T","R","E","M","M","M","R","BOSS","M","?","?","?","M","R","E","R","T","M","?","R","E","?","R","BOSS","M","?"],"items_purchased_type":[],"build_version":"2020-12-22","purchased_purges":0,"victory":false,"max_hp_per_floor":[71,71,71,71,71,71,71,71,71,71,71,71,71,71,71,71,71,71,71,71,71,71,71,71,71,71,71,71,71,71,71,71,71,71,71,71,71],"card_choices":[{"not_picked":["ReplaySort","Rebound"],"picked":"Stack","floor":1},{"not_picked":["BasicCrystalCard","Coolheaded"],"picked":"Ball Lightning","floor":3},{"not_picked":["Heatsinks","Conserve Battery"],"picked":"Self Repair","floor":5},{"not_picked":["Hologram","BasicCrystalCard"],"picked":"Coolheaded","floor":7},{"not_picked":["Fusion","Auto Shields"],"picked":"Compile Driver","floor":11},{"not_picked":["Undo","Streamline"],"picked":"Lockon","floor":12},{"not_picked":["FIFO Queue","Sunder"],"picked":"Sweeping Beam","floor":13},{"not_picked":["Lockon","Crystallizer"],"picked":"Go for the Eyes","floor":14},{"not_picked":["Meteor Strike","Biased Cognition"],"picked":"ReplayTheSpireMod:Omega Cannon","floor":16},{"not_picked":["Rip and Tear","Tempest+1"],"picked":"White Noise","floor":18},{"not_picked":["Compile Driver","Go for the Eyes"],"picked":"Conserve Battery","floor":20},{"not_picked":["Replay:BasicMightCard","Impatience"],"picked":"Replay:Sssssssssstrike","floor":20},{"not_picked":["Gash","Leap"],"picked":"ReplayGash","floor":22},{"not_picked":["Reprogram","Consume"],"picked":"Go for the Eyes","floor":24},{"not_picked":["Sweeping Beam","Go for the Eyes"],"picked":"Melter+1","floor":27},{"not_picked":["Cold Snap","ReplayRNGCard"],"picked":"Turbo","floor":30},{"not_picked":["All For One","ReplayTheSpireMod:Omega Cannon"],"picked":"ReplayTheSpireMod:Fabricate Wheel","floor":33},{"not_picked":["Ball Lightning","Conserve Battery","Glacier"],"picked":"Panic Button","floor":35},{"not_picked":["BootSequence","Panic Button","Cold Snap"],"picked":"Turbo","floor":35}],"player_experience":895247,"relics_obtained":[{"floor":7,"key":"Snack Pack"},{"floor":9,"key":"Meat on the Bone"},{"floor":11,"key":"Replay:Accelerometer"},{"floor":24,"key":"Boot"},{"floor":26,"key":"InkBottle"},{"floor":30,"key":"Gremlin Food"},{"floor":31,"key":"Quantum Egg"}],"event_choices":[{"damage_healed":0,"gold_gain":0,"cards_transformed":["Strike_B"],"player_choice":"Transformed","damage_taken":0,"max_hp_gain":0,"max_hp_loss":0,"event_name":"Transmorgrifier","floor":2,"gold_loss":0,"cards_obtained":["Cold Snap"]},{"damage_healed":62,"gold_gain":0,"player_choice":"Embrace Burn","damage_taken":0,"max_hp_gain":0,"max_hp_loss":71,"event_name":"betterThird:BetterShining","floor":4,"gold_loss":0},{"damage_healed":0,"gold_gain":0,"player_choice":"Searched \u00271\u0027 times","damage_taken":0,"max_hp_gain":0,"max_hp_loss":0,"event_name":"Dead Adventurer","floor":7,"gold_loss":0},{"cards_removed":["Burn"],"damage_healed":0,"gold_gain":0,"player_choice":"Gave Gold","damage_taken":0,"max_hp_gain":0,"max_hp_loss":0,"event_name":"Beggar","floor":19,"gold_loss":75},{"damage_healed":0,"gold_gain":0,"player_choice":"1","damage_taken":0,"max_hp_gain":0,"max_hp_loss":0,"event_name":"betterMatch:BetterMatch","floor":20,"gold_loss":0,"cards_obtained":["betterMatch:CommonCard","betterMatch:ColorlessUncommonCard"]},{"damage_healed":0,"gold_gain":0,"player_choice":"Smashed Altar","damage_taken":0,"max_hp_gain":0,"max_hp_loss":0,"event_name":"Forgotten Altar","floor":28,"gold_loss":0,"cards_obtained":["Decay"]},{"damage_healed":0,"gold_gain":0,"player_choice":"Fight","damage_taken":0,"max_hp_gain":0,"max_hp_loss":0,"event_name":"Mysterious Sphere","floor":36,"gold_loss":0}],"is_beta":false,"boss_relics":[{"not_picked":["FrozenCore","SacredBark"],"picked":"Replay:Bronze Core"},{"not_picked":["Pandora\u0027s Box","Runic Pyramid"],"picked":"Honey Jar"}],"items_purged_floors":[],"is_endless":false,"potions_floor_spawned":[1,5,7,11,16,22,30,33],"killed_by":"2 Orb Walkers","ascension_level":15}}