{"host":"04hh9gplt9wkfmr1","time":1613145196,"event":{"mods":["AchievementEnabler","BaseMod","Colored Map","KOR Keyword Fix","Minty Spire (QoL Compilation)","Rare Cards Sparkle","SuperFastMode"],"gold_per_floor":[114,124,124,10,26,26,60,60,60,79,109,109,134,154,154,251,251,268,283,198,227,247,247,281,281,281,281,311,331,601,615,615,711,711,726,776,776,251,263,289,300,312,357,357,377,377,377,387,387,387],"floor_reached":51,"language":"KOR","playtime":1958,"items_purged":["Pain","Defend_P+1"],"score":899,"play_id":"cc06c688-c5a3-4655-af64-57276bd3ca1b","local_time":"20210213005316","is_ascension_mode":true,"campfire_choices":[{"data":"Eruption","floor":6.0,"key":"SMITH"},{"data":"Prostrate","floor":8.0,"key":"SMITH"},{"data":"DevaForm","floor":12.0,"key":"SMITH"},{"data":"Prostrate","floor":15.0,"key":"SMITH"},{"data":"Worship","floor":23.0,"key":"SMITH"},{"floor":27.0,"key":"REST"},{"floor":32.0,"key":"REST"},{"data":"Devotion","floor":44,"key":"SMITH"},{"data":"Prostrate","floor":46,"key":"SMITH"},{"data":"Prostrate","floor":49,"key":"SMITH"}],"circlet_count":0,"master_deck":["Strike_P+1","Strike_P+1","Strike_P+1","Defend_P+1","Defend_P+1","Defend_P+1","Eruption+1","Vigilance","Prostrate+1","SandsOfTime","Protect","DevaForm+1","Prostrate+1","Brilliance+1","Prostrate+1","Prostrate+1","Worship+1","Protect+1","SandsOfTime+1","Pray+1","Wish+1","CarveReality+1","Master of Strategy+1","Blasphemy+1","Protect+1","SandsOfTime+1","SandsOfTime+1","Devotion+1"],"relics":["HolyWater","WarpedTongs","HornCleat","Eternal Feather","Mercury Hourglass","Molten Egg 2","Sozu","MealTicket","Red Mask","Orichalcum","Gremlin Horn","Toxic Egg 2","GoldenEye","InkBottle","Membership Card","Kunai","Sundial","Centennial Puzzle"],"acts_visited":["Exordium","TheCity","TheBeyond"],"potions_floor_usage":[],"damage_taken":[{"damage":3.0,"enemies":"2 Louse","floor":1.0,"turns":4.0},{"damage":0.0,"enemies":"Cultist","floor":2.0,"turns":2.0},{"damage":1.0,"enemies":"Jaw Worm","floor":5.0,"turns":3.0},{"damage":30.0,"enemies":"3 Sentries","floor":7.0,"turns":8.0},{"damage":2.0,"enemies":"3 Louse","floor":10.0,"turns":4.0},{"damage":1.0,"enemies":"Lagavulin","floor":11.0,"turns":7.0},{"damage":0.0,"enemies":"3 Sentries","floor":13.0,"turns":5.0},{"damage":5.0,"enemies":"Exordium Wildlife","floor":14.0,"turns":7.0},{"damage":30.0,"enemies":"The Guardian","floor":16.0,"turns":9.0},{"damage":0.0,"enemies":"Shell Parasite","floor":18.0,"turns":5.0},{"damage":4.0,"enemies":"2 Thieves","floor":19.0,"turns":4.0},{"damage":34.0,"enemies":"Masked Bandits","floor":21.0,"turns":4.0},{"damage":9.0,"enemies":"Sentry and Sphere","floor":22.0,"turns":4.0},{"damage":23.0,"enemies":"Slavers","floor":24.0,"turns":7.0},{"damage":2.0,"enemies":"Book of Stabbing","floor":28.0,"turns":3.0},{"damage":2.0,"enemies":"Snecko","floor":29.0,"turns":3.0},{"damage":0.0,"enemies":"Snake Plant","floor":31.0,"turns":3.0},{"damage":6.0,"enemies":"Automaton","floor":33.0,"turns":6.0},{"damage":0,"enemies":"3 Darklings","floor":35,"turns":3},{"damage":0,"enemies":"Mind Bloom Boss Battle","floor":36,"turns":3},{"damage":0,"enemies":"Orb Walker","floor":39,"turns":2},{"damage":12,"enemies":"Giant Head","floor":40,"turns":6},{"damage":2,"enemies":"Sphere and 2 Shapes","floor":41,"turns":3},{"damage":4,"enemies":"Spire Growth","floor":42,"turns":4},{"damage":0,"enemies":"3 Darklings","floor":45,"turns":4},{"damage":4,"enemies":"Writhing Mass","floor":48,"turns":5},{"damage":48,"enemies":"Donu and Deca","floor":50,"turns":7}],"seed_played":"-3090762047423103916","potions_obtained":[{"floor":2.0,"key":"Block Potion"},{"floor":10.0,"key":"Weak Potion"},{"floor":13.0,"key":"SteroidPotion"},{"floor":16.0,"key":"SkillPotion"}],"is_trial":false,"path_per_floor":["M","M","?","$","M","R","E","R","T","M","E","R","E","M","R","B",null,"M","M","?","?","M","R","E","?","T","R","E","M","?","M","R","B",null,"M","?","?","$","M","E","M","M","T","R","M","R","?","M","R","B",null],"character_chosen":"WATCHER","items_purchased":["SandsOfTime","Membership Card","Kunai","Master of Strategy+1","Blasphemy+1","Protect+1"],"campfire_rested":2,"item_purchase_floors":[4,38,38,38,38,38],"current_hp_per_floor":[76,76,76,76,75,75,45,45,45,43,42,48,48,43,52,22,79,79,75,75,41,32,41,18,18,18,50,48,46,19,19,54,48,79,79,79,79,79,79,67,65,61,61,76,76,79,79,75,79,31],"gold":387,"neow_bonus":"TEN_PERCENT_HP_BONUS","is_daily":false,"chose_seed":false,"campfire_upgraded":8,"win_rate":0.0,"timestamp":1613145196,"path_taken":["M","M","?","$","M","R","E","R","T","M","E","R","E","M","R","BOSS","M","?","?","?","M","R","E","?","T","R","E","?","?","?","R","BOSS","M","?","?","$","M","E","M","?","T","R","?","R","?","M","R","BOSS"],"items_purchased_type":["Card","Relic","Relic","Card","Card","Card"],"build_version":"2020-12-22","purchased_purges":2,"victory":true,"max_hp_per_floor":[79,79,79,79,79,79,79,79,79,79,79,79,79,79,79,79,79,79,79,79,79,79,79,79,79,79,79,79,79,79,79,79,79,79,79,79,79,79,79,79,79,79,79,79,79,79,79,79,79,79],"card_choices":[{"not_picked":["ClearTheMind","PathToVictory"],"picked":"Prostrate","floor":1.0},{"not_picked":["MentalFortress","ClearTheMind","PathToVictory"],"picked":"SKIP","floor":2.0},{"not_picked":["Swivel","Collect","Evaluate"],"picked":"SKIP","floor":5.0},{"not_picked":["PathToVictory","FlurryOfBlows","Protect"],"picked":"SKIP","floor":7.0},{"not_picked":["PathToVictory","FlurryOfBlows"],"picked":"Protect","floor":7.0},{"not_picked":["ForeignInfluence","ClearTheMind"],"picked":"DevaForm","floor":10.0},{"not_picked":["Adaptation","FlyingSleeves","JustLucky"],"picked":"SKIP","floor":11.0},{"not_picked":["SashWhip+1","Perseverance","Halt"],"picked":"SKIP","floor":13.0},{"not_picked":["MentalFortress","Study"],"picked":"Prostrate","floor":14.0},{"not_picked":["DeusExMachina","Omniscience"],"picked":"Brilliance+1","floor":16.0},{"not_picked":["Tantrum+1","FlurryOfBlows+1"],"picked":"Prostrate","floor":18.0},{"not_picked":["CarveReality+1","FollowUp+1"],"picked":"Prostrate","floor":19.0},{"not_picked":["SashWhip+1","Meditate"],"picked":"Worship","floor":21.0},{"not_picked":["FlurryOfBlows+1","SignatureMove+1","SpiritShield"],"picked":"SKIP","floor":22.0},{"not_picked":["Crescendo","Halt+1","EmptyFist+1"],"picked":"SKIP","floor":24.0},{"not_picked":["Weave+1","FlyingSleeves+1"],"picked":"Protect+1","floor":28.0},{"not_picked":["Evaluate+1","ClearTheMind+1"],"picked":"SandsOfTime+1","floor":29.0},{"not_picked":["CutThroughFate+1","WindmillStrike+1"],"picked":"Pray+1","floor":31.0},{"not_picked":["Judgement+1","Alpha+1"],"picked":"Wish+1","floor":33.0},{"not_picked":["Consecrate+1","SashWhip+1"],"picked":"CarveReality+1","floor":35},{"not_picked":["ReachHeaven+1","MentalFortress"],"picked":"SandsOfTime+1","floor":39},{"not_picked":["PathToVictory+1","Crescendo+1","SignatureMove+1"],"picked":"SKIP","floor":40},{"not_picked":["FollowUp+1","SashWhip+1"],"picked":"SandsOfTime+1","floor":41},{"not_picked":["FlyingSleeves+1","Consecrate+1"],"picked":"Devotion","floor":42},{"not_picked":["Vengeance+1","JustLucky+1","Protect+1"],"picked":"SKIP","floor":45},{"not_picked":["CutThroughFate+1","EmptyFist+1","SandsOfTime+1"],"picked":"SKIP","floor":48}],"player_experience":149340,"relics_obtained":[{"floor":7.0,"key":"HornCleat"},{"floor":9.0,"key":"Eternal Feather"},{"floor":11.0,"key":"Mercury Hourglass"},{"floor":13.0,"key":"Molten Egg 2"},{"floor":21.0,"key":"Red Mask"},{"floor":24.0,"key":"Orichalcum"},{"floor":26.0,"key":"Gremlin Horn"},{"floor":28.0,"key":"Toxic Egg 2"},{"floor":36,"key":"GoldenEye"},{"floor":40,"key":"Sundial"},{"floor":43,"key":"Centennial Puzzle"}],"event_choices":[{"damage_healed":0.0,"max_hp_gain":0.0,"max_hp_loss":0.0,"gold_gain":0.0,"event_name":"Accursed Blacksmith","player_choice":"Rummage","floor":3.0,"gold_loss":0.0,"damage_taken":0.0,"relics_obtained":["WarpedTongs"],"cards_obtained":["Pain"]},{"damage_healed":0.0,"max_hp_gain":0.0,"max_hp_loss":0.0,"gold_gain":0.0,"event_name":"Addict","player_choice":"Obtained Relic","floor":20.0,"gold_loss":85.0,"damage_taken":0.0,"relics_obtained":["MealTicket"]},{"damage_healed":0.0,"max_hp_gain":0.0,"max_hp_loss":0.0,"gold_gain":0.0,"event_name":"Masked Bandits","player_choice":"Fought Bandits","floor":21.0,"gold_loss":0.0,"damage_taken":0.0},{"damage_healed":0.0,"max_hp_gain":0.0,"max_hp_loss":0.0,"gold_gain":0.0,"event_name":"Back to Basics","player_choice":"Simplicity","floor":25.0,"gold_loss":0.0,"damage_taken":0.0,"cards_upgraded":["Strike_P","Strike_P","Strike_P","Strike_P","Defend_P","Defend_P","Defend_P","Defend_P"]},{"damage_healed":0.0,"max_hp_gain":0.0,"max_hp_loss":0.0,"gold_gain":270.0,"event_name":"Knowing Skull","player_choice":"GOLD GOLD GOLD ","floor":30.0,"potions_obtained":[],"gold_loss":0.0,"damage_taken":27.0,"cards_obtained":[]},{"damage_healed":0,"gold_gain":0,"player_choice":"Fight","damage_taken":0,"max_hp_gain":0,"max_hp_loss":0,"event_name":"MindBloom","floor":36,"gold_loss":0},{"damage_healed":0,"gold_gain":0,"player_choice":"Gave Potion","damage_taken":0,"relics_obtained":["InkBottle"],"max_hp_gain":0,"max_hp_loss":0,"event_name":"WeMeetAgain","floor":37,"gold_loss":0},{"cards_removed":["Strike_P"],"damage_healed":0,"gold_gain":0,"player_choice":"Removed Attack","damage_taken":0,"max_hp_gain":0,"max_hp_loss":0,"event_name":"Falling","floor":47,"gold_loss":0}],"is_beta":false,"boss_relics":[{"not_picked":["SacredBark","Ectoplasm"],"picked":"Sozu"},{"not_picked":["Snecko Eye","Runic Dome"],"picked":"HolyWater"}],"items_purged_floors":[4,38],"is_endless":false,"potions_floor_spawned":[2,10,13,16,19,22,24,29,33,41,42,45,48],"ascension_level":1}}