{"host":"344lv32hnei0mdhu","time":1613119898,"event":{"mods":["Act Like it!","BaseMod","Better Match","Better Sensory Stone","Better Skull","Better Third Choice","Better Vampires","Colored Powertips","Highlight Path","Minty Spire (QoL Compilation)","Quick Restart","Random Character Button","Rare Cards Sparkle","StSLib"],"gold_per_floor":[119,119,8,8,0,0,13,13,36,69,69,94,94,105,105,202,202,217,229,248,260,103,136,136,136,136,148,148,24,24,124,124,221,221,240,240,34,0,0,0,13,13,84,98,98,98,109,128,128,128,128,128,10,45,45,45],"floor_reached":55,"language":"ENG","playtime":4305,"items_purged":["Shame","Decay","Shame"],"score":1131,"play_id":"11125cdf-68da-4268-a6c2-48543b31d5fe","local_time":"20210212025136","is_ascension_mode":true,"campfire_choices":[{"data":"Whirlwind","floor":11.0,"key":"SMITH"},{"data":"Uppercut","floor":13.0,"key":"SMITH"},{"floor":15.0,"key":"REST"},{"floor":24.0,"key":"REST"},{"floor":28.0,"key":"REST"},{"floor":32,"key":"REST"},{"floor":40,"key":"RECALL"},{"data":"Demon Form","floor":42,"key":"SMITH"},{"floor":49,"key":"REST"},{"floor":52,"key":"REST"}],"circlet_count":0,"master_deck":["AscendersBane","Strike_R","Strike_R","Strike_R","Strike_R","Strike_R","Defend_R","Defend_R","Defend_R","Defend_R","Bash","Whirlwind+1","Uppercut+1","Power Through","Intimidate","Fire Breathing","Evolve","Spot Weakness","Berserk","Entrench+1","Armaments","Metallicize","Immolate","Demon Form+1","Thunderclap","Heavy Blade","Limit Break","CurseOfTheBell","Writhe","Parasite","Disarm","Sword Boomerang"],"relics":["Burning Blood","NeowsBlessing","Bag of Marbles","Lizard Tail","Regal Pillow","Cursed Key","Pocketwatch","Bottled Tornado","Ice Cream","HornCleat","Calling Bell","Lantern","The Courier","CaptainsWheel","HandDrill","Red Mask","FossilizedHelix"],"acts_visited":["Exordium","TheCity","TheBeyond","TheEnding"],"potions_floor_usage":[47,50,55],"damage_taken":[{"damage":0.0,"enemies":"Jaw Worm","floor":1.0,"turns":1.0},{"damage":0.0,"enemies":"Small Slimes","floor":7.0,"turns":1.0},{"damage":0.0,"enemies":"Gremlin Nob","floor":10.0,"turns":1.0},{"damage":35.0,"enemies":"Lagavulin","floor":12.0,"turns":8.0},{"damage":4.0,"enemies":"Cultist","floor":14.0,"turns":3.0},{"damage":23.0,"enemies":"Slime Boss","floor":16.0,"turns":7.0},{"damage":3.0,"enemies":"3 Byrds","floor":18.0,"turns":4.0},{"damage":22.0,"enemies":"Shell Parasite","floor":19.0,"turns":8.0},{"damage":24.0,"enemies":"Snecko","floor":20.0,"turns":5.0},{"damage":21.0,"enemies":"Centurion and Healer","floor":21.0,"turns":9.0},{"damage":22.0,"enemies":"Gremlin Leader","floor":23.0,"turns":9.0},{"damage":23.0,"enemies":"Shelled Parasite and Fungi","floor":27.0,"turns":5.0},{"damage":25,"enemies":"Colosseum Slavers","floor":31,"turns":5},{"damage":47,"enemies":"Colosseum Nobs","floor":31,"turns":4},{"damage":54,"enemies":"Champ","floor":33,"turns":8},{"damage":15,"enemies":"3 Darklings","floor":35,"turns":5},{"damage":8,"enemies":"Orb Walker","floor":41,"turns":3},{"damage":12,"enemies":"Writhing Mass","floor":44,"turns":5},{"damage":26,"enemies":"Sphere and 2 Shapes","floor":47,"turns":4},{"damage":16,"enemies":"3 Darklings","floor":48,"turns":3},{"damage":48,"enemies":"Donu and Deca","floor":50,"turns":7},{"damage":44,"enemies":"Shield and Spear","floor":54,"turns":6},{"damage":96,"enemies":"The Heart","floor":55,"turns":6}],"seed_played":"-5348511792212114576","potions_obtained":[{"floor":1.0,"key":"Explosive Potion"},{"floor":12.0,"key":"LiquidMemories"},{"floor":16.0,"key":"Swift Potion"},{"floor":18.0,"key":"Weak Potion"},{"floor":19.0,"key":"LiquidMemories"},{"floor":23.0,"key":"Fire Potion"},{"floor":33,"key":"LiquidMemories"},{"floor":44,"key":"AttackPotion"},{"floor":48,"key":"EssenceOfSteel"}],"is_trial":false,"path_per_floor":["M","?","$","?","?","$","M","$","T","E","R","E","R","M","R","B",null,"M","M","M","M","$","E","R","?","T","M","R","$","?","?","R","B",null,"M","?","$","?","$","R","M","R","T","M","?","$","M","M","R","B",null,"R","$","E","B"],"character_chosen":"IRONCLAD","items_purchased":["Uppercut","Power Through","Immolate","Thunderclap","HandDrill","Sword Boomerang"],"campfire_rested":6,"item_purchase_floors":[3,3,22,29,37,53],"current_hp_per_floor":[78,78,78,83,83,83,85,85,85,85,85,56,56,58,85,68,81,84,68,50,35,35,19,59,64,64,47,85,85,85,25,65,17,68,59,80,80,80,80,80,78,78,78,72,72,72,52,42,82,40,74,85,85,47,0,0],"gold":45,"neow_bonus":"THREE_ENEMY_KILL","is_daily":false,"chose_seed":false,"campfire_upgraded":3,"win_rate":0.0,"timestamp":1613119896,"path_taken":["M","?","$","?","?","?","?","$","T","E","R","E","R","M","R","BOSS","M","M","M","M","$","E","R","?","T","M","R","?","?","?","R","BOSS","M","?","$","?","?","R","?","R","T","?","?","$","M","M","R","BOSS","R","$","E","BOSS"],"items_purchased_type":["Card","Card","Card","Card","Relic","Card"],"build_version":"2020-12-22","purchased_purges":3,"victory":false,"max_hp_per_floor":[80,80,80,85,85,85,85,85,85,85,85,85,85,85,85,85,85,85,85,85,85,85,85,85,85,85,85,85,85,85,85,85,85,85,85,85,85,85,85,85,85,85,85,85,85,85,85,85,85,85,85,85,85,85,85,85],"card_choices":[{"not_picked":["Shockwave","Infernal Blade"],"picked":"Whirlwind","floor":1.0},{"not_picked":["Whirlwind","Wild Strike"],"picked":"Intimidate","floor":7.0},{"not_picked":["Flex","Body Slam"],"picked":"Fire Breathing","floor":10.0},{"not_picked":["Pommel Strike","Pummel"],"picked":"Evolve","floor":12.0},{"not_picked":["Wild Strike","Heavy Blade"],"picked":"Spot Weakness","floor":14.0},{"not_picked":["Juggernaut","Brutality"],"picked":"Berserk","floor":16.0},{"not_picked":["Blood for Blood","Reckless Charge"],"picked":"Entrench+1","floor":18.0},{"not_picked":["Uppercut","Perfected Strike"],"picked":"Armaments","floor":19.0},{"not_picked":["Blood for Blood+1","Searing Blow"],"picked":"Metallicize","floor":20.0},{"not_picked":["Clothesline","Seeing Red"],"picked":"Wild Strike","floor":21.0},{"not_picked":["Warcry","Evolve"],"picked":"Demon Form","floor":23.0},{"not_picked":["Perfected Strike+1","Wild Strike","Iron Wave"],"picked":"SKIP","floor":27.0},{"not_picked":["Combust","Fire Breathing"],"picked":"Heavy Blade","floor":31},{"not_picked":["Impervious","Berserk"],"picked":"Limit Break","floor":33},{"not_picked":["Sentinel+1","Iron Wave+1","Reckless Charge"],"picked":"SKIP","floor":35},{"not_picked":["Rupture","Battle Trance+1","Intimidate"],"picked":"SKIP","floor":41},{"not_picked":["Spot Weakness","Seeing Red","Flex"],"picked":"SKIP","floor":44},{"not_picked":["Armaments","Flex"],"picked":"Disarm","floor":47},{"not_picked":["Heavy Blade","Warcry","Bloodletting"],"picked":"SKIP","floor":48},{"not_picked":["Pummel","Thunderclap","Havoc"],"picked":"SKIP","floor":54}],"player_experience":366035,"relics_obtained":[{"floor":9.0,"key":"Bag of Marbles"},{"floor":10.0,"key":"Lizard Tail"},{"floor":12.0,"key":"Regal Pillow"},{"floor":23.0,"key":"Pocketwatch"},{"floor":26.0,"key":"Bottled Tornado"},{"floor":31,"key":"Ice Cream"},{"floor":31,"key":"HornCleat"},{"floor":34,"key":"Lantern"},{"floor":34,"key":"The Courier"},{"floor":34,"key":"CaptainsWheel"},{"floor":54,"key":"FossilizedHelix"}],"event_choices":[{"damage_healed":78.0,"max_hp_gain":0.0,"max_hp_loss":80.0,"gold_gain":0.0,"event_name":"betterThird:BetterShining","player_choice":"Leave","floor":2.0,"gold_loss":0.0,"damage_taken":0.0},{"damage_healed":0.0,"max_hp_gain":5.0,"max_hp_loss":0.0,"gold_gain":0.0,"event_name":"Big Fish","player_choice":"Donut","floor":4.0,"gold_loss":0.0,"damage_taken":0.0},{"damage_healed":0.0,"max_hp_gain":0.0,"max_hp_loss":0.0,"gold_gain":0.0,"event_name":"betterThird:BetterGoop","player_choice":"Left","floor":5.0,"gold_loss":8.0,"damage_taken":0.0},{"damage_healed":5.0,"max_hp_gain":0.0,"max_hp_loss":0.0,"gold_gain":0.0,"event_name":"betterSkull:BetterSkull","player_choice":"LEAVE ","floor":25.0,"gold_loss":0.0,"damage_taken":0.0,"cards_upgraded":[],"relics_obtained":[]},{"damage_healed":0.0,"max_hp_gain":0.0,"max_hp_loss":0.0,"gold_gain":0.0,"event_name":"Forgotten Altar","player_choice":"Smashed Altar","floor":30.0,"gold_loss":0.0,"damage_taken":0.0,"cards_obtained":["Decay"]},{"damage_healed":0,"gold_gain":0,"player_choice":"Fight","damage_taken":0,"max_hp_gain":0,"max_hp_loss":0,"event_name":"Colosseum","floor":31,"gold_loss":0},{"damage_healed":0,"gold_gain":0,"player_choice":"Fought Nobs","damage_taken":0,"max_hp_gain":0,"max_hp_loss":0,"event_name":"Colosseum","floor":31,"gold_loss":0},{"damage_healed":21,"gold_gain":0,"player_choice":"Writhe","damage_taken":0,"max_hp_gain":0,"max_hp_loss":0,"event_name":"Winding Halls","floor":36,"gold_loss":0,"cards_obtained":["Writhe"]},{"damage_healed":0,"gold_gain":0,"player_choice":"Paid","damage_taken":0,"relics_obtained":["Red Mask"],"max_hp_gain":0,"max_hp_loss":0,"event_name":"Tomb of Lord Red Mask","floor":38,"gold_loss":34},{"cards_removed":["Wild Strike"],"damage_healed":0,"gold_gain":0,"player_choice":"Removed Attack","damage_taken":0,"max_hp_gain":0,"max_hp_loss":0,"event_name":"Falling","floor":45,"gold_loss":0}],"is_beta":false,"boss_relics":[{"not_picked":["Sozu","Velvet Choker"],"picked":"Cursed Key"},{"not_picked":["Pandora\u0027s Box","Astrolabe"],"picked":"Calling Bell"}],"items_purged_floors":[29,37,53],"is_endless":false,"potions_floor_spawned":[1,12,16,18,19,23,31,33,44,48],"killed_by":"The Heart","ascension_level":12}}