{"host":"4pckc3u5mqcilakq","time":1613167979,"event":{"mods":["AchievementEnabler","BaseMod","Bestiary","Colored Map","Colored Powertips","Highlight Path","Minty Spire (QoL Compilation)","Quick Restart","Relic Stats"],"gold_per_floor":[110,110,123,123,135,168,168,168,168,186,201,201,227,244,244,340,340,353,353,353,367,169,169,169],"floor_reached":23,"language":"ENG","playtime":854,"items_purged":[],"score":261,"play_id":"d17c00ab-de62-4cc7-8fdb-51cdc14902db","local_time":"20210213011259","is_ascension_mode":true,"campfire_choices":[{"data":"Metamorphosis","floor":8,"key":"SMITH"},{"data":"Body Slam","floor":12,"key":"SMITH"},{"data":"Barricade","floor":15,"key":"SMITH"}],"circlet_count":0,"master_deck":["Strike_R+1","Strike_R+1","Strike_R+1","Strike_R+1","Strike_R+1","Defend_R+1","Defend_R+1","Defend_R+1","Defend_R+1","Bash","Metamorphosis+1","Warcry","Barricade+1","Sword Boomerang","Metallicize","Body Slam+1","Disarm","Juggernaut","Armaments+1","Seeing Red","Entrench","Evolve+1","Flame Barrier","Power Through+1","Clothesline+1","Power Through"],"relics":["Burning Blood","StoneCalendar","Kunai","Juzu Bracelet","Black Star","Nilry\u0027s Codex","Orrery"],"acts_visited":["Exordium","TheCity"],"potions_floor_usage":[6,13,13,14],"damage_taken":[{"damage":7,"enemies":"Jaw Worm","floor":1,"turns":3},{"damage":0,"enemies":"Cultist","floor":3,"turns":2},{"damage":4,"enemies":"Small Slimes","floor":5,"turns":4},{"damage":18,"enemies":"Gremlin Nob","floor":6,"turns":3},{"damage":7,"enemies":"2 Fungi Beasts","floor":10,"turns":3},{"damage":6,"enemies":"3 Louse","floor":11,"turns":4},{"damage":20,"enemies":"3 Sentries","floor":13,"turns":7},{"damage":18,"enemies":"Exordium Wildlife","floor":14,"turns":4},{"damage":3,"enemies":"Hexaghost","floor":16,"turns":10},{"damage":12,"enemies":"3 Byrds","floor":18,"turns":6},{"damage":25,"enemies":"Chosen","floor":21,"turns":5},{"damage":0,"enemies":"Slavers","floor":23,"turns":1}],"seed_played":"5364960408722993521","potions_obtained":[{"floor":1,"key":"DuplicationPotion"},{"floor":5,"key":"CultistPotion"},{"floor":7,"key":"DistilledChaos"},{"floor":7,"key":"Dexterity Potion"},{"floor":13,"key":"SpeedPotion"},{"floor":14,"key":"Fruit Juice"},{"floor":16,"key":"EntropicBrew"}],"is_trial":false,"path_per_floor":["M","?","M","?","M","E","?","R","T","M","M","R","E","M","R","B",null,"M","?","?","M","$","E"],"character_chosen":"IRONCLAD","items_purchased":["Entrench","Orrery"],"campfire_rested":0,"item_purchase_floors":[22,22],"current_hp_per_floor":[50,55,61,61,63,51,51,51,51,50,50,50,36,29,29,32,76,70,54,54,35,35,35,35],"gold":169,"neow_bonus":"RANDOM_COLORLESS_2","is_daily":false,"chose_seed":false,"campfire_upgraded":3,"win_rate":0.0,"timestamp":1613167979,"path_taken":["M","?","M","?","?","E","?","R","T","?","M","R","E","M","R","BOSS","M","?","?","M","$","E"],"items_purchased_type":["Card","Relic"],"build_version":"2020-12-22","purchased_purges":0,"victory":false,"max_hp_per_floor":[80,85,85,85,85,85,85,85,85,85,85,85,85,90,90,90,90,90,90,90,90,90,90,90],"relic_stats":{"counters":[12,52],"StoneCalendar":[52],"Juzu Bracelet":0,"Black Star":0,"Kunai":[16],"obtain_stats":[{"Nilry\u0027s Codex":19,"Orrery":22,"StoneCalendar":6,"Juzu Bracelet":13,"Black Star":17,"Kunai":9,"Burning Blood":0},{"Nilry\u0027s Codex":10,"Orrery":11,"StoneCalendar":4,"Juzu Bracelet":7,"Black Star":9,"Kunai":4,"Burning Blood":0},{"Nilry\u0027s Codex":46,"Orrery":51,"StoneCalendar":12,"Juzu Bracelet":26,"Black Star":40,"Kunai":12,"Burning Blood":0}],"Burning Blood":66},"card_choices":[{"not_picked":["Master of Strategy","Secret Technique"],"picked":"Metamorphosis","floor":0},{"not_picked":["Hemokinesis","Dual Wield","Clash"],"picked":"SKIP","floor":1},{"not_picked":["Flex","Headbutt"],"picked":"Warcry","floor":3},{"not_picked":["Flex","Ghostly Armor"],"picked":"Sword Boomerang","floor":5},{"not_picked":["Corruption","Sword Boomerang","Exhume"],"picked":"SKIP","floor":6},{"not_picked":["Perfected Strike","Clash"],"picked":"Metallicize","floor":10},{"not_picked":["Iron Wave","Thunderclap"],"picked":"Body Slam","floor":11},{"not_picked":["Thunderclap","Sword Boomerang","Perfected Strike"],"picked":"SKIP","floor":13},{"not_picked":["Havoc","Clash"],"picked":"Disarm","floor":14},{"not_picked":["Brutality","Barricade"],"picked":"Juggernaut","floor":16},{"not_picked":["Pommel Strike","Cleave"],"picked":"Armaments+1","floor":18},{"not_picked":["Rage","Dark Embrace"],"picked":"Seeing Red","floor":21},{"not_picked":["Iron Wave","Heavy Blade"],"picked":"Evolve+1","floor":22},{"not_picked":["Sword Boomerang+1","Limit Break"],"picked":"Flame Barrier","floor":22},{"not_picked":["Heavy Blade","Havoc"],"picked":"Power Through+1","floor":22},{"not_picked":["Berserk","Anger+1"],"picked":"Clothesline+1","floor":22},{"not_picked":["Havoc","Blood for Blood"],"picked":"Power Through","floor":22}],"player_experience":267906,"relics_obtained":[{"floor":6,"key":"StoneCalendar"},{"floor":9,"key":"Kunai"},{"floor":13,"key":"Juzu Bracelet"},{"floor":19,"key":"Nilry\u0027s Codex"}],"event_choices":[{"damage_healed":0,"gold_gain":0,"player_choice":"Donut","damage_taken":0,"max_hp_gain":5,"max_hp_loss":0,"event_name":"Big Fish","floor":2,"gold_loss":0},{"damage_healed":0,"gold_gain":0,"player_choice":"1 cards matched","damage_taken":0,"max_hp_gain":0,"max_hp_loss":0,"event_name":"Match and Keep!","floor":4,"gold_loss":0,"cards_obtained":["Barricade"]},{"damage_healed":0,"gold_gain":0,"player_choice":"Got Potions","damage_taken":0,"max_hp_gain":0,"max_hp_loss":0,"event_name":"Lab","floor":7,"gold_loss":0},{"damage_healed":0,"gold_gain":0,"player_choice":"Obtained Book","damage_taken":16,"max_hp_gain":0,"max_hp_loss":0,"event_name":"Cursed Tome","floor":19,"gold_loss":0},{"damage_healed":0,"gold_gain":0,"player_choice":"Simplicity","damage_taken":0,"max_hp_gain":0,"max_hp_loss":0,"event_name":"Back to Basics","floor":20,"gold_loss":0,"cards_upgraded":["Strike_R","Strike_R","Strike_R","Strike_R","Strike_R","Defend_R","Defend_R","Defend_R","Defend_R"]}],"is_beta":false,"boss_relics":[{"not_picked":["Sozu","SlaversCollar"],"picked":"Black Star"}],"items_purged_floors":[],"is_endless":false,"potions_floor_spawned":[1,5,13,14,16],"killed_by":"Slavers","ascension_level":6}}