{"host":"prxrhpgaxnj4om9r","time":1613141234,"event":{"mods":["AchievementEnabler","BaseMod","DeckTracker","Keyboard Shortcuts","Minty Spire (QoL Compilation)"],"gold_per_floor":[113,132,207,221,321,321,352,364,388,388,415,434,447,463,463,463,463],"floor_reached":16,"language":"KOR","playtime":678,"items_purged":[],"score":114,"play_id":"d80729d5-4590-4474-b5f5-1537c49be2cb","local_time":"20210212234714","is_ascension_mode":false,"campfire_choices":[{"data":"Eruption","floor":6,"key":"SMITH"},{"floor":10,"key":"REST"},{"floor":15,"key":"REST"}],"circlet_count":0,"master_deck":["Strike_P","Strike_P","Strike_P","Strike_P","Defend_P","Defend_P","Defend_P","Defend_P","Eruption+1","Vigilance","ConjureBlade","SignatureMove","FollowUp","ReachHeaven","WaveOfTheHand","Indignation","Worship","Prostrate","Perseverance","Evaluate"],"relics":["PureWater","Orichalcum","Omamori","Toy Ornithopter"],"acts_visited":["Exordium"],"potions_floor_usage":[4,11,14],"damage_taken":[{"damage":12,"enemies":"Jaw Worm","floor":1,"turns":4},{"damage":0,"enemies":"2 Louse","floor":2,"turns":2},{"damage":0,"enemies":"Cultist","floor":4,"turns":2},{"damage":20,"enemies":"Lagavulin","floor":7,"turns":3},{"damage":0,"enemies":"Large Slime","floor":8,"turns":2},{"damage":20,"enemies":"3 Sentries","floor":11,"turns":5},{"damage":11,"enemies":"Lots of Slimes","floor":12,"turns":4},{"damage":14,"enemies":"2 Fungi Beasts","floor":13,"turns":5},{"damage":8,"enemies":"Looter","floor":14,"turns":3},{"damage":49,"enemies":"The Guardian","floor":16,"turns":2}],"seed_played":"-774131742496998098","potions_obtained":[{"floor":1,"key":"GamblersBrew"},{"floor":4,"key":"Explosive Potion"},{"floor":13,"key":"Weak Potion"}],"is_trial":false,"path_per_floor":["M","M","?","M","?","R","E","M","T","R","E","M","M","M","R","B"],"character_chosen":"WATCHER","items_purchased":[],"campfire_rested":2,"item_purchase_floors":[],"current_hp_per_floor":[60,60,49,49,49,49,29,29,29,50,30,19,5,2,23,0,0],"gold":463,"neow_bonus":"ONE_RANDOM_RARE_CARD","is_daily":false,"chose_seed":false,"campfire_upgraded":1,"win_rate":0.0,"timestamp":1613141234,"path_taken":["M","M","?","M","?","R","E","M","T","R","E","M","?","M","R","BOSS"],"items_purchased_type":[],"build_version":"2020-12-22","purchased_purges":0,"victory":false,"max_hp_per_floor":[72,72,72,72,72,72,72,72,72,72,72,72,72,72,72,72,72],"card_choices":[{"not_picked":["DeceiveReality","BattleHymn"],"picked":"SignatureMove","floor":1},{"not_picked":["LikeWater","EmptyBody"],"picked":"FollowUp","floor":2},{"not_picked":["EmptyBody","FollowUp"],"picked":"ReachHeaven","floor":4},{"not_picked":["Worship","Wallop"],"picked":"WaveOfTheHand","floor":7},{"not_picked":["Collect","FlyingSleeves"],"picked":"Indignation","floor":8},{"not_picked":["Fasting2","Nirvana"],"picked":"Worship","floor":11},{"not_picked":["Adaptation","EmptyFist"],"picked":"Prostrate","floor":12},{"not_picked":["FlyingSleeves","Pray"],"picked":"Perseverance","floor":13},{"not_picked":["EmptyFist","Vengeance"],"picked":"Evaluate","floor":14}],"player_experience":411838,"relics_obtained":[{"floor":7,"key":"Orichalcum"},{"floor":9,"key":"Omamori"},{"floor":11,"key":"Toy Ornithopter"}],"event_choices":[{"damage_healed":0,"gold_gain":75,"player_choice":"Gather Gold","damage_taken":11,"max_hp_gain":0,"max_hp_loss":0,"event_name":"World of Goop","floor":3,"gold_loss":0},{"damage_healed":0,"gold_gain":100,"player_choice":"Gold","damage_taken":0,"max_hp_gain":0,"max_hp_loss":0,"event_name":"Wheel of Change","floor":5,"gold_loss":0}],"is_beta":false,"boss_relics":[],"items_purged_floors":[],"is_endless":false,"potions_floor_spawned":[1,4,13],"killed_by":"The Guardian","ascension_level":0}}