{"host":"6dypmz777xraikqf","time":1613122387,"event":{"mods":["AchievementEnabler","BaseMod","BetterRewards","Colored Map","Colored Powertips","Downfall","Highlight Path","Hubris","Infinite Spire","Minty Spire (QoL Compilation)","Replay The Spire","StSLib"],"gold_per_floor":[118,133,143,157,167,167,184,201,225,237,237,267,267,267,267,267,267],"floor_reached":16,"language":"ENG","playtime":1094,"items_purged":[],"score":127,"play_id":"bdf2ddf5-d71a-4d3f-8567-c7b46b75e5f4","local_time":"20210212093307","is_ascension_mode":true,"campfire_choices":[{"data":"Chrysalis","floor":6,"key":"SMITH"},{"data":"Reinforced Body","floor":15,"key":"SMITH"}],"circlet_count":0,"master_deck":["Strike_B","Strike_B","Strike_B","Strike_B","Defend_B","Defend_B","Defend_B","Defend_B","Zap","Dualcast","Chrysalis+1","Cold Snap","Reinforced Body+1","Doom and Gloom","Reboot","Go for the Eyes","BasicCrystalCard+1","Turbo","Panic Button"],"relics":["Iron Core","Strawberry","infinitespire:Cubic Diamond","Prayer Wheel","InkBottle","hubris:Towel"],"acts_visited":["Exordium"],"potions_floor_usage":[7,16,16],"damage_taken":[{"damage":3,"enemies":"Jaw Worm","floor":1,"turns":4},{"damage":1,"enemies":"Small Slimes","floor":2,"turns":5},{"damage":0,"enemies":"2 Louse","floor":3,"turns":3},{"damage":14,"enemies":"Looter","floor":4,"turns":4},{"damage":0,"enemies":"2 Fungi Beasts","floor":5,"turns":3},{"damage":3,"enemies":"3 Louse","floor":7,"turns":2},{"damage":8,"enemies":"Blue Slaver","floor":8,"turns":4},{"damage":3,"enemies":"2 Fungi Beasts","floor":10,"turns":3},{"damage":23,"enemies":"Lagavulin","floor":12,"turns":9},{"damage":22,"enemies":"Hexaghost","floor":16,"turns":9}],"seed_played":"8722030032409806423","potions_obtained":[{"floor":1,"key":"SteroidPotion"},{"floor":4,"key":"FearPotion"},{"floor":7,"key":"Toxic Potion"},{"floor":8,"key":"BlessingOfTheForge"},{"floor":12,"key":"Explosive Potion"}],"is_trial":false,"path_per_floor":["M","M","M","M","M","R","M","M","T","M","?","E","?","?","R_BF","B"],"character_chosen":"DEFECT","items_purchased":[],"campfire_rested":0,"item_purchase_floors":[],"current_hp_per_floor":[65,64,64,50,50,50,47,39,46,43,43,20,20,20,20,0,0],"gold":267,"neow_bonus":"RANDOM_COLORLESS_2","is_daily":false,"chose_seed":false,"campfire_upgraded":2,"win_rate":0.0,"timestamp":1613122387,"path_taken":["M","M","M","M","M","R","M","M","T","M","?","E","?","?","R_BF","BOSS"],"items_purchased_type":[],"build_version":"2020-12-22","purchased_purges":0,"victory":false,"max_hp_per_floor":[68,68,68,68,68,68,68,68,75,75,75,75,75,75,75,75,75],"card_choices":[{"not_picked":["Secret Weapon","Mayhem"],"picked":"Chrysalis","floor":0},{"not_picked":["Panic Button","Beam Cell"],"picked":"Cold Snap","floor":1},{"not_picked":["Turbo","Time Bomb"],"picked":"Reinforced Body","floor":2},{"not_picked":["Stack","Go for the Eyes"],"picked":"Doom and Gloom","floor":3},{"not_picked":["Blizzard","Steam"],"picked":"Reboot","floor":4},{"not_picked":["Barrage","Rip and Tear"],"picked":"Go for the Eyes","floor":5},{"not_picked":["Auto Shields","Steam Power"],"picked":"BasicCrystalCard","floor":7},{"not_picked":["Stack","Beam Cell"],"picked":"Turbo","floor":8},{"not_picked":["Sweeping Beam","Aggregate","Go for the Eyes"],"picked":"SKIP","floor":10},{"not_picked":["Limit Break","Sunder"],"picked":"Panic Button","floor":12}],"player_experience":211679,"relics_obtained":[{"floor":9,"key":"Strawberry"},{"floor":12,"key":"InkBottle"}],"event_choices":[{"damage_healed":0,"gold_gain":0,"player_choice":"Grow","damage_taken":0,"max_hp_gain":0,"max_hp_loss":0,"event_name":"Living Wall","floor":14,"gold_loss":0,"cards_upgraded":["BasicCrystalCard"]}],"is_beta":false,"boss_relics":[],"items_purged_floors":[],"is_endless":false,"potions_floor_spawned":[1,4,7,8,12],"killed_by":"Hexaghost","ascension_level":4}}