{"host":"y0i0tbisecj7yjyn","time":1613107966,"event":{"mods":["AchievementEnabler","AlwaysNeverKeys","BaseMod","BetterRewards","Colored Map","Colored Powertips","Curses Come First","Disable Question Mark Monsters","Displayed Cursed Tome","Highlight Path","Keyboard Shortcuts","Minty Spire (QoL Compilation)","Quick Restart","Random Character Button","Rare Cards Sparkle","StSLib","SuperFastMode","Transform Curses","Weighted Paths"],"gold_per_floor":[119,119,119,119,42,68,68,103,103,278,291,291,291,303,303,403,403,419,433,458,383,383,411,429,704,729,748,780,277,295,215,215,319,319,334,334,344,344,359,386,402,422,422,456,466,105,105,155,155,155,155,155,76,107,107,107],"floor_reached":55,"language":"ENG","playtime":2340,"items_purged":["Regret","Shame"],"score":978,"play_id":"99df65e5-90ca-49bc-a8d2-9e2b00f781d5","local_time":"20210211233246","is_ascension_mode":true,"campfire_choices":[{"floor":7.0,"key":"REST"},{"data":"Accuracy","floor":13.0,"key":"SMITH"},{"data":"Infinite Blades","floor":15.0,"key":"SMITH"},{"floor":32.0,"key":"REST"},{"data":"Accuracy","floor":47.0,"key":"SMITH"},{"data":"Accuracy","floor":49.0,"key":"SMITH"},{"data":"Madness","floor":52.0,"key":"SMITH"}],"circlet_count":0,"master_deck":["Strike_G","Strike_G","Strike_G","Strike_G","Strike_G","Defend_G","Defend_G","Defend_G","Defend_G","Survivor+1","Neutralize","Cloak And Dagger+1","Accuracy+1","Accuracy+1","Dodge and Roll","Infinite Blades+1","Corpse Explosion+1","Blade Dance","Deflect","Blade Dance+1","Accuracy+1","Blade Dance","Cloak And Dagger","Blade Dance","Envenom","Caltrops","Accuracy+1","Envenom","Blade Dance","Madness+1","Cloak And Dagger","Accuracy+1","Parasite","Accuracy"],"relics":["Ring of the Snake","Vajra","Ninja Scroll","Ice Cream","Paper Crane","Anchor","Darkstone Periapt","Philosopher\u0027s Stone","Red Mask","Nunchaku","War Paint","Bronze Scales","Lizard Tail","Cursed Key","Dream Catcher","Pear","Boot","Pantograph","Bird Faced Urn","Bag of Marbles"],"acts_visited":["Exordium","TheCity","TheBeyond","TheEnding"],"potions_floor_usage":[55],"damage_taken":[{"damage":1.0,"enemies":"Jaw Worm","floor":1.0,"turns":6.0},{"damage":20.0,"enemies":"Gremlin Nob","floor":6.0,"turns":4.0},{"damage":0.0,"enemies":"3 Sentries","floor":8.0,"turns":7.0},{"damage":0.0,"enemies":"2 Louse","floor":11.0,"turns":1.0},{"damage":0.0,"enemies":"Small Slimes","floor":14.0,"turns":1.0},{"damage":27.0,"enemies":"The Guardian","floor":16.0,"turns":9.0},{"damage":2.0,"enemies":"3 Byrds","floor":18.0,"turns":3.0},{"damage":0.0,"enemies":"Shell Parasite","floor":19.0,"turns":2.0},{"damage":0.0,"enemies":"Masked Bandits","floor":20.0,"turns":2.0},{"damage":12.0,"enemies":"Book of Stabbing","floor":23.0,"turns":3.0},{"damage":1.0,"enemies":"Centurion and Healer","floor":24.0,"turns":2.0},{"damage":26.0,"enemies":"Snake Plant","floor":27.0,"turns":4.0},{"damage":0.0,"enemies":"Slavers","floor":28.0,"turns":2.0},{"damage":4.0,"enemies":"Cultist and Chosen","floor":30.0,"turns":3.0},{"damage":1.0,"enemies":"Champ","floor":33.0,"turns":5.0},{"damage":0.0,"enemies":"Orb Walker","floor":35.0,"turns":1.0},{"damage":0.0,"enemies":"3 Shapes","floor":37.0,"turns":1.0},{"damage":0.0,"enemies":"Jaw Worm Horde","floor":39.0,"turns":2.0},{"damage":2.0,"enemies":"Nemesis","floor":40.0,"turns":3.0},{"damage":11.0,"enemies":"3 Darklings","floor":41.0,"turns":2.0},{"damage":0.0,"enemies":"Transient","floor":42.0,"turns":5.0},{"damage":8.0,"enemies":"Giant Head","floor":44.0,"turns":5.0},{"damage":2.0,"enemies":"Writhing Mass","floor":45.0,"turns":3.0},{"damage":0.0,"enemies":"Mind Bloom Boss Battle","floor":48.0,"turns":3.0},{"damage":46.0,"enemies":"Donu and Deca","floor":50.0,"turns":4.0},{"damage":79.0,"enemies":"Shield and Spear","floor":54.0,"turns":4.0},{"damage":164,"enemies":"The Heart","floor":55,"turns":6}],"seed_played":"-7954234125879245423","potions_obtained":[{"floor":6.0,"key":"SteroidPotion"},{"floor":8.0,"key":"SpeedPotion"},{"floor":14.0,"key":"SmokeBomb"},{"floor":19.0,"key":"Ancient Potion"},{"floor":20.0,"key":"AttackPotion"},{"floor":27.0,"key":"CultistPotion"},{"floor":30.0,"key":"CunningPotion"},{"floor":35.0,"key":"LiquidMemories"},{"floor":42.0,"key":"ColorlessPotion"},{"floor":48.0,"key":"PowerPotion"}],"is_trial":false,"path_per_floor":["M","?","?","?","$","E","R","E","T","?","M","T","R","M","R","B",null,"M","M","?","?","?","E","M","?","T","M","E","$","M","$","R","B",null,"M","?","M","?","M","E","M","M","T","E","M","$","R","?","R","B",null,"R","$","E","B"],"character_chosen":"THE_SILENT","items_purchased":["Accuracy","Lizard Tail","Blade Dance","Envenom","Accuracy","Pantograph","Accuracy"],"campfire_rested":2,"item_purchase_floors":[5,29,29,29,31,46,53],"current_hp_per_floor":[69,57,50,50,50,30,51,51,51,51,51,51,51,51,51,24,70,68,68,68,68,68,56,55,61,61,35,35,35,31,31,53,52,76,76,76,76,76,76,74,63,63,79,71,75,75,75,98,98,54,98,98,98,19,0,0],"gold":107,"neow_bonus":"RANDOM_COMMON_RELIC","is_daily":false,"chose_seed":false,"campfire_upgraded":5,"win_rate":0.0,"timestamp":1613107966,"path_taken":["M","?","?","?","$","E","R","E","T","?","M","?","R","M","R","BOSS","M","M","?","?","?","E","M","?","T","M","E","$","M","$","R","BOSS","M","?","M","?","?","E","M","M","T","E","?","$","R","?","R","BOSS","R","$","E","BOSS"],"items_purchased_type":["Card","Relic","Card","Card","Card","Relic","Card"],"build_version":"2020-12-22","purchased_purges":2,"victory":false,"max_hp_per_floor":[70,70,70,70,70,70,70,70,70,70,70,70,70,70,70,70,70,70,70,70,70,70,70,70,76,76,76,76,76,76,76,76,76,76,76,76,76,76,76,76,76,76,92,92,98,98,98,98,98,98,98,98,98,98,98,98],"card_choices":[{"not_picked":["Tactician","Sucker Punch"],"picked":"Cloak And Dagger","floor":1.0},{"not_picked":["Bouncing Flask","Backflip","Crippling Poison"],"picked":"SKIP","floor":6.0},{"not_picked":["Blur","Finisher"],"picked":"Accuracy","floor":8.0},{"not_picked":["Outmaneuver","Underhanded Strike"],"picked":"Dodge and Roll","floor":11.0},{"not_picked":["Heel Hook","Deflect"],"picked":"Infinite Blades","floor":14.0},{"not_picked":["Storm of Steel","Venomology"],"picked":"Corpse Explosion","floor":16.0},{"not_picked":["Terror","Outmaneuver"],"picked":"Blade Dance","floor":18.0},{"not_picked":["Backflip","Poisoned Stab"],"picked":"Deflect","floor":19.0},{"not_picked":["Dash","Sucker Punch"],"picked":"Blade Dance+1","floor":20.0},{"not_picked":["PiercingWail","Phantasmal Killer"],"picked":"Accuracy+1","floor":23.0},{"not_picked":["Flying Knee","Sucker Punch+1"],"picked":"Blade Dance","floor":24.0},{"not_picked":["Terror","Dodge and Roll","Backflip"],"picked":"SKIP","floor":27.0},{"not_picked":["Crippling Poison","Concentrate"],"picked":"Cloak And Dagger","floor":28.0},{"not_picked":["Calculated Gamble","Venomology"],"picked":"Caltrops","floor":30.0},{"not_picked":["Glass Knife","Tools of the Trade"],"picked":"Envenom","floor":33.0},{"not_picked":["Reflex","Well Laid Plans"],"picked":"Blade Dance","floor":35.0},{"not_picked":["Swift Strike","Flash of Steel"],"picked":"Madness","floor":36.0},{"not_picked":["Choke+1","Terror"],"picked":"Cloak And Dagger","floor":37.0},{"not_picked":["Backflip","Endless Agony+1","Dodge and Roll"],"picked":"SKIP","floor":39.0},{"not_picked":["Reflex+1","Backflip+1","Terror"],"picked":"SKIP","floor":40.0},{"not_picked":["Endless Agony","Footwork","Poisoned Stab"],"picked":"SKIP","floor":41.0},{"not_picked":["Outmaneuver","Dodge and Roll","Poisoned Stab"],"picked":"SKIP","floor":42.0},{"not_picked":["Leg Sweep","Underhanded Strike","Dodge and Roll"],"picked":"SKIP","floor":44.0},{"not_picked":["Tools of the Trade","Skewer","Prepared"],"picked":"SKIP","floor":45.0},{"not_picked":["Concentrate","Backstab","Prepared+1"],"picked":"SKIP","floor":54.0}],"player_experience":434010,"relics_obtained":[{"floor":6.0,"key":"Ice Cream"},{"floor":8.0,"key":"Paper Crane"},{"floor":9.0,"key":"Anchor"},{"floor":12.0,"key":"Darkstone Periapt"},{"floor":20.0,"key":"Red Mask"},{"floor":23.0,"key":"Nunchaku"},{"floor":26.0,"key":"War Paint"},{"floor":28.0,"key":"Bronze Scales"},{"floor":40.0,"key":"Dream Catcher"},{"floor":43.0,"key":"Pear"},{"floor":44.0,"key":"Boot"},{"floor":48.0,"key":"Bird Faced Urn"},{"floor":54.0,"key":"Bag of Marbles"}],"event_choices":[{"damage_healed":0.0,"max_hp_gain":0.0,"max_hp_loss":0.0,"gold_gain":0.0,"event_name":"Scrap Ooze","player_choice":"Success","floor":2.0,"gold_loss":0.0,"damage_taken":12.0,"relics_obtained":["Ninja Scroll"]},{"cards_removed":["Defend_G"],"damage_healed":0.0,"max_hp_gain":0.0,"max_hp_loss":0.0,"gold_gain":0.0,"event_name":"Golden Wing","player_choice":"Card Removal","floor":3.0,"gold_loss":0.0,"damage_taken":7.0},{"damage_healed":0.0,"max_hp_gain":0.0,"max_hp_loss":0.0,"gold_gain":0.0,"event_name":"Living Wall","player_choice":"Grow","floor":4.0,"gold_loss":0.0,"damage_taken":0.0,"cards_upgraded":["Cloak And Dagger"]},{"damage_healed":0.0,"max_hp_gain":0.0,"max_hp_loss":0.0,"gold_gain":175.0,"event_name":"Liars Game","player_choice":"AGREE","floor":10.0,"gold_loss":0.0,"damage_taken":0.0,"cards_obtained":["Doubt"]},{"damage_healed":0.0,"max_hp_gain":0.0,"max_hp_loss":0.0,"gold_gain":0.0,"event_name":"Masked Bandits","player_choice":"Fought Bandits","floor":20.0,"gold_loss":0.0,"damage_taken":0.0},{"cards_removed":["Doubt"],"damage_healed":0.0,"max_hp_gain":0.0,"max_hp_loss":0.0,"gold_gain":0.0,"event_name":"Beggar","player_choice":"Gave Gold","floor":21.0,"gold_loss":75.0,"damage_taken":0.0},{"damage_healed":0.0,"max_hp_gain":0.0,"max_hp_loss":0.0,"gold_gain":0.0,"event_name":"Ghosts","player_choice":"Ignored","floor":22.0,"gold_loss":0.0,"damage_taken":0.0},{"damage_healed":0.0,"max_hp_gain":0.0,"max_hp_loss":0.0,"gold_gain":275.0,"event_name":"Golden Shrine","player_choice":"Desecrate","floor":25.0,"gold_loss":0.0,"damage_taken":0.0,"cards_obtained":["Regret"]},{"damage_healed":0.0,"max_hp_gain":0.0,"max_hp_loss":0.0,"gold_gain":0.0,"event_name":"SensoryStone","player_choice":"Memory 1","floor":36.0,"gold_loss":0.0,"damage_taken":0.0},{"damage_healed":0.0,"max_hp_gain":0.0,"max_hp_loss":0.0,"gold_gain":0.0,"event_name":"Duplicator","player_choice":"Copied","floor":38.0,"gold_loss":0.0,"damage_taken":0.0,"cards_obtained":["Accuracy"]},{"damage_healed":0.0,"max_hp_gain":0.0,"max_hp_loss":0.0,"gold_gain":0.0,"event_name":"MindBloom","player_choice":"Fight","floor":48.0,"gold_loss":0.0,"damage_taken":0.0}],"is_beta":false,"boss_relics":[{"not_picked":["Empty Cage","HoveringKite"],"picked":"Philosopher\u0027s Stone"},{"not_picked":["Velvet Choker","Runic Pyramid"],"picked":"Cursed Key"}],"items_purged_floors":[29,46],"is_endless":false,"potions_floor_spawned":[6,8,14,19,20,27,30,35,41,42,48],"killed_by":"The Heart","ascension_level":2}}