{"host":"7sni158j623xchr2","time":1613111591,"event":{"mods":["BaseMod","Colored Map","Highlight Path","Minty Spire (QoL Compilation)","Permanent Neow","Potion Indicator Mod","Rare Cards Sparkle","Relic Sorter","Relic Stats","StSLib","everything is the same but u backflip on backflip"],"gold_per_floor":[117,117,135,146,165,165,191,44,93,18,35,61,61,72,72,177,177,197,197,197,112,12,43,59,94,94,108,135,135,135,149,149,248,248,261,277,25,25,75,75,110,130,153,11,36,36,9,37,37,37,37,37,19,50,50],"floor_reached":56,"language":"ENG","playtime":1674,"items_purged":["Defend_G","Writhe","Strike_G+1"],"score":1454,"play_id":"147ccac2-ce27-490b-9bb7-02343a27c696","local_time":"20210212003311","is_ascension_mode":true,"campfire_choices":[{"data":"Dagger Spray","floor":6,"key":"SMITH"},{"data":"Die Die Die","floor":13,"key":"SMITH"},{"data":"Predator","floor":15,"key":"SMITH"},{"data":"Glass Knife","floor":30,"key":"SMITH"},{"data":"Deflect","floor":32,"key":"SMITH"},{"floor":40,"key":"RECALL"},{"data":"Accuracy","floor":49,"key":"SMITH"},{"data":"PiercingWail","floor":52,"key":"SMITH"}],"circlet_count":0,"master_deck":["Strike_G+1","Strike_G+1","Defend_G+1","Defend_G+1","Defend_G+1","Survivor","Neutralize+1","Dagger Throw+1","Dagger Spray+1","Predator+1","Die Die Die+1","Deflect+1","PiercingWail+1","Glass Knife+1","Adrenaline+1","Cloak And Dagger+1","Catalyst+1","Malaise+1","Blade Dance+1","Backflip+1","Phantasmal Killer+1","Footwork+1","PiercingWail+1","Acrobatics+1","Crippling Poison+1","Calculated Gamble+1","Bane+1","Expertise+1","Outmaneuver+1","Accuracy+1","Malaise+1","Blade Dance+1","PiercingWail+1"],"relics":["Ring of the Snake","Blood Vial","Anchor","TwistedFunnel","MealTicket","Black Star","Paper Crane","Toy Ornithopter","The Courier","Toxic Egg 2","HornCleat","Oddly Smooth Stone","Incense Burner","Torii","Whetstone","Sozu","OrangePellets","The Specimen","Eternal Feather","Akabeko","Orichalcum","Prayer Wheel","FossilizedHelix","Ice Cream","Smiling Mask","Ornamental Fan","Happy Flower"],"acts_visited":["Exordium","TheCity","TheBeyond","TheEnding"],"potions_floor_usage":[7,7,25,33,50],"damage_taken":[{"damage":1,"enemies":"Cultist","floor":1,"turns":5},{"damage":0,"enemies":"2 Louse","floor":3,"turns":3},{"damage":0,"enemies":"Small Slimes","floor":4,"turns":2},{"damage":2,"enemies":"Looter","floor":5,"turns":3},{"damage":2,"enemies":"Gremlin Nob","floor":7,"turns":3},{"damage":0,"enemies":"3 Louse","floor":11,"turns":1},{"damage":20,"enemies":"Lagavulin","floor":12,"turns":5},{"damage":5,"enemies":"Large Slime","floor":14,"turns":5},{"damage":44,"enemies":"The Guardian","floor":16,"turns":14},{"damage":0,"enemies":"3 Byrds","floor":18,"turns":3},{"damage":11,"enemies":"Gremlin Leader","floor":23,"turns":6},{"damage":0,"enemies":"Shell Parasite","floor":24,"turns":3},{"damage":2,"enemies":"Book of Stabbing","floor":25,"turns":5},{"damage":0,"enemies":"Cultist and Chosen","floor":27,"turns":4},{"damage":0,"enemies":"Gremlin Leader","floor":28,"turns":4},{"damage":0,"enemies":"Sentry and Sphere","floor":31,"turns":3},{"damage":10,"enemies":"Collector","floor":33,"turns":7},{"damage":0,"enemies":"3 Shapes","floor":35,"turns":2},{"damage":0,"enemies":"Orb Walker","floor":36,"turns":2},{"damage":0,"enemies":"Mind Bloom Boss Battle","floor":39,"turns":5},{"damage":1,"enemies":"Nemesis","floor":41,"turns":7},{"damage":0,"enemies":"Sphere and 2 Shapes","floor":42,"turns":3},{"damage":1,"enemies":"Giant Head","floor":45,"turns":7},{"damage":0,"enemies":"Reptomancer","floor":48,"turns":4},{"damage":8,"enemies":"Donu and Deca","floor":50,"turns":9},{"damage":0,"enemies":"Shield and Spear","floor":54,"turns":6},{"damage":45,"enemies":"The Heart","floor":55,"turns":13}],"seed_played":"4495129038365797020","potions_obtained":[{"floor":0,"key":"FairyPotion"},{"floor":0,"key":"AttackPotion"},{"floor":0,"key":"GamblersBrew"},{"floor":3,"key":"Block Potion"},{"floor":14,"key":"Dexterity Potion"},{"floor":16,"key":"FearPotion"},{"floor":24,"key":"Poison Potion"},{"floor":31,"key":"Swift Potion"}],"is_trial":false,"path_per_floor":["M","T","M","M","M","R","E","$","T","$","M","E","R","M","R","B",null,"M","?","?","?","$","E","M","E","T","M","E","?","R","M","R","B",null,"M","M","$","?","?","R","E","M","T","$","E","?","$","E","R","B",null,"R","$","E","B",null],"character_chosen":"THE_SILENT","items_purchased":["TwistedFunnel","PiercingWail+1","Acrobatics+1","Crippling Poison+1","OrangePellets","Outmaneuver+1","Accuracy","Blade Dance+1"],"campfire_rested":0,"item_purchase_floors":[8,37,37,37,37,44,47,53],"current_hp_per_floor":[69,69,70,70,68,68,68,68,68,68,70,50,50,47,47,5,70,70,70,70,70,70,59,61,66,66,68,70,70,70,70,70,60,70,70,70,70,70,70,70,69,70,70,70,69,66,66,66,66,58,66,66,66,66,21],"gold":50,"neow_bonus":"THREE_SMALL_POTIONS","is_daily":false,"chose_seed":false,"campfire_upgraded":7,"win_rate":0.0,"timestamp":1613111591,"path_taken":["M","?","M","?","M","R","E","$","T","$","M","E","R","M","R","BOSS","M","?","?","?","$","E","M","E","T","M","E","?","R","M","R","BOSS","M","M","$","?","?","R","E","M","T","$","E","?","?","E","R","BOSS","R","$","E","BOSS"],"items_purchased_type":["Relic","Card","Card","Card","Relic","Card","Card","Card"],"build_version":"2020-12-22","purchased_purges":3,"victory":true,"max_hp_per_floor":[70,70,70,70,70,70,70,70,70,70,70,70,70,70,70,70,70,70,70,70,70,70,70,70,70,70,70,70,70,70,70,70,70,70,70,70,70,70,70,70,70,70,70,70,70,66,66,66,66,66,66,66,66,66,66],"relic_stats":{"Torii":6,"Happy Flower":[4],"counters":[27,134],"Eternal Feather":0,"Whetstone":["Neutralize","Dagger Throw"],"Orichalcum":[24],"Smiling Mask":0,"Blood Vial":18,"Sozu":3,"OrangePellets":[4],"Ornamental Fan":[36],"MealTicket":0,"Prayer Wheel":0,"Black Star":7,"obtain_stats":[{"TwistedFunnel":8,"Ice Cream":48,"Torii":28,"Incense Burner":26,"Whetstone":28,"Smiling Mask":48,"Blood Vial":2,"Sozu":34,"HornCleat":25,"MealTicket":12,"Prayer Wheel":45,"Toxic Egg 2":23,"Ring of the Snake":0,"The Specimen":39,"Happy Flower":54,"Oddly Smooth Stone":25,"Eternal Feather":41,"The Courier":23,"Paper Crane":20,"Orichalcum":43,"Akabeko":41,"OrangePellets":37,"Anchor":7,"Ornamental Fan":54,"Black Star":17,"Toy Ornithopter":21,"FossilizedHelix":45},{"TwistedFunnel":5,"Ice Cream":24,"Torii":15,"Incense Burner":13,"Whetstone":15,"Smiling Mask":24,"Blood Vial":1,"Sozu":17,"HornCleat":13,"MealTicket":7,"Prayer Wheel":23,"Toxic Egg 2":11,"Ring of the Snake":0,"The Specimen":20,"Happy Flower":26,"Oddly Smooth Stone":13,"Eternal Feather":21,"The Courier":11,"Paper Crane":10,"Orichalcum":22,"Akabeko":21,"OrangePellets":19,"Anchor":5,"Ornamental Fan":26,"Black Star":9,"Toy Ornithopter":10,"FossilizedHelix":23},{"TwistedFunnel":16,"Ice Cream":106,"Torii":66,"Incense Burner":58,"Whetstone":66,"Smiling Mask":106,"Blood Vial":5,"Sozu":76,"HornCleat":58,"MealTicket":22,"Prayer Wheel":102,"Toxic Egg 2":50,"Ring of the Snake":0,"The Specimen":85,"Happy Flower":121,"Oddly Smooth Stone":58,"Eternal Feather":92,"The Courier":50,"Paper Crane":44,"Orichalcum":95,"Akabeko":92,"OrangePellets":80,"Anchor":16,"Ornamental Fan":121,"Black Star":41,"Toy Ornithopter":44,"FossilizedHelix":102}],"Toy Ornithopter":5,"Ring of the Snake":[54]},"card_choices":[{"not_picked":["Slice","Deadly Poison"],"picked":"Dagger Throw","floor":1},{"not_picked":["Flechettes","Heel Hook"],"picked":"Dagger Spray","floor":3},{"not_picked":["Dagger Throw","PiercingWail"],"picked":"Predator","floor":4},{"not_picked":["Flying Knee","Slice","Skewer"],"picked":"SKIP","floor":5},{"not_picked":["Cloak And Dagger","Finisher","Blade Dance"],"picked":"SKIP","floor":7},{"not_picked":["Deflect","Dodge and Roll"],"picked":"Die Die Die","floor":11},{"not_picked":["Sucker Punch","Dagger Throw"],"picked":"Deflect","floor":12},{"not_picked":["Deflect","A Thousand Cuts"],"picked":"PiercingWail","floor":14},{"not_picked":["After Image","Doppelganger"],"picked":"Glass Knife","floor":16},{"not_picked":["Dodge and Roll","Underhanded Strike","Deflect"],"picked":"SKIP","floor":18},{"not_picked":["Acrobatics+1","Quick Slash"],"picked":"Adrenaline+1","floor":23},{"not_picked":["Slice","Dagger Throw"],"picked":"Cloak And Dagger+1","floor":24},{"not_picked":["Underhanded Strike","Flying Knee","Distraction+1"],"picked":"SKIP","floor":25},{"not_picked":["Bane+1","Dagger Throw+1","Expertise+1"],"picked":"SKIP","floor":27},{"not_picked":["Quick Slash","Distraction+1"],"picked":"Catalyst+1","floor":28},{"not_picked":["Cloak And Dagger+1","Outmaneuver+1"],"picked":"Backflip+1","floor":31},{"not_picked":["Glass Knife","Doppelganger+1"],"picked":"Phantasmal Killer+1","floor":33},{"not_picked":["Skewer+1","Backflip+1"],"picked":"Footwork+1","floor":35},{"not_picked":["Eviscerate+1","Distraction+1","Slice+1"],"picked":"SKIP","floor":36},{"not_picked":["Predator","Bane"],"picked":"Calculated Gamble+1","floor":39},{"not_picked":["Backstab+1","Die Die Die"],"picked":"Bane+1","floor":41},{"not_picked":["Prepared+1","Calculated Gamble+1"],"picked":"Expertise+1","floor":42},{"not_picked":["Reflex+1","Underhanded Strike+1","Cloak And Dagger+1"],"picked":"SKIP","floor":45},{"not_picked":["Deflect+1","Infinite Blades"],"picked":"Malaise+1","floor":48},{"not_picked":["Blade Dance+1","Sucker Punch"],"picked":"PiercingWail+1","floor":54}],"player_experience":1784017,"relics_obtained":[{"floor":2,"key":"Blood Vial"},{"floor":7,"key":"Anchor"},{"floor":12,"key":"MealTicket"},{"floor":23,"key":"The Courier"},{"floor":23,"key":"Toxic Egg 2"},{"floor":25,"key":"HornCleat"},{"floor":25,"key":"Oddly Smooth Stone"},{"floor":26,"key":"Incense Burner"},{"floor":28,"key":"Torii"},{"floor":28,"key":"Whetstone"},{"floor":39,"key":"The Specimen"},{"floor":41,"key":"Eternal Feather"},{"floor":41,"key":"Akabeko"},{"floor":43,"key":"Orichalcum"},{"floor":45,"key":"Prayer Wheel"},{"floor":45,"key":"FossilizedHelix"},{"floor":48,"key":"Ice Cream"},{"floor":48,"key":"Smiling Mask"},{"floor":54,"key":"Ornamental Fan"},{"floor":54,"key":"Happy Flower"}],"event_choices":[{"damage_healed":0,"gold_gain":0,"player_choice":"Simplicity","damage_taken":0,"max_hp_gain":0,"max_hp_loss":0,"event_name":"Back to Basics","floor":19,"gold_loss":0,"cards_upgraded":["Strike_G","Strike_G","Strike_G","Strike_G","Strike_G","Defend_G","Defend_G","Defend_G","Defend_G"]},{"damage_healed":0,"gold_gain":0,"player_choice":"Opened","damage_taken":0,"relics_obtained":["Paper Crane"],"max_hp_gain":0,"max_hp_loss":0,"event_name":"The Mausoleum","floor":20,"gold_loss":0,"cards_obtained":["Writhe"]},{"damage_healed":0,"gold_gain":0,"player_choice":"Obtained Relic","damage_taken":0,"relics_obtained":["Toy Ornithopter"],"max_hp_gain":0,"max_hp_loss":0,"event_name":"Addict","floor":21,"gold_loss":85},{"damage_healed":0,"gold_gain":0,"cards_transformed":["Strike_G","Defend_G"],"player_choice":"Became Test Subject","damage_taken":0,"max_hp_gain":0,"max_hp_loss":0,"event_name":"Drug Dealer","floor":29,"gold_loss":0,"cards_obtained":["Malaise","Blade Dance"]},{"cards_removed":["Strike_G"],"damage_healed":0,"gold_gain":0,"player_choice":"Removed Attack","damage_taken":0,"max_hp_gain":0,"max_hp_loss":0,"event_name":"Falling","floor":38,"gold_loss":0},{"damage_healed":0,"gold_gain":0,"player_choice":"Fight","damage_taken":0,"max_hp_gain":0,"max_hp_loss":0,"event_name":"MindBloom","floor":39,"gold_loss":0},{"damage_healed":0,"gold_gain":0,"player_choice":"Max HP","damage_taken":0,"max_hp_gain":0,"max_hp_loss":4,"event_name":"Winding Halls","floor":46,"gold_loss":0}],"is_beta":false,"boss_relics":[{"not_picked":["Ring of the Serpent","Snecko Eye"],"picked":"Black Star"},{"not_picked":["Tiny House","Velvet Choker"],"picked":"Sozu"}],"items_purged_floors":[10,22,44],"is_endless":false,"potions_floor_spawned":[3,4,14,16,23,24,31,39,42,48],"ascension_level":1}}