{"host":"pi8b3ffzwvxqztac","time":1613145733,"event":{"mods":["BaseMod","Colored Map","Custom Start","Downfall","Minty Spire (QoL Compilation)","StSLib"],"gold_per_floor":[114,214,115,130,130,164,178,206,206,206,238,248,275,135,135,236,236,247,260,272,272,286,286,312,312,312,69,69,168,183,183,183,278,278,290,308,61,61,76,76,90,110,110,137,137,148,148,166,166,166],"floor_reached":51,"language":"ENG","playtime":2634,"items_purged":["Grand Finale","Strike_G","Strike_G"],"score":1113,"play_id":"667af01f-11f0-406c-a47d-513a0d56d4a8","local_time":"20210213050213","is_ascension_mode":true,"campfire_choices":[{"data":"Terror","floor":10,"key":"SMITH"},{"floor":15,"key":"REST"},{"data":"After Image","floor":23,"key":"SMITH"},{"data":"Cloak And Dagger","floor":25,"key":"SMITH"},{"data":"Cloak And Dagger","floor":28,"key":"SMITH"},{"data":"Footwork","floor":32,"key":"SMITH"},{"data":"Blade Dance","floor":40,"key":"SMITH"},{"data":"Accuracy","floor":47,"key":"SMITH"},{"data":"Accuracy","floor":49,"key":"SMITH"}],"circlet_count":0,"master_deck":["Strike_G+1","Strike_G+1","Defend_G+1","Defend_G+1","Defend_G+1","Defend_G+1","Defend_G+1","Survivor","Neutralize","Terror+1","downfall:Haunted","downfall:Haunted","Clumsy","downfall:Aged","downfall:Haunted","Cloak And Dagger+1","Backflip","Dagger Spray","Endless Agony","Footwork+1","Cloak And Dagger+1","Dagger Throw","Accuracy+1","After Image+1","Blade Dance","Infinite Blades","Doubt","Accuracy+1","Bandage Up","Sucker Punch+1","Corpse Explosion","Dagger Spray+1","Dagger Throw+1","Blade Dance+1","Endless Agony","After Image+1","Cloak And Dagger+1","Slice+1","Shame","Blade Dance+1"],"relics":["Ring of the Snake","NeowsBlessing","Du-Vu Doll","bronze:BronzeIdol","The Courier","Whetstone","Meat on the Bone","White Beast Statue","Cursed Key","Pear","Paper Crane","Membership Card","WristBlade","Eternal Feather","Pantograph","Kunai","Bottled Lightning"],"acts_visited":["Exordium","TheCity","TheBeyond"],"potions_floor_usage":[7,16,18,20,24,33,39,42,46,46,46,46,50,50],"damage_taken":[{"damage":0,"enemies":"Jaw Worm","floor":1,"turns":1},{"damage":0,"enemies":"2 Louse","floor":4,"turns":1},{"damage":0,"enemies":"3 Sentries","floor":6,"turns":2},{"damage":0,"enemies":"Cultist","floor":7,"turns":4},{"damage":15,"enemies":"Lagavulin","floor":8,"turns":7},{"damage":28,"enemies":"Gremlin Nob","floor":11,"turns":4},{"damage":0,"enemies":"2 Fungi Beasts","floor":12,"turns":2},{"damage":11,"enemies":"Lagavulin","floor":13,"turns":6},{"damage":26,"enemies":"Hexaghost","floor":16,"turns":8},{"damage":0,"enemies":"3 Byrds","floor":18,"turns":4},{"damage":1,"enemies":"Shell Parasite","floor":19,"turns":5},{"damage":0,"enemies":"Chosen and Byrds","floor":20,"turns":3},{"damage":0,"enemies":"Snake Plant","floor":22,"turns":3},{"damage":9,"enemies":"Slavers","floor":24,"turns":4},{"damage":3,"enemies":"Snecko","floor":30,"turns":3},{"damage":71,"enemies":"Collector","floor":33,"turns":7},{"damage":0,"enemies":"Orb Walker","floor":35,"turns":2},{"damage":0,"enemies":"3 Shapes","floor":36,"turns":3},{"damage":0,"enemies":"3 Darklings","floor":39,"turns":4},{"damage":0,"enemies":"Maw","floor":41,"turns":5},{"damage":0,"enemies":"Jaw Worm Horde","floor":42,"turns":3},{"damage":2,"enemies":"Giant Head","floor":44,"turns":6},{"damage":0,"enemies":"Transient","floor":46,"turns":5},{"damage":0,"enemies":"4 Shapes","floor":48,"turns":2},{"damage":64,"enemies":"Time Eater","floor":50,"turns":10}],"seed_played":"5423342800427061990","potions_obtained":[{"floor":1,"key":"Swift Potion"},{"floor":7,"key":"Fruit Juice"},{"floor":11,"key":"sneckomod:MuddlingPotion"},{"floor":16,"key":"SpeedPotion"},{"floor":18,"key":"DuplicationPotion"},{"floor":19,"key":"CunningPotion"},{"floor":20,"key":"CunningPotion"},{"floor":22,"key":"Weak Potion"},{"floor":24,"key":"Fruit Juice"},{"floor":30,"key":"BlessingOfTheForge"},{"floor":33,"key":"FairyPotion"},{"floor":39,"key":"Slimebound:ThreeZeroPotion"},{"floor":42,"key":"EntropicBrew"},{"floor":46,"key":"AttackPotion"},{"floor":48,"key":"champ:CounterPotion"}],"is_trial":false,"path_per_floor":["M","?","$","M","?","E","M","E","T","R","E","M","E","$","R","B",null,"M","M","M","?","M","R","E","R","T","$","R","?","M","?","R","B",null,"M","M","$","?","M","R","M","M","T","E","?","M","R","M","R","B",null],"character_chosen":"THE_SILENT","items_purchased":["Cloak And Dagger","Accuracy","Membership Card","Accuracy","Bandage Up","Eternal Feather","Pantograph","Blade Dance","Endless Agony"],"campfire_rested":1,"item_purchase_floors":[3,14,27,27,27,37,37,37,37],"current_hp_per_floor":[63,68,68,68,61,61,66,51,51,51,23,35,36,36,60,46,72,72,71,71,71,71,71,77,77,77,77,77,77,78,78,78,23,77,81,81,81,81,85,95,95,95,95,93,93,95,95,95,95,43],"gold":166,"neow_bonus":"THREE_ENEMY_KILL","is_daily":false,"chose_seed":false,"campfire_upgraded":8,"win_rate":0.0,"timestamp":1613145733,"path_taken":["M","?","$","M","?","E","M","E","T","R","E","M","E","?","R","BOSS","M","M","M","?","M","R","E","R","T","$","R","?","M","?","R","BOSS","M","M","$","?","M","R","?","M","T","E","?","M","R","M","R","BOSS"],"items_purchased_type":["Card","Card","Relic","Card","Card","Relic","Relic","Card","Card"],"build_version":"2020-12-22","purchased_purges":3,"victory":true,"max_hp_per_floor":[70,75,75,75,75,75,80,80,80,80,80,80,80,80,80,80,80,80,80,80,80,80,80,95,95,95,95,95,95,95,95,95,95,95,95,95,95,95,95,95,95,95,95,95,95,95,95,95,95,95],"card_choices":[{"not_picked":["Escape Plan","Endless Agony"],"picked":"Terror","floor":1},{"not_picked":["Deflect","Flying Knee","Tactician"],"picked":"SKIP","floor":4},{"not_picked":["Die Die Die","Bane"],"picked":"Backflip","floor":6},{"not_picked":["Dash","Reflex"],"picked":"Dagger Spray","floor":7},{"not_picked":["Underhanded Strike","Outmaneuver"],"picked":"Endless Agony","floor":8},{"not_picked":["Bane","Dodge and Roll"],"picked":"Footwork","floor":11},{"not_picked":["Dagger Throw","Glass Knife"],"picked":"Cloak And Dagger","floor":12},{"not_picked":["Slice","Underhanded Strike"],"picked":"Dagger Throw","floor":13},{"not_picked":["Unload","A Thousand Cuts"],"picked":"After Image","floor":16},{"not_picked":["Catalyst","Flechettes","Prepared"],"picked":"SKIP","floor":18},{"not_picked":["Footwork","Dodge and Roll+1"],"picked":"Blade Dance","floor":19},{"not_picked":["Underhanded Strike+1","Concentrate","Tactician"],"picked":"SKIP","floor":20},{"not_picked":["Underhanded Strike","Quick Slash+1"],"picked":"Infinite Blades","floor":22},{"not_picked":["Crippling Poison","Tactician","Eviscerate"],"picked":"SKIP","floor":24},{"not_picked":["Doppelganger","Bane"],"picked":"Sucker Punch+1","floor":30},{"not_picked":["Grand Finale","Night Terror"],"picked":"Corpse Explosion","floor":33},{"not_picked":["Caltrops+1","Outmaneuver"],"picked":"Dagger Spray+1","floor":35},{"not_picked":["Dodge and Roll+1","Dash"],"picked":"Dagger Throw+1","floor":36},{"not_picked":["Catalyst","Dagger Spray+1"],"picked":"Cloak And Dagger+1","floor":39},{"not_picked":["All Out Attack+1","Underhanded Strike+1"],"picked":"Slice+1","floor":41},{"not_picked":["Flying Knee","After Image","All Out Attack"],"picked":"SKIP","floor":42},{"not_picked":["Distraction","Footwork"],"picked":"Blade Dance+1","floor":44},{"not_picked":["Footwork","Sucker Punch","Concentrate+1"],"picked":"SKIP","floor":46},{"not_picked":["Bane","Poisoned Stab+1","Flying Knee+1"],"picked":"SKIP","floor":48}],"player_experience":772598,"relics_obtained":[{"floor":6,"key":"bronze:BronzeIdol"},{"floor":8,"key":"The Courier"},{"floor":9,"key":"Whetstone"},{"floor":11,"key":"Meat on the Bone"},{"floor":13,"key":"White Beast Statue"},{"floor":24,"key":"Pear"},{"floor":26,"key":"Paper Crane"},{"floor":43,"key":"Kunai"},{"floor":44,"key":"Bottled Lightning"}],"event_choices":[{"cards_removed":["Strike_G"],"damage_healed":0,"gold_gain":0,"player_choice":"Card Removal","damage_taken":7,"max_hp_gain":0,"max_hp_loss":0,"event_name":"Golden Wing","floor":5,"gold_loss":0},{"damage_healed":0,"gold_gain":0,"player_choice":"Ignored","damage_taken":0,"max_hp_gain":0,"max_hp_loss":0,"event_name":"Ghosts","floor":21,"gold_loss":0},{"damage_healed":0,"gold_gain":99,"player_choice":"Stole From Cult","damage_taken":0,"max_hp_gain":0,"max_hp_loss":0,"event_name":"Nest","floor":29,"gold_loss":0},{"damage_healed":0,"gold_gain":0,"player_choice":"Simplicity","damage_taken":0,"max_hp_gain":0,"max_hp_loss":0,"event_name":"Back to Basics","floor":31,"gold_loss":0,"cards_upgraded":["Defend_G","Defend_G","Defend_G","Defend_G","Defend_G"]},{"damage_healed":0,"gold_gain":0,"player_choice":"Copied","damage_taken":0,"max_hp_gain":0,"max_hp_loss":0,"event_name":"Duplicator","floor":38,"gold_loss":0,"cards_obtained":["After Image"]},{"damage_healed":0,"gold_gain":0,"player_choice":"Ignored","damage_taken":0,"max_hp_gain":0,"max_hp_loss":0,"event_name":"Fountain of Cleansing","floor":45,"gold_loss":0}],"is_beta":false,"boss_relics":[{"not_picked":["Snecko Eye","SlaversCollar"],"picked":"Cursed Key"},{"not_picked":["sneckomod:SneckoTalon","bronze:MakeshiftBattery"],"picked":"WristBlade"}],"items_purged_floors":[3,14,27],"is_endless":false,"potions_floor_spawned":[1,7,11,16,18,19,20,22,24,30,33,35,36,39,41,42,44,46,48],"ascension_level":6}}