{"host":"d0cgmeoofhzhdzhb","time":1613114479,"event":{"mods":["Act Like it!","Alarm Clock","BaseMod","Better-Laid Plans","Challenge The Spire","Downfall","Hero for Fun","Lobotomy","LobotomyExtend","Minty Spire (QoL Compilation)","Pale of the Ancients","Permanent Neow","Reimu£®≤©¿ˆ¡È√Œ£©","Relic Stats","Remilia£®¿Ÿ√◊¿Ú—«£©","Replay The Spire","StSLib","Youmu£®ªÍ∆«—˝√Œ£©","ÛÙª÷∏ƒœ"],"gold_per_floor":[119,119,134,150,150,150,175,195,195,214,229,229,249,262,262,357,357,370,141,141,141,141,173,173,185,185,185,185],"floor_reached":1,"language":"ZHS","playtime":1664,"items_purged":["Strike_G"],"score":88,"play_id":"528b009d-67e0-4951-bb7a-c8d3c45db7ee","local_time":"20210212152119","is_ascension_mode":true,"campfire_choices":[{"floor":6.0,"key":"REST"},{"floor":12.0,"key":"REST"},{"floor":24.0,"key":"REST"}],"circlet_count":0,"master_deck":[],"relics":["Ring of the Snake","Vampiric Spirits","Ornamental Fan","Calling Bell","Boot","Sundial","Incense Burner","Replay:WaspNest","sneckomod:BabySnecko","Singing Bowl","Snack Pack"],"acts_visited":["Exordium","TheCity"],"potions_floor_usage":[],"damage_taken":[{"damage":5.0,"enemies":"2 Louse","floor":1.0,"turns":4.0},{"damage":0.0,"enemies":"Cultist","floor":3.0,"turns":4.0},{"damage":20.0,"enemies":"Jaw Worm","floor":4.0,"turns":7.0},{"damage":12.0,"enemies":"Lagavulin","floor":7.0,"turns":11.0},{"damage":8.0,"enemies":"Looter","floor":8.0,"turns":4.0},{"damage":2.0,"enemies":"2 Fungi Beasts","floor":10.0,"turns":6.0},{"damage":30.0,"enemies":"Exordium Wildlife","floor":11.0,"turns":7.0},{"damage":0.0,"enemies":"Looter","floor":13.0,"turns":4.0},{"damage":4.0,"enemies":"Large Slime","floor":14.0,"turns":11.0},{"damage":14.0,"enemies":"The Guardian","floor":16.0,"turns":14.0},{"damage":55.0,"enemies":"Spheric Guardian","floor":18.0,"turns":10.0},{"damage":15.0,"enemies":"Replay:Snechameleon","floor":23.0,"turns":6.0},{"damage":15.0,"enemies":"Shell Parasite","floor":25.0,"turns":5.0},{"damage":50,"enemies":"Jaw Worm","floor":1,"turns":7}],"seed_played":"2693474709372107509","potions_obtained":[{"floor":1.0,"key":"Poison Potion"},{"floor":3.0,"key":"Doom Potion"},{"floor":14.0,"key":"Fire Potion"},{"floor":16.0,"key":"Swift Potion"},{"floor":25.0,"key":"Milkshake"}],"is_trial":false,"path_per_floor":["M","?","M","M","?","R","E","M","T","M","M","R","M","M","R","B",null,"M","$","?","?","?","E","R","M","T","M","M"],"character_chosen":"THE_SILENT","items_purchased":["ReplayTheSpireMod:Scrap Shanks+1","MagicPotion:ReiMu"],"campfire_rested":3,"item_purchase_floors":[19,19],"current_hp_per_floor":[65,51,51,31,31,52,40,35,35,35,7,28,29,27,48,36,70,15,15,15,15,15,11,25,15,15,0,0],"gold":185,"neow_bonus":"RANDOM_COLORLESS","is_daily":false,"chose_seed":false,"campfire_upgraded":0,"win_rate":0.0,"timestamp":1613114479,"path_taken":["M","?","M","M","?","R","E","M","T","M","?","R","M","M","R","BOSS","M","$","?","?","?","E","R","M","T","M","M"],"items_purchased_type":["Card","Potion"],"build_version":"2020-12-22","purchased_purges":1,"victory":false,"max_hp_per_floor":[70,70,70,70,70,70,70,70,70,70,70,70,70,70,70,70,70,70,70,49,49,49,49,49,49,49,49,49],"relic_stats":{"Singing Bowl":0,"counters":[14,99],"Ornamental Fan":[56],"Sundial":[2],"Boot":[16],"obtain_stats":[{"Calling Bell":17,"sneckomod:BabySnecko":22,"Singing Bowl":23,"Vampiric Spirits":7,"Ornamental Fan":9,"Sundial":17,"Replay:WaspNest":21,"LetterFromLob":1,"Incense Burner":17,"Snack Pack":26,"Boot":17,"Ring of the Snake":0},{"Calling Bell":10,"sneckomod:BabySnecko":11,"Singing Bowl":12,"Vampiric Spirits":4,"Ornamental Fan":5,"Sundial":10,"Replay:WaspNest":11,"LetterFromLob":1,"Incense Burner":10,"Snack Pack":13,"Boot":10,"Ring of the Snake":0},{"Calling Bell":71,"sneckomod:BabySnecko":81,"Singing Bowl":87,"Vampiric Spirits":25,"Ornamental Fan":29,"Sundial":71,"Replay:WaspNest":81,"LetterFromLob":4,"Incense Burner":71,"Snack Pack":92,"Boot":71,"Ring of the Snake":0}],"Ring of the Snake":[26]},"card_choices":[{"not_picked":["Impatience","Discovery"],"picked":"ReplayTheSpireMod:Private Reserves","floor":0.0},{"not_picked":["Cloak And Dagger","Dagger Spray"],"picked":"Accuracy","floor":1.0},{"not_picked":["Quick Slash","Slice"],"picked":"Outmaneuver","floor":3.0},{"not_picked":["Caltrops","Sucker Punch"],"picked":"ReplayTheSpireMod:Speed Training","floor":4.0},{"not_picked":["Dagger Throw","PiercingWail"],"picked":"Cloak And Dagger","floor":7.0},{"not_picked":["Quick Slash","Slice"],"picked":"PiercingWail","floor":8.0},{"not_picked":["Outmaneuver","Dagger Spray"],"picked":"ReplayTheSpireMod:Scrap Shanks","floor":10.0},{"not_picked":["Corpse Explosion","Toxin Wave"],"picked":"Backflip","floor":11.0},{"not_picked":["Acrobatics","Reflex"],"picked":"Well Laid Plans","floor":13.0},{"not_picked":["Poisoned Stab","Skewer"],"picked":"Terror","floor":14.0},{"not_picked":["Doppelganger","Unload"],"picked":"A Thousand Cuts","floor":16.0},{"not_picked":["Eviscerate","Slice"],"picked":"Endless Agony+1","floor":18.0},{"not_picked":["Outmaneuver","Quick Slash"],"picked":"Backflip+1","floor":23.0},{"not_picked":["Choke","Flying Knee+1"],"picked":"Tactician","floor":25.0}],"player_experience":256322,"relics_obtained":[{"floor":1.0,"key":"LetterFromLob"},{"floor":7.0,"key":"Vampiric Spirits"},{"floor":9.0,"key":"Ornamental Fan"},{"floor":17.0,"key":"Boot"},{"floor":17.0,"key":"Sundial"},{"floor":17.0,"key":"Incense Burner"},{"floor":23.0,"key":"Singing Bowl"},{"floor":26.0,"key":"Snack Pack"}],"event_choices":[{"damage_healed":0.0,"max_hp_gain":0.0,"max_hp_loss":0.0,"gold_gain":0.0,"event_name":"Shining Light","player_choice":"Entered Light","floor":2.0,"gold_loss":0.0,"damage_taken":14.0,"cards_upgraded":["Accuracy","Defend_G"]},{"damage_healed":0.0,"max_hp_gain":0.0,"max_hp_loss":0.0,"gold_gain":0.0,"event_name":"Accursed Blacksmith","player_choice":"Forge","floor":5.0,"gold_loss":0.0,"damage_taken":0.0,"cards_upgraded":["Neutralize"]},{"damage_healed":0.0,"max_hp_gain":0.0,"max_hp_loss":21.0,"gold_gain":0.0,"event_name":"Vampires","player_choice":"Became a vampire","floor":20.0,"gold_loss":0.0,"damage_taken":0.0,"cards_obtained":["Bite","Bite","Bite","Bite","Bite"]},{"damage_healed":0.0,"max_hp_gain":0.0,"max_hp_loss":0.0,"gold_gain":0.0,"event_name":"Addict","player_choice":"Stole Relic","floor":21.0,"gold_loss":0.0,"damage_taken":0.0,"relics_obtained":["Replay:WaspNest"],"cards_obtained":["Shame"]}],"is_beta":false,"boss_relics":[{"not_picked":["Cursed Key","Runic Dome"],"picked":"Calling Bell"}],"items_purged_floors":[19],"is_endless":false,"potions_floor_spawned":[1,3,14,16,25],"killed_by":"Jaw Worm","ascension_level":2}}