{"host":"mb4j77vqrnqglrk8","time":1613136416,"event":{"mods":["BaseMod","Downfall","Minty Spire (QoL Compilation)","StSLib"],"gold_per_floor":[99,116,116,129,46,38,38,488,52,91,101,128,128,303,316,423,423,423,450,470,470,485,485,485,485],"floor_reached":23,"language":"ENG","playtime":1894,"items_purged":[],"score":241,"play_id":"2b66a5c4-eb2e-4a47-8c29-5002bfbeaf2d","local_time":"20210213002656","is_ascension_mode":false,"campfire_choices":[{"data":"hexamod:Sear","floor":1,"key":"SMITH"},{"floor":13,"key":"REST"},{"data":"hexamod:BurningTouch","floor":18,"key":"SMITH"}],"circlet_count":0,"master_deck":["hexamod:Strike","hexamod:Strike","hexamod:Strike","hexamod:Strike","hexamod:Defend","hexamod:Defend+1","hexamod:Defend","hexamod:Defend","hexamod:Sear+1","hexamod:Float+1","hexamod:Firestarter","hexamod:Firestarter","hexamod:HeatCrush","hexamod:SecondSeal","hexamod:FirstSeal","hexamod:ThirdSeal","hexamod:FourthSeal","downfall:Icky","downfall:Icky","downfall:Icky","hexamod:SoulSteal","hexamod:NightmareStrike","hexamod:Sear+1","expansioncontent:QuickStudy","expansioncontent:PrepareCrush","hexamod:GhostflameBarrier","hexamod:Firestarter","hexamod:BurningTouch","Doubt","hexamod:BurningTouch+1","hexamod:WildfireWeapon","hexamod:WildfireWeapon","hexamod:HeatShield","hexamod:NightmareGuise+1","hexamod:Firestarter+1"],"relics":["hexamod:SpiritBrand","Mercury Hourglass","DollysMirror","War Paint","hexamod:IceCube","Nilry\u0027s Codex"],"acts_visited":["Exordium","TheCity"],"potions_floor_usage":[20,22],"damage_taken":[{"damage":2,"enemies":"Small Slimes","floor":2,"turns":3},{"damage":6,"enemies":"2 Louse","floor":4,"turns":3},{"damage":0,"enemies":"downfall:FleeingMerchant","floor":5,"turns":4},{"damage":10,"enemies":"downfall:FleeingMerchant","floor":9,"turns":4},{"damage":4,"enemies":"3 Sentries","floor":10,"turns":3},{"damage":0,"enemies":"Cultist","floor":11,"turns":2},{"damage":4,"enemies":"3 Louse","floor":12,"turns":3},{"damage":13,"enemies":"2 Fungi Beasts","floor":15,"turns":4},{"damage":37,"enemies":"IC_STATUS_ARCHETYPE","floor":16,"turns":9},{"damage":0,"enemies":"Chosen","floor":19,"turns":4},{"damage":42,"enemies":"Centurion and Healer","floor":20,"turns":8},{"damage":2,"enemies":"Cultist and Chosen","floor":22,"turns":4},{"damage":40,"enemies":"Shelled Parasite and Fungi","floor":23,"turns":2}],"seed_played":"-1984986567769245414","potions_obtained":[{"floor":4,"key":"Slimebound:ThreeZeroPotion"},{"floor":9,"key":"hexamod:DoubleChargePotion"},{"floor":10,"key":"LiquidBronze"},{"floor":12,"key":"LiquidMemories"},{"floor":12,"key":"hexamod:EctoCoolerPotion"},{"floor":19,"key":"Slimebound:ThreeZeroPotion"},{"floor":20,"key":"FearPotion"},{"floor":20,"key":"CultistPotion"},{"floor":22,"key":"champ:CounterPotion"}],"is_trial":false,"path_per_floor":["R","M","?","M","$","?","T","?","$","E","M","M","R","?","M","B",null,"R","M","M","?","M","M"],"character_chosen":"THE_SPIRIT","items_purchased":["hexamod:HeatCrush","DollysMirror","expansioncontent:QuickStudy","expansioncontent:PrepareCrush"],"campfire_rested":1,"item_purchase_floors":[5,9,9,9],"current_hp_per_floor":[77,75,80,74,74,67,67,67,64,60,60,63,82,82,76,46,82,82,82,47,31,36,0,0,0],"gold":485,"neow_bonus":"TEN_PERCENT_HP_BONUS","is_daily":false,"chose_seed":false,"campfire_upgraded":2,"win_rate":0.0,"timestamp":1613136416,"path_taken":["R","M","?","M","$","?","T","?","$","E","M","M","R","?","M","BOSS","R","M","M","?","M","M"],"items_purchased_type":["Card","Relic","Card","Card"],"build_version":"2020-12-22","purchased_purges":0,"victory":false,"max_hp_per_floor":[77,77,82,82,82,82,82,82,82,82,82,82,82,82,82,82,82,82,82,82,82,82,82,82,82],"card_choices":[{"not_picked":["hexamod:GhostShield","hexamod:SwordOfDarkness"],"picked":"hexamod:Hexaguard","floor":2},{"not_picked":["hexamod:TurnItUp","hexamod:InspiringFlames"],"picked":"hexamod:Firestarter","floor":4},{"not_picked":["hexamod:RetreatToShadows","hexamod:DynamicBlow"],"picked":"hexamod:Firestarter","floor":5},{"not_picked":["hexamod:HauntingEcho","hexamod:Firestarter"],"picked":"hexamod:SoulSteal","floor":9},{"not_picked":["hexamod:GhostLash","hexamod:FourthSeal"],"picked":"hexamod:NightmareStrike","floor":9},{"not_picked":["hexamod:Rewind","hexamod:BacktrackSmack"],"picked":"hexamod:GhostflameBarrier","floor":10},{"not_picked":["hexamod:EtherealExpedition","hexamod:Haunt"],"picked":"hexamod:Firestarter","floor":11},{"not_picked":["hexamod:GhostLash","hexamod:GhostflameBarrier"],"picked":"hexamod:BurningTouch","floor":12},{"not_picked":["hexamod:SpectersWail","hexamod:HeatMetal"],"picked":"hexamod:BurningTouch","floor":15},{"not_picked":["hexamod:GhostflameInferno","hexamod:UnlimitedPower"],"picked":"hexamod:WildfireWeapon","floor":16},{"not_picked":["hexamod:FifthSeal","hexamod:TimeWarp"],"picked":"hexamod:WildfireWeapon","floor":16},{"not_picked":["hexamod:BurningTouch","hexamod:AdvancingGuard"],"picked":"hexamod:HeatShield","floor":19},{"not_picked":["hexamod:Haunt","hexamod:RecurringNightmare","hexamod:FastForward+1"],"picked":"SKIP","floor":19},{"not_picked":["hexamod:InspiringFlames","hexamod:FastForward+1"],"picked":"hexamod:NightmareGuise+1","floor":20},{"not_picked":["hexamod:Rewind+1","hexamod:PhantomCloak","hexamod:Again"],"picked":"SKIP","floor":20},{"not_picked":["hexamod:NightmareGuise+1","hexamod:RecurringNightmare"],"picked":"hexamod:Firestarter+1","floor":22}],"player_experience":3453,"relics_obtained":[{"floor":7,"key":"Mercury Hourglass"},{"floor":10,"key":"War Paint"},{"floor":21,"key":"Nilry\u0027s Codex"}],"event_choices":[{"damage_healed":0,"gold_gain":0,"player_choice":"Donut","damage_taken":0,"max_hp_gain":5,"max_hp_loss":0,"event_name":"Big Fish","floor":3,"gold_loss":0}],"is_beta":false,"boss_relics":[{"not_picked":["Snecko Eye","Empty Cage"],"picked":"hexamod:IceCube"}],"items_purged_floors":[],"is_endless":false,"potions_floor_spawned":[4,10,12,15,20],"killed_by":"Shelled Parasite and Fungi","ascension_level":0}}