{"host":"0rn20prxkpuv2e47","time":1613101726,"event":{"mods":["100% Spire Juice","ATMod(阿瑾Mod)","Act Like it!","Arknights","Aspiration","BaseMod","Challenge The Spire","Downfall","Friendly Minions","Gensokyo","Hermit","Koishi","KomeijiMod","Marisa（F雨　魔理沙）","Minty Spire (QoL Compilation)","Prisma Mod","Quick Restart","Reimu（博丽灵梦）","Relic Filter Mod","Remilia（蕾米莉亚）","Robot Space Explorer","StSLib","The Alterego","The Animator","The Construct","The Cursed","The Jungle","The Mystic","The Runesmith","The Senshi","The Servant 0.9.4","Wide Potions","Youmu（魂魄妖梦）","Yuyuko","[GremlinLeader]The Maniac","[功能]功能增强和修复MOD","noobMod","【功能Mod】聪明的最终Boss","【遗物卡牌】REMEMod"],"gold_per_floor":[113,113,73,88,88,88,88,88,88,108,126,126,126,137,137,234,234,248,248,267,267,267,267,252,252,252,252,252,252,269,369,369,468,468,486,486,81,81,81,81,81,81,81,81,100,100,100,143,143,143],"floor_reached":51,"language":"ZHS","playtime":1806,"items_purged":["alterego_mod:Strike","alterego_mod:Strike","alterego_mod:Defend","alterego_mod:Defend","alterego_mod:Defend","alterego_mod:Defend","alterego_mod:Strike","alterego_mod:Strike","alterego_mod:ChallengeComplete","alterego_mod:BrynhildrsRune","alterego_mod:Birthday"],"score":877,"play_id":"7e7b8224-45c7-4b48-bf37-d3f4aa23f0f9","local_time":"20210212114846","is_ascension_mode":false,"campfire_choices":[{"data":"alterego_mod:Birthday","floor":6,"key":"SMITH"},{"data":"alterego_mod:Impale","floor":8,"key":"SMITH"},{"data":"AT_FocusSwordFire","floor":15,"key":"SMITH"},{"data":"alterego_mod:IndependentAction","floor":23,"key":"SMITH"},{"data":"alterego_mod:IndependentAction","floor":25,"key":"SMITH"},{"data":"alterego_mod:Punishment","floor":27,"key":"SMITH"},{"data":"alterego_mod:BigMeatyClaws","floor":32,"key":"SMITH"},{"data":"alterego_mod:Cycle","floor":40,"key":"SMITH"},{"data":"alterego_mod:Pet","floor":42,"key":"SMITH"},{"data":"alterego_mod:PerceptionDisorder","floor":44,"key":"SMITH"},{"data":"Master of Strategy","floor":46,"key":"SMITH"},{"data":"alterego_mod:IdEs","floor":49,"key":"SMITH"}],"circlet_count":0,"master_deck":["alterego_mod:Impale+1","alterego_mod:BigMeatyClaws+1","AT_FocusSwordFire+1","alterego_mod:Birthday+1","alterego_mod:Birthday+1","alterego_mod:Collar+1","alterego_mod:Pet+1","Master of Strategy+1","alterego_mod:Undulate","alterego_mod:Undulate","alterego_mod:Cycle+1","alterego_mod:PerceptionDisorder+1","alterego_mod:Undulate","alterego_mod:Punishment+1","alterego_mod:IndependentAction+1","alterego_mod:Undulate","alterego_mod:SakuraFive+1","alterego_mod:Birthday+1","alterego_mod:IndependentAction+1","alterego_mod:IndependentAction+1","alterego_mod:BiFurious+1","alterego_mod:Birthday+1","Gensokyo:Shovel","alterego_mod:Venus+1","alterego_mod:BusterCard+1","alterego_mod:BiFurious+1","alterego_mod:IdEs+1"],"relics":["alterego_mod:MasochisticConstitution","ice","AT_ATBox","REME_ComplimentaryCards","Gensokyo:Mercy","Strange Spoon","Turnip","AntiCross","Bird Faced Urn","Medical Kit","Meat on the Bone","Gensokyo:CelestialsFlawlessClothing","aspiration:StickyExplosives","Chemical X","Dead Branch","Happy Flower","aspiration:MobileForge","OrangePellets","Runesmith:AutoHammer","Sundial","Gensokyo:ConquerorOfFear","TentaclePot:ReiMu","Molten Egg 2","Shuriken","Orrery","Mastiff:ReiMu","construct:BoolHorns","Gremlin Horn","Gensokyo:ChorusOfJoy","Potion Belt","TungstenRod","REME_IWantAll","Sozu","DollysMirror","Sling","TheAbacus","aspiration:Lifesprig","Ancient Tea Set","Bottled Lightning","Whetstone","Du-Vu Doll","HandDrill","AT_EbonyIvory"],"acts_visited":["Gensokyo:Gensokyo","Gensokyo:Gensokyoer","Gensokyo:Gensokyoest"],"potions_floor_usage":[48],"damage_taken":[{"damage":14,"enemies":"Gensokyo:2_Kodama","floor":1,"turns":3},{"damage":0,"enemies":"Gensokyo:3_Fairies","floor":4,"turns":3},{"damage":1,"enemies":"Gensokyo:Python","floor":10,"turns":2},{"damage":0,"enemies":"Gensokyo:Kitsune","floor":11,"turns":1},{"damage":0,"enemies":"Gensokyo:2_Rabbits","floor":14,"turns":3},{"damage":14,"enemies":"Gensokyo:Reimu","floor":16,"turns":4},{"damage":0,"enemies":"Gensokyo:Chomper","floor":18,"turns":2},{"damage":14,"enemies":"Gensokyo:3_Dogs","floor":20,"turns":4},{"damage":0,"enemies":"Gensokyo:Swordslinger","floor":30,"turns":1},{"damage":24,"enemies":"Gensokyo:Swordslinger","floor":31,"turns":4},{"damage":0,"enemies":"Gensokyo:Eiki","floor":33,"turns":2},{"damage":0,"enemies":"Gensokyo:3_Boulders","floor":35,"turns":1},{"damage":0,"enemies":"Gensokyo:AncientGuardian","floor":45,"turns":1},{"damage":0,"enemies":"Gensokyo:Rafflesia","floor":48,"turns":2},{"damage":0,"enemies":"Gensokyo:Scarlet_Devils","floor":50,"turns":3}],"seed_played":"2267770130389308295","potions_obtained":[{"floor":11,"key":"REME_GoldPotion"},{"floor":16,"key":"DistilledChaos"},{"floor":30,"key":"DistilledChaos"},{"floor":33,"key":"Fire Potion"}],"is_trial":false,"path_per_floor":["M","?","$","M","$","R","?","R","T","M","M","$","?","M","R","B",null,"M","$","M","?","$","R","$","R","T","R","?","T","M","?","R","B",null,"M","?","COS","?","$","R","?","R","T","R","M","R","$","M","R","B",null],"character_chosen":"The_Alterego","items_purchased":["Strange Spoon","Turnip","AntiCross","alterego_mod:ChallengeComplete","alterego_mod:Collar","Bird Faced Urn","Medical Kit","Meat on the Bone","Master of Strategy","alterego_mod:Undulate","Chemical X","Dead Branch","Happy Flower","alterego_mod:Cycle","alterego_mod:Birthday","alterego_mod:PerceptionDisorder","OrangePellets","Runesmith:AutoHammer","Sundial","alterego_mod:Undulate","alterego_mod:Punishment","TentaclePot:ReiMu","Molten Egg 2","Shuriken","alterego_mod:IndependentAction","Orrery","Mastiff:ReiMu","construct:BoolHorns","TheAbacus","aspiration:Lifesprig","Ancient Tea Set","alterego_mod:Venus+1","alterego_mod:BusterCard+1","Whetstone","Du-Vu Doll","HandDrill","alterego_mod:IdEs"],"campfire_rested":0,"item_purchase_floors":[3,3,3,3,3,5,5,5,5,5,12,12,12,12,12,12,19,19,19,19,19,22,22,22,22,24,24,24,39,39,39,39,39,47,47,47,47],"current_hp_per_floor":[57,57,57,63,63,63,46,46,46,55,61,61,61,69,69,71,73,77,77,74,74,74,74,74,74,74,74,74,74,78,55,55,71,79,79,79,79,79,79,79,79,79,79,79,79,79,79,79,79,79],"gold":143,"neow_bonus":"THREE_CARDS","is_daily":false,"chose_seed":false,"campfire_upgraded":12,"win_rate":0.0,"timestamp":1613101726,"path_taken":["M","?","$","M","$","R","?","R","T","M","M","$","?","?","R","BOSS","M","$","M","?","$","R","$","R","T","R","?","?","?","?","R","BOSS","M","?","COS","?","$","R","?","R","T","R","M","R","$","M","R","BOSS"],"items_purchased_type":["Relic","Relic","Relic","Card","Card","Relic","Relic","Relic","Card","Card","Relic","Relic","Relic","Card","Card","Card","Relic","Relic","Relic","Card","Card","Relic","Relic","Relic","Card","Relic","Relic","Relic","Relic","Relic","Relic","Card","Card","Relic","Relic","Relic","Card"],"build_version":"2020-12-22","purchased_purges":11,"victory":true,"max_hp_per_floor":[71,71,71,71,71,71,71,71,71,72,72,72,72,72,72,73,73,77,77,78,78,78,78,78,78,78,78,78,78,78,79,79,79,79,79,79,79,79,79,79,79,79,79,79,79,79,79,79,79,79],"card_choices":[{"not_picked":["alterego_mod:Schoolgirl","alterego_mod:1TonWallop"],"picked":"alterego_mod:Collar","floor":0},{"not_picked":["alterego_mod:Cushion","alterego_mod:GachaTicket"],"picked":"alterego_mod:Birthday","floor":1},{"not_picked":["alterego_mod:Cushion","alterego_mod:GachaTicket"],"picked":"alterego_mod:Birthday","floor":1},{"not_picked":["alterego_mod:Cooking","alterego_mod:DustData"],"picked":"alterego_mod:Pet","floor":4},{"not_picked":["alterego_mod:Valentines","alterego_mod:Nekomimi","alterego_mod:RidiculouslyBig"],"picked":"SKIP","floor":10},{"not_picked":["alterego_mod:BiFurious","alterego_mod:DiscoLights"],"picked":"alterego_mod:Undulate","floor":11},{"not_picked":["alterego_mod:Clap","alterego_mod:BiFurious","alterego_mod:SuperDuperMasochism"],"picked":"SKIP","floor":14},{"not_picked":["alterego_mod:Cushion+1","alterego_mod:Cooking","alterego_mod:Maid+1"],"picked":"SKIP","floor":18},{"not_picked":["alterego_mod:Collar","alterego_mod:Crossover","alterego_mod:Clap"],"picked":"SKIP","floor":20},{"not_picked":["alterego_mod:Complex+1","alterego_mod:Support"],"picked":"alterego_mod:Undulate","floor":24},{"not_picked":["alterego_mod:RingBreak","alterego_mod:SakuraPetals+1"],"picked":"alterego_mod:SakuraFive+1","floor":24},{"not_picked":["alterego_mod:Support","alterego_mod:1TonWallop+1"],"picked":"alterego_mod:Birthday+1","floor":24},{"not_picked":["alterego_mod:GoddessCore+1","alterego_mod:Schoolgirl"],"picked":"alterego_mod:IndependentAction","floor":24},{"not_picked":["alterego_mod:SuperDuperMasochism+1","alterego_mod:BeGentle"],"picked":"alterego_mod:IndependentAction+1","floor":30},{"not_picked":["alterego_mod:Pet","alterego_mod:Skirt+1"],"picked":"alterego_mod:BiFurious+1","floor":35},{"not_picked":["alterego_mod:HighServant+1","alterego_mod:DeftHands+1"],"picked":"alterego_mod:BiFurious+1","floor":45},{"not_picked":["alterego_mod:Cooking","alterego_mod:Skirt+1","alterego_mod:Belle+1"],"picked":"SKIP","floor":48}],"player_experience":182503,"relics_obtained":[{"floor":9,"key":"aspiration:StickyExplosives"},{"floor":26,"key":"Gremlin Horn"},{"floor":29,"key":"Potion Belt"},{"floor":30,"key":"Gensokyo:ConquerorOfFear"},{"floor":31,"key":"TungstenRod"},{"floor":31,"key":"REME_IWantAll"},{"floor":43,"key":"Bottled Lightning"}],"event_choices":[],"is_beta":false,"boss_relics":[{"not_picked":["Pandora\u0027s Box","REME_LowDesire"],"picked":"aspiration:MobileForge"},{"not_picked":["AT_MortalBlade","REME_ChargedStone"],"picked":"Sozu"}],"items_purged_floors":[3,3,3,3,3,3,3,3,24,24,24],"is_endless":false,"potions_floor_spawned":[1,4,10,10,11,14,16,18,20,30,33,33,35,45,45,48],"ascension_level":0}}