{"host":"3e3mwsgb9gfqiuxm","time":1613117993,"event":{"mods":["Act Like it!","BaseMod","BetterRewards","Colored Powertips","Downfall","Gensokyo","Hermit","Infinite Spire","Koishi","Marisa????????","Minty Spire (QoL Compilation)","Quick Restart","Reimu??????","Remilia??????","Replay The Spire","Shop Mod","StSLib","SuperFastMode","The Animator","The Bug Knight","The Cursed","The Jungle","The Servant 0.9.4","everything is the same but u backflip on backflip"],"gold_per_floor":[99,115,128,155,87,117,143,194,101,1,1,1,23,23,66,192,192,192,244,272,272,272,272,298,298,351,93,93,160,160,232,280,413,413,413,473,539,580,637,637,662,662,662,715,750,813,613,651,688,804,804,804,804],"floor_reached":51,"language":"ENG","playtime":2251,"items_purged":["bronze:Strike","bronze:Strike","Pain","bronze:Strike","bronze:Iterate"],"score":804,"play_id":"c5f2feeb-d005-4fc3-acbb-ab77f2ef5192","local_time":"20210212031953","is_ascension_mode":false,"campfire_choices":[{"data":"bronze:Replicate","floor":1,"key":"SMITH"},{"data":"bronze:Goto","floor":10,"key":"SMITH"},{"floor":18,"key":"DIG"},{"floor":23,"key":"DIG"},{"floor":25,"key":"DIG"},{"data":"bronze:Mutator","floor":30,"key":"SMITH"},{"floor":43,"key":"RECALL"},{"floor":47,"key":"REST"}],"circlet_count":0,"master_deck":["bronze:Defend","bronze:Defend","bronze:Replicate+1","bronze:DigitalCarnage","bronze:CutThrough","bronze:Overheat","bronze:Fortify","bronze:WhirlingStrike","Gensokyo:CrescentMoonSlash","bronze:Mutator+1","bronze:Virus","bronze:Fortify+1","bronze:FineTuning+1","infinitespire:FutureSight","bronze:Backtrace","bronze:CutThrough","bronze:Verify","bronze:AlphaBuild","bronze:Boost+1","bronze:Branch+1","bronze:Invalidate+1","bronze:GetLatest+1","bronze:Shield+1","bronze:HyperBeam","CurseOfTheBell"],"relics":["bronze:BronzeCore","NeowsBlessing","Replay:Bandana","Smiling Mask","infinitespire:Satchel","downfall:HeartBlessingGreen","Gensokyo:LunaticRedEyes","Gensokyo:Justice","Sozu","Ice Cream","Black Star","Shovel","Art of War","Blood Vial","MerchantsRug","Oddly Smooth Stone","ReplayTheSpireMod:Lightbulb","PreservedInsect","Replay:Multitool","Bag of Preparation","Painkiller Herb","Matryoshka","Kunai","infinitespire:CheckeredPen","Replay:WaspNest","Replay:Mystery Machine","Mastiff:ReiMu","downfall:HeartBlessingBlue","downfall:HeartBlessingRed","Calling Bell","Pen Nib","Sundial","infinitespire:CursedDice"],"acts_visited":["Gensokyo:Gensokyo","Gensokyo:Gensokyoer","Gensokyo:Gensokyoest","Exordium"],"potions_floor_usage":[15],"damage_taken":[{"damage":0,"enemies":"Gensokyo:Gryphon","floor":2,"turns":1},{"damage":0,"enemies":"Gensokyo:Python","floor":3,"turns":1},{"damage":0,"enemies":"Gensokyo:Mamizou","floor":4,"turns":1},{"damage":0,"enemies":"downfall:FleeingMerchant","floor":5,"turns":4},{"damage":0,"enemies":"Gensokyo:2_Kodama","floor":6,"turns":2},{"damage":13,"enemies":"Gensokyo:Mamizou","floor":8,"turns":6},{"damage":10,"enemies":"downfall:FleeingMerchant","floor":9,"turns":4},{"damage":3,"enemies":"Gensokyo:LivingMonolith","floor":13,"turns":2},{"damage":0,"enemies":"Gensokyo:3_Kodama","floor":15,"turns":1},{"damage":31,"enemies":"IC_STATUS_ARCHETYPE","floor":16,"turns":6},{"damage":0,"enemies":"Gensokyo:Chomper","floor":19,"turns":2},{"damage":0,"enemies":"Gensokyo:AngelMirror","floor":20,"turns":2},{"damage":12,"enemies":"Gensokyo:Wraith","floor":26,"turns":3},{"damage":8,"enemies":"downfall:FleeingMerchant","floor":27,"turns":4},{"damage":12,"enemies":"Gensokyo:Reisen","floor":29,"turns":5},{"damage":0,"enemies":"Nightmare","floor":31,"turns":5},{"damage":7,"enemies":"Gensokyo:Monolith_and_Dog","floor":32,"turns":3},{"damage":29,"enemies":"SI_MIRROR_ARCHETYPE","floor":33,"turns":12},{"damage":0,"enemies":"Gensokyo:3_Boulders","floor":36,"turns":3},{"damage":0,"enemies":"Gensokyo:AncientGuardian","floor":37,"turns":2},{"damage":0,"enemies":"Gensokyo:4_Bats","floor":38,"turns":3},{"damage":0,"enemies":"Gensokyo:3_Boulders","floor":39,"turns":3},{"damage":7,"enemies":"Gensokyo:Rafflesia","floor":44,"turns":5},{"damage":0,"enemies":"Gensokyo:AtlasGolem","floor":45,"turns":2},{"damage":45,"enemies":"Nightmare","floor":46,"turns":4},{"damage":18,"enemies":"Gensokyo:Sharpion","floor":48,"turns":3},{"damage":24,"enemies":"Gensokyo:Rafflesia","floor":49,"turns":4},{"damage":15,"enemies":"WA_ARCHETYPE_DIVINITY","floor":50,"turns":9}],"seed_played":"-7248602174520993834","potions_obtained":[{"floor":3,"key":"Energy Potion"},{"floor":8,"key":"SteroidPotion"},{"floor":16,"key":"champ:CounterPotion"}],"is_trial":false,"path_per_floor":["R","M","M","?","$","M","T","E","$","R","?","?","M","?","M","B",null,"R","M","M","AVR","?","R","T","R","M","$","?","E","R","NM","M","B",null,"T","?","?","?","?","AVR","T","T","T","?","?","NM","T","?","?","B",null],"character_chosen":"THE_AUTOMATON","items_purchased":["bronze:WhirlingStrike","MerchantsRug","Oddly Smooth Stone"],"campfire_rested":1,"item_purchase_floors":[9,27,27],"current_hp_per_floor":[70,70,70,70,70,70,70,57,47,47,37,37,34,34,34,3,70,70,70,70,70,70,70,70,70,58,52,52,42,42,44,39,12,70,70,70,70,70,70,70,70,70,70,64,66,23,57,41,19,6,80,80,80],"gold":804,"neow_bonus":"THREE_ENEMY_KILL","is_daily":false,"chose_seed":false,"campfire_upgraded":3,"win_rate":0.0,"timestamp":1613117993,"path_taken":["R","M","M","?","$","M","T","E","?","R","?","?","?","?","M","BOSS","R","M","M","AVR","?","R","T","R","?","$","?","E","R","NM","M","BOSS","T","?","?","?","?","AVR","T","?","T","?","?","NM","T","?","?","BOSS"],"items_purchased_type":["Card","Relic","Relic"],"build_version":"2020-12-22","purchased_purges":5,"victory":false,"max_hp_per_floor":[70,70,70,70,70,70,70,70,70,70,70,70,70,70,70,70,70,70,70,70,70,70,70,70,70,70,70,70,70,70,70,70,70,70,70,70,70,70,70,70,70,70,70,70,70,70,80,80,80,80,80,80,80],"card_choices":[{"not_picked":["bronze:Deprecate","bronze:Optimize"],"picked":"bronze:DigitalCarnage","floor":2},{"not_picked":["bronze:BronzeArmor","bronze:ForLoop","bronze:BuggyMess"],"picked":"SKIP","floor":3},{"not_picked":["bronze:Boost","bronze:Branch"],"picked":"bronze:CutThrough","floor":4},{"not_picked":["bronze:WildBeam","bronze:CloningBeam","bronze:Return"],"picked":"SKIP","floor":5},{"not_picked":["bronze:DigitalCarnage","bronze:BugBarrage"],"picked":"bronze:Overheat","floor":6},{"not_picked":["bronze:BuggyMess","bronze:Invalidate"],"picked":"bronze:Iterate","floor":8},{"not_picked":["bronze:NullPointer","bronze:ItsAFeature"],"picked":"bronze:Fortify","floor":9},{"not_picked":["bronze:ClassDefault","bronze:DarkDash","bronze:WhirlingStrike"],"picked":"SKIP","floor":13},{"not_picked":["bronze:DigitalCarnage","bronze:Branch"],"picked":"bronze:Mutator","floor":15},{"not_picked":["bronze:HardenedForm","bronze:CleanCode"],"picked":"bronze:Virus","floor":16},{"not_picked":["bronze:DelayedSlice","bronze:BronzeArmor+1"],"picked":"bronze:Fortify+1","floor":19},{"not_picked":["bronze:WildBeam","bronze:Flail"],"picked":"bronze:FineTuning+1","floor":20},{"not_picked":["bronze:BronzeOrb","bronze:BugBarrage+1","bronze:BuggyMess+1"],"picked":"SKIP","floor":26},{"not_picked":["bronze:ForceShield","bronze:GetLatest"],"picked":"bronze:CutThrough","floor":27},{"not_picked":["bronze:BuggyMess+1","bronze:Repair","bronze:Turbo"],"picked":"SKIP","floor":29},{"not_picked":["bronze:CloningBeam","bronze:Repair","bronze:Shield"],"picked":"SKIP","floor":31},{"not_picked":["bronze:Deprecate","bronze:DelayedGuard","bronze:OilSpill+1"],"picked":"SKIP","floor":32},{"not_picked":["bronze:Deprecate","bronze:DelayedGuard","bronze:OilSpill+1"],"picked":"SKIP","floor":32},{"not_picked":["bronze:AlphaBuild","bronze:Break"],"picked":"bronze:Verify","floor":33},{"not_picked":["bronze:BronzeArmor","bronze:FineTuning","bronze:DigitalCarnage"],"picked":"SKIP","floor":36},{"not_picked":["bronze:Branch","bronze:ClassDefault"],"picked":"bronze:Boost+1","floor":37},{"not_picked":["bronze:Allocate+1","bronze:OilSpill+1"],"picked":"bronze:Branch+1","floor":38},{"not_picked":["bronze:Invalidate+1","bronze:DigitalCarnage+1","bronze:FineTuning+1"],"picked":"SKIP","floor":39},{"not_picked":["bronze:DigitalCarnage+1","bronze:FineTuning+1"],"picked":"bronze:Invalidate+1","floor":39},{"not_picked":["bronze:Invalidate+1","bronze:ChildClass","bronze:FineTuning"],"picked":"SKIP","floor":44},{"not_picked":["bronze:ForceShield+1","bronze:ChildClass+1","bronze:NullPointer+1"],"picked":"SKIP","floor":45},{"not_picked":["bronze:Overheat","bronze:CutThrough"],"picked":"bronze:GetLatest+1","floor":46},{"not_picked":["bronze:Shield+1","bronze:ChildClass","bronze:BugBarrage"],"picked":"SKIP","floor":48},{"not_picked":["bronze:Philosophize","bronze:WildBeam+1"],"picked":"bronze:Shield+1","floor":49},{"not_picked":["bronze:Virus","bronze:Break"],"picked":"bronze:HyperBeam","floor":50}],"player_experience":1368205,"relics_obtained":[{"floor":4,"key":"Replay:Bandana"},{"floor":7,"key":"Smiling Mask"},{"floor":8,"key":"infinitespire:Satchel"},{"floor":18,"key":"Ice Cream"},{"floor":23,"key":"Shovel"},{"floor":24,"key":"Art of War"},{"floor":25,"key":"Blood Vial"},{"floor":29,"key":"ReplayTheSpireMod:Lightbulb"},{"floor":29,"key":"PreservedInsect"},{"floor":31,"key":"Replay:Multitool"},{"floor":31,"key":"Bag of Preparation"},{"floor":41,"key":"Kunai"},{"floor":42,"key":"infinitespire:CheckeredPen"},{"floor":42,"key":"Replay:WaspNest"},{"floor":46,"key":"Replay:Mystery Machine"},{"floor":46,"key":"Mastiff:ReiMu"},{"floor":51,"key":"Pen Nib"},{"floor":51,"key":"Sundial"},{"floor":51,"key":"infinitespire:CursedDice"}],"event_choices":[],"is_beta":false,"boss_relics":[{"not_picked":["SlaversCollar","Abe\u0027s Treasure"],"picked":"Sozu"},{"not_picked":["Velvet Choker","Replay:Ancient Bell"],"picked":"Painkiller Herb"},{"not_picked":["Runic Pyramid","Kintsugi"],"picked":"Calling Bell"}],"items_purged_floors":[5,9,21,27,40],"is_endless":true,"potions_floor_spawned":[3,8,16,20,32,33,37,44,48,49],"ascension_level":0}}