{"host":"Jinnai","time":1613144604,"event":{"mods":["BaseMod","Block Reminder","Colored Map","Colored Powertips","Curses Come First","Highlight Path","Minty Spire (QoL Compilation)","Permanent Neow","Potion Indicator Mod","Quick Restart","Relic Stats","StSLib","ojb\u0027s Info Mod"],"gold_per_floor":[410,426,3,13,27,27,27],"floor_reached":6,"language":"ENG","playtime":277,"items_purged":["Doubt"],"score":76,"play_id":"1b76308a-70b7-40ff-b0b2-52f326b4c14f","local_time":"20210212104324","is_ascension_mode":true,"campfire_choices":[],"circlet_count":0,"master_deck":["AscendersBane","Strike_R","Strike_R","Strike_R","Strike_R","Strike_R","Defend_R","Defend_R","Defend_R","Defend_R","Bash","Perfected Strike","Headbutt","Inflame","Hemokinesis","Double Tap"],"relics":["Burning Blood","Old Coin","Meat on the Bone"],"acts_visited":["Exordium"],"potions_floor_usage":[],"damage_taken":[{"damage":29,"enemies":"Jaw Worm","floor":1,"turns":4},{"damage":13,"enemies":"2 Louse","floor":2,"turns":3},{"damage":20,"enemies":"Small Slimes","floor":4,"turns":3},{"damage":19,"enemies":"Exordium Thugs","floor":5,"turns":4},{"damage":42,"enemies":"Lagavulin","floor":6,"turns":5}],"seed_played":"8114252773333980684","potions_obtained":[],"is_trial":false,"path_per_floor":["M","M","$","M","M","E"],"character_chosen":"IRONCLAD","items_purchased":["Meat on the Bone","Inflame"],"campfire_rested":0,"item_purchase_floors":[3,3],"current_hp_per_floor":[45,38,38,36,35,0,0],"gold":27,"neow_bonus":"ONE_RARE_RELIC","is_daily":false,"chose_seed":false,"campfire_upgraded":0,"win_rate":0.0,"timestamp":1613144604,"path_taken":["M","M","$","M","M","E"],"items_purchased_type":["Relic","Card"],"build_version":"2020-12-18","purchased_purges":1,"victory":false,"max_hp_per_floor":[75,75,75,75,75,75,75],"relic_stats":{"counters":[5,19],"obtain_stats":[{"Burning Blood":0,"Old Coin":0,"Meat on the Bone":3},{"Burning Blood":0,"Old Coin":0,"Meat on the Bone":2},{"Burning Blood":0,"Old Coin":0,"Meat on the Bone":7}],"Burning Blood":24,"Meat on the Bone":24},"card_choices":[{"not_picked":["Seeing Red","Armaments"],"picked":"Perfected Strike","floor":1},{"not_picked":["Armaments","Flame Barrier"],"picked":"Headbutt","floor":2},{"not_picked":["Dark Embrace","Dual Wield"],"picked":"Hemokinesis","floor":4},{"not_picked":["Disarm","Clash"],"picked":"Double Tap","floor":5}],"player_experience":1722240,"relics_obtained":[],"event_choices":[],"is_beta":true,"boss_relics":[],"items_purged_floors":[3],"is_endless":false,"potions_floor_spawned":[],"killed_by":"Lagavulin","ascension_level":20}}