{"host":"gk9qdtkqd8dwfeg2","time":1613116107,"event":{"mods":["Act Like it!","Aspiration","BaseMod","Colored Powertips","Gensokyo","Minty Spire (QoL Compilation)","Quick Restart","Replay The Spire","Shop Mod","StSLib","TestMod","The Servant 0.9.4","Waifu the Spire","WarShipGirlsR/’ΩΩ¢…Ÿ≈ÆR mod"],"gold_per_floor":[117,117,77,90,108,141,141,176,254,254,270,297,330,340,340,340,340],"floor_reached":16,"language":"ZHS","playtime":550,"items_purged":[],"score":290,"play_id":"921390bf-4f4c-4daf-b345-436a7b3bc304","local_time":"20210212154827","is_ascension_mode":true,"campfire_choices":[{"data":"Neutralize","floor":7.0,"key":"SMITH"},{"data":"Blade Dance","floor":10.0,"key":"SMITH"},{"floor":15.0,"key":"REST"}],"circlet_count":0,"master_deck":["AscendersBane","Strike_G","Strike_G","Strike_G","Strike_G+1","Strike_G+1","Defend_G","Defend_G","Defend_G","Defend_G","Defend_G","Survivor","Neutralize+1","Skewer","Blade Dance+1","Backstab","Blade Dance","Pain","Acrobatics","Accuracy"],"relics":["Ring of the Snake","testmod-TestBox","testmod-PortableAltar","NeowsBlessing","Simple Rune","Replay:Kaleidoscope","aspiration:SeaSaltIceCream","NeowsBlessing","Ninja Scroll","aspiration:FrozenJewel"],"acts_visited":["Exordium"],"potions_floor_usage":[16],"damage_taken":[{"damage":1.0,"enemies":"Small Slimes","floor":1.0,"turns":1.0},{"damage":1.0,"enemies":"2 Louse","floor":4.0,"turns":1.0},{"damage":0.0,"enemies":"Cultist","floor":5.0,"turns":1.0},{"damage":34.0,"enemies":"Gremlin Nob","floor":6.0,"turns":4.0},{"damage":10.0,"enemies":"3 Sentries","floor":8.0,"turns":7.0},{"damage":0.0,"enemies":"2 Fungi Beasts","floor":11.0,"turns":1.0},{"damage":0.0,"enemies":"Lagavulin","floor":13.0,"turns":1.0},{"damage":0.0,"enemies":"Looter","floor":14.0,"turns":1.0},{"damage":47,"enemies":"Fading Forest","floor":16,"turns":10}],"seed_played":"-4342510301148880602","potions_obtained":[{"floor":1.0,"key":"testmod-SpacePotion"},{"floor":3.0,"key":"Strength Potion"},{"floor":3.0,"key":"LiquidMemories"},{"floor":3.0,"key":"GamblersBrew"},{"floor":6.0,"key":"CunningPotion"},{"floor":13.0,"key":"Fire Potion"},{"floor":14.0,"key":"PowerPotion"}],"is_trial":false,"path_per_floor":["M","?","?","M","M","E","R","E","T","R","M","?","E","M","R","B"],"character_chosen":"THE_SILENT","items_purchased":[],"campfire_rested":1,"item_purchase_floors":[],"current_hp_per_floor":[58,63,63,62,62,28,28,18,18,18,18,18,18,18,34,0,0],"gold":340,"neow_bonus":"THREE_ENEMY_KILL","is_daily":false,"chose_seed":false,"campfire_upgraded":2,"win_rate":0.0,"timestamp":1613116107,"path_taken":["M","?","?","M","?","E","R","E","T","R","M","?","E","M","R","BOSS"],"items_purchased_type":[],"build_version":"2020-12-22","purchased_purges":0,"victory":false,"max_hp_per_floor":[65,69,68,67,66,65,64,63,62,61,60,59,58,57,56,55,55],"card_choices":[{"not_picked":["Dodge and Roll","Concentrate"],"picked":"Skewer","floor":1.0},{"not_picked":["Outmaneuver","Choke","Eviscerate"],"picked":"SKIP","floor":4.0},{"not_picked":["Flying Knee","Hidden Blade"],"picked":"Blade Dance","floor":5.0},{"not_picked":["Slice","PiercingWail","ReplayTheSpireMod:The Works"],"picked":"SKIP","floor":6.0},{"not_picked":["Calculated Gamble","Deflect"],"picked":"Backstab","floor":8.0},{"not_picked":["PiercingWail","Draining Mist"],"picked":"Blade Dance","floor":11.0},{"not_picked":["Outmaneuver","PiercingWail"],"picked":"Acrobatics","floor":12.0},{"not_picked":["Distraction","Leg Sweep"],"picked":"Accuracy","floor":13.0},{"not_picked":["Eviscerate","Catalyst","Crippling Poison"],"picked":"SKIP","floor":14.0}],"player_experience":729803,"relics_obtained":[{"floor":6.0,"key":"Simple Rune"},{"floor":8.0,"key":"Replay:Kaleidoscope"},{"floor":9.0,"key":"aspiration:SeaSaltIceCream"},{"floor":12.0,"key":"Ninja Scroll"},{"floor":13.0,"key":"aspiration:FrozenJewel"}],"event_choices":[{"damage_healed":0.0,"max_hp_gain":5.0,"max_hp_loss":0.0,"gold_gain":0.0,"event_name":"Big Fish","player_choice":"Donut","floor":2.0,"gold_loss":0.0,"damage_taken":0.0},{"damage_healed":0.0,"max_hp_gain":0.0,"max_hp_loss":0.0,"gold_gain":0.0,"event_name":"The Woman in Blue","player_choice":"Bought 3 Potions","floor":3.0,"gold_loss":0.0,"damage_taken":0.0}],"is_beta":false,"boss_relics":[],"items_purged_floors":[],"is_endless":false,"potions_floor_spawned":[1,5,6,13,14],"killed_by":"Fading Forest","ascension_level":20}}