{"host":"cfx7gfywkfguge4j","time":1613099824,"event":{"mods":["BaseMod","Lobotomy","LobotomyExtend","Minty Spire (QoL Compilation)","Replay The Spire","Shop Mod","StSLib","The Servant 0.9.4","[IsaacMod]ÒÔÈö¼âËþ"],"gold_per_floor":[117,117,213,213,213,239,239,265,343,354,387,401,19,49,49,145,145,162,261,271,57,68,103,103,134,134,163,88,88,105,118,118,223,240,253,270,270,270,280,280,305,324,406,223,256,256,4,4,4,4,4,4,4,4,32,32,32],"floor_reached":56,"language":"ZHS","playtime":3025,"items_purged":["Strike_S","Strike_S","Strike_S","DreamingCurrent","Defend_S","Defend_S"],"score":1356,"play_id":"0d0d9ca1-acdb-48e9-ae72-623fccd7024d","local_time":"20210212111704","is_ascension_mode":true,"campfire_choices":[{"data":"Gouge","floor":7.0,"key":"SMITH"},{"floor":15.0,"key":"REST"},{"data":"SoulSculpture","floor":24.0,"key":"SMITH"},{"floor":29.0,"key":"REST"},{"data":"Initiator","floor":32.0,"key":"SMITH"},{"data":"Hightail","floor":40.0,"key":"SMITH"},{"floor":46.0,"key":"RECALL"},{"data":"Defend_S","floor":49.0,"key":"PURGE"},{"data":"SoulSculpture","floor":53.0,"key":"SMITH"}],"circlet_count":0,"master_deck":["Defend_S","KidneyShot","Exchange","BloodyBrimstone+1","ForgedInTime","BottledTime","Gouge+1","Rearm","GearUp","Unruled","Initiator+1","DoubleEdge","Sabotage","SpecialFormula","SoulSculpture+1","SoulSculpture+1","Reset+1","Ricochet+1","SilverBlades+1","Hightail+1","LightFlow+1","Sunlight","Spin+1","Defy+1"],"relics":["Uniform","HushsDoor","Chaos","CogitoBucket","RabbitCall","LetterFromLob","MysterySword","Thread and Needle","Lizard Tail","EdensBlessing","Incubus","Peace Pipe","Centennial Puzzle","Runic Pyramid","MerchantsRug","SteamSale","JudasShadow","SlaversCollar","Boot","AtMidnight","HellTrain","Guide Book","GuppysHead","GuppysTail","Orichalcum","Molten Egg 2","Shovel","Mirror","Pan","ChewingGum"],"acts_visited":["Exordium","TheCity","TheBeyond","TheEnding"],"potions_floor_usage":[56,56,56],"damage_taken":[{"damage":3.0,"enemies":"2 Louse","floor":1.0,"turns":3.0},{"damage":10.0,"enemies":"3 Sentries","floor":6.0,"turns":3.0},{"damage":0.0,"enemies":"Gremlin Nob","floor":8.0,"turns":4.0},{"damage":8.0,"enemies":"Small Slimes","floor":10.0,"turns":2.0},{"damage":0.0,"enemies":"Lagavulin","floor":11.0,"turns":5.0},{"damage":0.0,"enemies":"Jaw Worm","floor":12.0,"turns":1.0},{"damage":16.0,"enemies":"3 Sentries","floor":14.0,"turns":3.0},{"damage":0.0,"enemies":"The Guardian","floor":16.0,"turns":10.0},{"damage":27.0,"enemies":"Shell Parasite","floor":18.0,"turns":4.0},{"damage":2.0,"enemies":"Chosen","floor":20.0,"turns":5.0},{"damage":30.0,"enemies":"Centurion and Healer","floor":22.0,"turns":3.0},{"damage":23.0,"enemies":"Replay:Snechameleon","floor":23.0,"turns":5.0},{"damage":40.0,"enemies":"Slavers","floor":25.0,"turns":4.0},{"damage":26.0,"enemies":"Book of Stabbing","floor":27.0,"turns":4.0},{"damage":0.0,"enemies":"Snake Plant","floor":30.0,"turns":3.0},{"damage":38.0,"enemies":"Shelled Parasite and Fungi","floor":31.0,"turns":12.0},{"damage":0.0,"enemies":"Champ","floor":33.0,"turns":11.0},{"damage":0.0,"enemies":"3 Darklings","floor":35.0,"turns":3.0},{"damage":1.0,"enemies":"Orb Walker","floor":36.0,"turns":2.0},{"damage":0.0,"enemies":"Spire Growth","floor":39.0,"turns":2.0},{"damage":0.0,"enemies":"Nemesis","floor":41.0,"turns":1.0},{"damage":0.0,"enemies":"4 Shapes","floor":42.0,"turns":2.0},{"damage":0.0,"enemies":"Giant Head","floor":45.0,"turns":3.0},{"damage":0.0,"enemies":"Time Eater","floor":50.0,"turns":5.0},{"damage":0.0,"enemies":"Shield and Spear","floor":55.0,"turns":2.0},{"damage":14,"enemies":"Delirium","floor":56,"turns":19}],"seed_played":"-6969546363149673944","potions_obtained":[{"floor":6.0,"key":"EssenceOfSteel"},{"floor":10.0,"key":"DuplicationPotion"},{"floor":11.0,"key":"Strength Potion"},{"floor":14.0,"key":"Fire Potion"},{"floor":16.0,"key":"SkillPotion"},{"floor":18.0,"key":"Languid Potion"},{"floor":27.0,"key":"GamblersBrew"},{"floor":31.0,"key":"Adrenaline Potion"},{"floor":55.0,"key":"DistilledChaos"}],"is_trial":false,"path_per_floor":["M","?","?","?","?","E","R","E","T","M","E","M","$","E","R","B",null,"M","?","M","$","M","E","R","E","T","E","?","R","M","M","R","B",null,"M","M","?","?","M","R","E","M","T","$","E","R","$","?","R","B",null,null,"R","$","E","B"],"character_chosen":"THE_SERVANT","items_purchased":["Peace Pipe","SoulSculpture","MerchantsRug","GuppysHead","GuppysTail","EntropicBrew","Sunlight","Molten Egg 2","Mirror","Pan"],"campfire_rested":2,"item_purchase_floors":[13,17,21,34,34,34,34,44,47,47],"current_hp_per_floor":[62,62,36,40,40,30,30,30,30,22,22,22,22,6,22,56,47,29,29,47,47,23,35,35,24,24,16,16,29,44,18,18,38,3,1,1,1,1,1,1,1,1,1,1,1,1,1,1,1,1,1,1,1,1,1,0,0],"gold":32,"neow_bonus":"","is_daily":false,"chose_seed":false,"campfire_upgraded":5,"win_rate":0.0,"timestamp":1613099824,"path_taken":["M","?","?","?","?","E","R","E","T","?","E","?","$","E","R","BOSS","M","?","M","$","?","E","R","E","T","E","?","R","?","M","R","BOSS","M","M","?","?","?","R","E","M","T","$","E","R","$","?","R","BOSS","R","$","E","BOSS"],"items_purchased_type":["Relic","Card","Relic","Relic","Relic","Potion","Card","Relic","Relic","Relic"],"build_version":"2020-12-22","purchased_purges":6,"victory":false,"max_hp_per_floor":[65,65,65,65,65,62,62,62,62,62,62,59,59,56,56,56,47,47,47,47,47,47,47,47,44,44,44,44,44,44,38,38,38,3,1,1,1,1,1,1,1,1,1,1,1,1,1,1,1,1,1,1,1,1,1,1,1],"card_choices":[{"not_picked":[],"picked":"BloodyBrimstone","floor":0.0},{"not_picked":["Deadline","BestPractice"],"picked":"ForgedInTime","floor":1.0},{"not_picked":["Rewind","TimeWarp"],"picked":"BottledTime","floor":3.0},{"not_picked":["Rearm","TimeWarp"],"picked":"Gouge","floor":3.0},{"not_picked":["FastForward","TimeWarp"],"picked":"Rearm","floor":3.0},{"not_picked":["Alleviate","Desolation"],"picked":"GearUp","floor":6.0},{"not_picked":["Starlight","DualDimension"],"picked":"Unruled","floor":8.0},{"not_picked":["Freischutz","Yin"],"picked":"CherryBlossoms","floor":8.0},{"not_picked":["Defy","Rewind"],"picked":"Initiator","floor":10.0},{"not_picked":["Gouge","FastForward"],"picked":"DoubleEdge","floor":11.0},{"not_picked":["Unruled","Read"],"picked":"Sabotage","floor":12.0},{"not_picked":["Reset","ReturningBlade"],"picked":"SpecialFormula","floor":14.0},{"not_picked":["SingingMachine","Scarecrow"],"picked":"DreamingCurrent","floor":16.0},{"not_picked":["TrueSight","Deny"],"picked":"SoulSculpture","floor":16.0},{"not_picked":["Starlight","Foresight"],"picked":"Reset+1","floor":18.0},{"not_picked":["Unruled","Read","ShatteredReality"],"picked":"SKIP","floor":20.0},{"not_picked":["ResearcherNoteRelic","TreeSapRelic","BehaviorAdjustmentRelic"],"picked":"Singing Bowl","floor":22.0},{"not_picked":["Moondial","Advance","Unruled+1"],"picked":"SKIP","floor":22.0},{"not_picked":["Potential+1","Comet","Alleviate"],"picked":"SKIP","floor":23.0},{"not_picked":["Shuttle+1","ShatteredReality"],"picked":"Ricochet+1","floor":25.0},{"not_picked":["Read","FloweringNight"],"picked":"SilverBlades+1","floor":27.0},{"not_picked":["Contraction+1","SilverBlades","Read"],"picked":"SKIP","floor":30.0},{"not_picked":["Read","Deadline+1"],"picked":"Hightail","floor":31.0},{"not_picked":["FloweringNight","Dilation"],"picked":"LightFlow","floor":33.0},{"not_picked":["FastForward+1","Unruled"],"picked":"Spin+1","floor":35.0},{"not_picked":["Rewind","FastForward","Read"],"picked":"SKIP","floor":36.0},{"not_picked":["Potential","Ricochet","Replace+1"],"picked":"SKIP","floor":39.0},{"not_picked":["Replace+1","Spin","RealityMarble"],"picked":"SKIP","floor":41.0},{"not_picked":["SurpressingFire+1","FastForward","Comet"],"picked":"SKIP","floor":42.0},{"not_picked":["Unruled+1","FastForward"],"picked":"Defy+1","floor":45.0},{"not_picked":["Defy","FastForward","Potential+1"],"picked":"SKIP","floor":55.0}],"player_experience":102306,"relics_obtained":[{"floor":1.0,"key":"LetterFromLob"},{"floor":6.0,"key":"Thread and Needle"},{"floor":8.0,"key":"Lizard Tail"},{"floor":9.0,"key":"EdensBlessing"},{"floor":11.0,"key":"Incubus"},{"floor":14.0,"key":"Centennial Puzzle"},{"floor":23.0,"key":"SteamSale"},{"floor":25.0,"key":"JudasShadow"},{"floor":26.0,"key":"SlaversCollar"},{"floor":27.0,"key":"Boot"},{"floor":31.0,"key":"AtMidnight"},{"floor":41.0,"key":"Orichalcum"},{"floor":45.0,"key":"Shovel"},{"floor":55.0,"key":"ChewingGum"}],"event_choices":[{"damage_healed":0.0,"max_hp_gain":0.0,"max_hp_loss":0.0,"gold_gain":0.0,"event_name":"Big Fish","player_choice":"Box","floor":2.0,"gold_loss":0.0,"damage_taken":0.0,"relics_obtained":["MysterySword"],"cards_obtained":["Regret"]},{"cards_removed":["Regret"],"damage_healed":0.0,"max_hp_gain":0.0,"max_hp_loss":0.0,"gold_gain":0.0,"event_name":"Living Wall","player_choice":"Forget","floor":5.0,"gold_loss":0.0,"damage_taken":0.0},{"damage_healed":0.0,"max_hp_gain":0.0,"max_hp_loss":0.0,"gold_gain":99.0,"event_name":"Nest","player_choice":"Stole From Cult","floor":19.0,"gold_loss":0.0,"damage_taken":0.0},{"cards_removed":["Strike_S"],"damage_healed":0.0,"max_hp_gain":0.0,"max_hp_loss":0.0,"gold_gain":0.0,"event_name":"Beggar","player_choice":"Gave Gold","floor":28.0,"gold_loss":75.0,"damage_taken":0.0},{"damage_healed":0.0,"max_hp_gain":0.0,"max_hp_loss":0.0,"gold_gain":0.0,"event_name":"Winding Halls","player_choice":"Max HP","floor":38.0,"gold_loss":0.0,"damage_taken":0.0},{"damage_healed":0.0,"max_hp_gain":0.0,"max_hp_loss":0.0,"gold_gain":0.0,"event_name":"SensoryStone","player_choice":"Memory 1","floor":48.0,"gold_loss":0.0,"damage_taken":0.0}],"is_beta":false,"boss_relics":[{"not_picked":["Onion Ring","Iron Hammer"],"picked":"Runic Pyramid"},{"not_picked":[]},{"not_picked":["White Beast Statue","Old Coin"],"picked":"Guide Book"},{"not_picked":[]}],"items_purged_floors":[13,17,21,34,44,47],"is_endless":false,"potions_floor_spawned":[6,10,11,14,16,18,27,31,41,55],"killed_by":"Delirium","ascension_level":3}}