{"host":"i45hfqkcke4zequp","time":1613139400,"event":{"mods":["AchievementEnabler","BaseMod","Minty Spire (QoL Compilation)","Permanent Neow","Shop Mod"],"gold_per_floor":[113,113,130,148,148,148,179,190,215,215,180,210,210,210,210,287,287,274,274,274,274,3,3,3,3],"floor_reached":24,"language":"KOR","playtime":796,"items_purged":[],"score":355,"play_id":"72c76650-e34b-4777-896c-1cfb2398ac7a","local_time":"20210212231640","is_ascension_mode":true,"campfire_choices":[{"data":"Capacitor","floor":6.0,"key":"SMITH"},{"floor":10.0,"key":"REST"},{"data":"Gash","floor":15.0,"key":"SMITH"},{"data":"Apotheosis","floor":23,"key":"SMITH"}],"circlet_count":0,"master_deck":["AscendersBane","Strike_B+1","Strike_B+1","Strike_B+1","Strike_B+1","Defend_B+1","Defend_B+1","Defend_B+1","Defend_B+1","Zap+1","Dualcast+1","Capacitor+1","Gash+1","Rebound","BootSequence","Creative AI","CurseOfTheBell","Ball Lightning","Apotheosis+1"],"relics":["Cracked Core","NeowsBlessing","Boot","Juzu Bracelet","Happy Flower","Oddly Smooth Stone","Vajra","Letter Opener","Girya","MutagenicStrength","MerchantsRug"],"acts_visited":["Exordium","TheCity"],"potions_floor_usage":[],"damage_taken":[{"damage":0.0,"enemies":"Jaw Worm","floor":1.0,"turns":1.0},{"damage":0.0,"enemies":"Cultist","floor":3.0,"turns":1.0},{"damage":0.0,"enemies":"Small Slimes","floor":4.0,"turns":1.0},{"damage":20.0,"enemies":"Gremlin Nob","floor":7.0,"turns":4.0},{"damage":15.0,"enemies":"2 Fungi Beasts","floor":8.0,"turns":4.0},{"damage":40.0,"enemies":"3 Sentries","floor":12.0,"turns":8.0},{"damage":66.0,"enemies":"Slime Boss","floor":16.0,"turns":12.0},{"damage":15.0,"enemies":"2 Thieves","floor":18.0,"turns":4.0},{"damage":57,"enemies":"Gremlin Leader","floor":24,"turns":6}],"seed_played":"-5501856693185212554","potions_obtained":[{"floor":1.0,"key":"Fruit Juice"},{"floor":4.0,"key":"SteroidPotion"},{"floor":12.0,"key":"BlessingOfTheForge"},{"floor":16.0,"key":"EssenceOfSteel"},{"floor":18.0,"key":"Swift Potion"}],"is_trial":false,"path_per_floor":["M","?","M","M","?","R","E","M","T","R","?","E","?","?","R","B",null,"M","?","?","?","$","R","E"],"character_chosen":"DEFECT","items_purchased":["MerchantsRug","Apotheosis"],"campfire_rested":1,"item_purchase_floors":[22,22],"current_hp_per_floor":[68,68,68,68,68,68,53,38,38,62,80,40,90,78,78,12,71,56,56,56,56,56,56,0,0],"gold":3,"neow_bonus":"THREE_ENEMY_KILL","is_daily":false,"chose_seed":false,"campfire_upgraded":3,"win_rate":0.0,"timestamp":1613139400,"path_taken":["M","?","?","?","?","R","E","M","T","R","?","E","?","?","R","BOSS","M","?","?","?","$","R","E"],"items_purchased_type":["Relic","Card"],"build_version":"2020-12-22","purchased_purges":0,"victory":false,"max_hp_per_floor":[75,75,75,75,75,75,80,80,80,80,80,80,90,90,90,90,90,90,90,90,90,90,90,90,90],"card_choices":[{"not_picked":["Cold Snap","Leap"],"picked":"Capacitor","floor":1.0},{"not_picked":["Stack","Self Repair"],"picked":"Gash","floor":3.0},{"not_picked":["Scrape","Compile Driver"],"picked":"Rebound","floor":4.0},{"not_picked":["Rip and Tear","Melter"],"picked":"BootSequence","floor":7.0},{"not_picked":["Steam","Barrage"],"picked":"Core Surge","floor":8.0},{"not_picked":["Multi-Cast","Rebound","BootSequence"],"picked":"SKIP","floor":12.0},{"not_picked":["Rainbow","Hyperbeam"],"picked":"Creative AI","floor":16.0},{"not_picked":["Rebound","Loop+1"],"picked":"Ball Lightning","floor":18.0}],"player_experience":536817,"relics_obtained":[{"floor":7.0,"key":"Boot"},{"floor":9.0,"key":"Juzu Bracelet"},{"floor":12.0,"key":"Happy Flower"},{"floor":17.0,"key":"Vajra"},{"floor":17.0,"key":"Letter Opener"},{"floor":17.0,"key":"Girya"}],"event_choices":[{"damage_healed":0.0,"max_hp_gain":0.0,"max_hp_loss":0.0,"gold_gain":0.0,"event_name":"Upgrade Shrine","player_choice":"Upgraded","floor":2.0,"gold_loss":0.0,"damage_taken":0.0,"cards_upgraded":["Zap"]},{"damage_healed":0.0,"max_hp_gain":0.0,"max_hp_loss":0.0,"gold_gain":0.0,"event_name":"Living Wall","player_choice":"Grow","floor":5.0,"gold_loss":0.0,"damage_taken":0.0,"cards_upgraded":["Dualcast"]},{"damage_healed":20.0,"max_hp_gain":0.0,"max_hp_loss":0.0,"gold_gain":0.0,"event_name":"The Cleric","player_choice":"Healed","floor":11.0,"gold_loss":35.0,"damage_taken":0.0},{"cards_removed":["Core Surge"],"damage_healed":40.0,"max_hp_gain":10.0,"max_hp_loss":0.0,"gold_gain":0.0,"event_name":"Bonfire Elementals","player_choice":"Offered Rare","floor":13.0,"gold_loss":0.0,"damage_taken":0.0},{"damage_healed":0.0,"max_hp_gain":0.0,"max_hp_loss":0.0,"gold_gain":0.0,"event_name":"Scrap Ooze","player_choice":"Success","floor":14.0,"gold_loss":0.0,"damage_taken":12.0,"relics_obtained":["Oddly Smooth Stone"]},{"damage_healed":0.0,"max_hp_gain":0.0,"max_hp_loss":0.0,"gold_gain":0.0,"event_name":"Drug Dealer","player_choice":"Inject Mutagens","floor":19.0,"gold_loss":0.0,"damage_taken":0.0,"relics_obtained":["MutagenicStrength"]},{"damage_healed":0.0,"max_hp_gain":0.0,"max_hp_loss":0.0,"gold_gain":0.0,"event_name":"Back to Basics","player_choice":"Simplicity","floor":20.0,"gold_loss":0.0,"damage_taken":0.0,"cards_upgraded":["Strike_B","Strike_B","Strike_B","Strike_B","Defend_B","Defend_B","Defend_B","Defend_B"]},{"damage_healed":0.0,"max_hp_gain":0.0,"max_hp_loss":0.0,"gold_gain":0.0,"event_name":"Vampires","player_choice":"Ignored","floor":21.0,"gold_loss":0.0,"damage_taken":0.0}],"is_beta":false,"boss_relics":[{"not_picked":["Coffee Dripper","Pandora\u0027s Box"],"picked":"Calling Bell"}],"items_purged_floors":[],"is_endless":false,"potions_floor_spawned":[1,4,12,16,18],"killed_by":"Gremlin Leader","ascension_level":13}}