{"host":"aduepa6pof7ckcrz","time":1613113130,"event":{"mods":["Act Like it!","Arknights","Aspiration","BaseMod","CapriCore","Colored Map","Colored Powertips","Downfall","Hallownest","Hermit","Hubris","Minty Spire (QoL Compilation)","Quick Restart","Replay The Spire","Robot Space Explorer","Shop Mod","StSLib","The Bug Knight","The Marked"],"gold_per_floor":[114,127,127,137,137,137,156,156,181,181,40,68,68,14,14,109,109,124,135,135,147,0,0,0,0,0,0,12,12,28,28,28],"floor_reached":31,"language":"FRA","playtime":889,"items_purged":[],"score":233,"play_id":"54e26c36-9090-4f45-820e-5153cd67fced","local_time":"20210212075850","is_ascension_mode":false,"campfire_choices":[{"data":"HollowMod:Weaversong","floor":6,"key":"SMITH"},{"data":"HollowMod:DescendingDark","floor":8,"key":"SMITH"},{"data":"HollowMod:SiblingsShadow","floor":15,"key":"SMITH"},{"data":"HollowMod:SiblingsShadow","floor":23,"key":"SMITH"},{"data":"HollowMod:WraithStrike","floor":25,"key":"SMITH"},{"floor":29,"key":"REST"}],"circlet_count":0,"master_deck":["HollowMod:NailStrikeStart","HollowMod:NailStrikeStart","HollowMod:NailStrikeStart","HollowMod:NailStrikeStart","HollowMod:QuickDashStart","HollowMod:QuickDashStart","HollowMod:QuickDashStart","HollowMod:QuickDashStart","HollowMod:FocusHealStart","HollowMod:PogoStrike","HollowMod:Weaversong+1","HollowMod:CloakDash","HollowMod:DescendingDark+1","HollowMod:SiblingsShadow+1","HollowMod:BlackTendrils","HollowMod:SiblingsShadow+1","HollowMod:BlackTendrils","HollowMod:WraithStrike+1","HollowMod:ZotesMagnificence","HollowMod:GreatSlash+1","HollowMod:LuriensSpire","HollowMod:GrimmsGift"],"relics":["HollowMod:VesselMask","Hallownest:DreamNailRelic","Juzu Bracelet","Letter Opener","hubris:TerracottaHorce","Mirror","aspiration:DSix"],"acts_visited":["Hallownest:Greenpath","TheCity"],"potions_floor_usage":[4,12,19,31],"damage_taken":[{"damage":0,"enemies":"Hallownest:2_Baldur","floor":1,"turns":4},{"damage":0,"enemies":"Hallownest:monsterHuskWarrior","floor":2,"turns":5},{"damage":1,"enemies":"Hallownest:2_Tiktiks_and_1_Crawlid","floor":4,"turns":2},{"damage":9,"enemies":"Hallownest:Guard_and_Warrior","floor":7,"turns":3},{"damage":8,"enemies":"Hallownest:eliteVengeflyKing","floor":12,"turns":2},{"damage":37,"enemies":"Hallownest:BossBrokenVessel","floor":16,"turns":6},{"damage":0,"enemies":"Spheric Guardian","floor":18,"turns":2},{"damage":22,"enemies":"2 Thieves","floor":19,"turns":2},{"damage":13,"enemies":"Chosen and Byrds","floor":21,"turns":4},{"damage":49,"enemies":"Shelled Parasite and Fungi","floor":28,"turns":3},{"damage":37,"enemies":"Centurion and Healer","floor":30,"turns":3},{"damage":36,"enemies":"Book of Stabbing","floor":31,"turns":2}],"seed_played":"5198961744417879","potions_obtained":[{"floor":2,"key":"Adrenaline Potion"},{"floor":7,"key":"ColorlessPotion"},{"floor":16,"key":"Strength Potion"},{"floor":18,"key":"Elixir"},{"floor":21,"key":"hexamod:SoulburnPotion"}],"is_trial":false,"path_per_floor":["M","M","?","M","?","R","M","R","T","?","$","?","?","$","R","B",null,"M","M","?","M","?","R","?","R","T","T","M","R","M","E"],"character_chosen":"THE_BUGKNIGHT","items_purchased":["HollowMod:BlackTendrils","HollowMod:SiblingsShadow","HollowMod:WraithStrike"],"campfire_rested":1,"item_purchase_floors":[11,11,14],"current_hp_per_floor":[75,75,75,74,74,74,65,65,65,73,73,67,76,76,76,51,76,82,62,62,65,65,65,65,65,65,65,25,50,30,0,0],"gold":28,"neow_bonus":"ONE_RANDOM_RARE_CARD","is_daily":false,"chose_seed":false,"campfire_upgraded":5,"win_rate":0.0,"timestamp":1613113130,"path_taken":["M","M","?","M","?","R","M","R","T","?","?","?","?","$","R","BOSS","M","M","?","M","?","R","?","R","T","?","M","R","M","E"],"items_purchased_type":["Card","Card","Card"],"build_version":"2020-12-22","purchased_purges":0,"victory":false,"max_hp_per_floor":[75,75,75,75,75,75,75,75,75,75,75,75,84,84,84,84,84,84,84,84,84,84,84,84,84,84,84,84,84,84,84,84],"card_choices":[{"not_picked":["HollowMod:LifebloodCocoon","HollowMod:MothsMistake"],"picked":"HollowMod:CloakDash","floor":1},{"not_picked":["HollowMod:InfectionAssault","HollowMod:GoodIntentions"],"picked":"HollowMod:DescendingDark","floor":2},{"not_picked":["HollowMod:SiblingsSouls","HollowMod:GoodIntentions"],"picked":"HollowMod:SiblingsShadow","floor":4},{"not_picked":["HollowMod:CycloneSlash","HollowMod:HowlingWraiths","HollowMod:NewGlowingWomb"],"picked":"SKIP","floor":7},{"not_picked":["HollowMod:DesolateDive","HollowMod:DashSlash"],"picked":"HollowMod:BlackTendrils","floor":12},{"not_picked":["HollowMod:theNailsmith","HollowMod:AwokenDreamNail"],"picked":"HollowMod:ZotesMagnificence","floor":16},{"not_picked":["HollowMod:CycloneSlash","HollowMod:InfectionAssault"],"picked":"HollowMod:GreatSlash+1","floor":18},{"not_picked":["HollowMod:HuntersJournal","HollowMod:LifebloodCocoon"],"picked":"HollowMod:LuriensSpire","floor":19},{"not_picked":["HollowMod:GoodIntentions","HollowMod:InfectedCysts","HollowMod:NewLittleFool"],"picked":"SKIP","floor":21},{"not_picked":["HollowMod:SoulEater","HollowMod:NewLittleFool+1","HollowMod:BrokenVessel"],"picked":"SKIP","floor":28},{"not_picked":["HollowMod:CloakDash","HollowMod:PureNailStrike"],"picked":"HollowMod:GrimmsGift","floor":30}],"player_experience":1044413,"relics_obtained":[{"floor":9,"key":"Juzu Bracelet"},{"floor":12,"key":"Letter Opener"},{"floor":26,"key":"Mirror"},{"floor":27,"key":"aspiration:DSix"}],"event_choices":[{"damage_healed":0,"gold_gain":0,"player_choice":"Paid Fearfully","damage_taken":0,"max_hp_gain":0,"max_hp_loss":0,"event_name":"Masked Bandits","floor":22,"gold_loss":147}],"is_beta":false,"boss_relics":[{"not_picked":["hubris:Stopwatch","hubris:HollowSoul"],"picked":"hubris:TerracottaHorce"}],"items_purged_floors":[],"is_endless":false,"potions_floor_spawned":[2,7,16,18,21],"killed_by":"Book of Stabbing","ascension_level":0}}