{"host":"pqs17sqrgflf4eqa","time":1613102401,"event":{"mods":["AchievementEnabler","BaseMod","Bestiary","Better Altar","Colored Map","Colored Powertips","Emptier Cage","Googly Eyes","Highlight Path","Minty Spire (QoL Compilation)","Quick Restart","StSLib","SuperFastMode","Transform Curses","slay the spire mod where everything is the same but ironclad has a cowboy hat"],"gold_per_floor":[115,115,10,26,43,78,97,97,97,115,132,132,167,131,131,131,131],"floor_reached":16,"language":"ENG","playtime":453,"items_purged":[],"score":140,"play_id":"bec0a125-e77c-4943-9949-eb73e58a2311","local_time":"20210211230001","is_ascension_mode":true,"campfire_choices":[{"data":"Eruption","floor":8,"key":"SMITH"},{"data":"LessonLearned","floor":12,"key":"SMITH"},{"floor":15,"key":"REST"}],"circlet_count":0,"master_deck":["Strike_P","Strike_P","Strike_P","Strike_P","Defend_P","Defend_P","Defend_P","Defend_P","Eruption+1","Vigilance+1","Ragnarok","Protect","Crescendo","CarveReality","Perseverance","CutThroughFate","Evaluate","EmptyFist","FlyingSleeves","LessonLearned+1","ClearTheMind"],"relics":["PureWater","Eternal Feather","Question Card","Blue Candle"],"acts_visited":["Exordium"],"potions_floor_usage":[5,6,7],"damage_taken":[{"damage":0,"enemies":"2 Louse","floor":1,"turns":1},{"damage":16,"enemies":"Small Slimes","floor":4,"turns":2},{"damage":2,"enemies":"Jaw Worm","floor":5,"turns":2},{"damage":7,"enemies":"Lagavulin","floor":6,"turns":5},{"damage":10,"enemies":"Exordium Wildlife","floor":7,"turns":4},{"damage":5,"enemies":"Blue Slaver","floor":10,"turns":2},{"damage":11,"enemies":"Lots of Slimes","floor":11,"turns":3},{"damage":40,"enemies":"3 Sentries","floor":13,"turns":9},{"damage":36,"enemies":"Hexaghost","floor":16,"turns":9}],"seed_played":"-3171054360876877377","potions_obtained":[{"floor":4,"key":"SpeedPotion"},{"floor":5,"key":"DistilledChaos"},{"floor":6,"key":"DistilledChaos"},{"floor":10,"key":"Swift Potion"}],"is_trial":false,"path_per_floor":["M","?","$","M","M","E","M","R","T","M","M","R","E","?","R","B"],"character_chosen":"WATCHER","items_purchased":["Crescendo","CarveReality"],"campfire_rested":1,"item_purchase_floors":[3,3],"current_hp_per_floor":[72,72,72,56,54,47,37,46,46,41,30,42,2,2,35,0,0],"gold":131,"neow_bonus":"ONE_RANDOM_RARE_CARD","is_daily":false,"chose_seed":false,"campfire_upgraded":2,"win_rate":0.0,"timestamp":1613102401,"path_taken":["M","?","$","M","M","E","M","R","T","M","M","R","E","?","R","BOSS"],"items_purchased_type":["Card","Card"],"build_version":"2020-12-22","purchased_purges":0,"victory":false,"max_hp_per_floor":[72,72,72,72,72,72,72,72,72,72,72,72,72,72,72,72,72],"card_choices":[{"not_picked":["Prostrate","Evaluate"],"picked":"Protect","floor":1},{"not_picked":["EmptyFist","JustLucky"],"picked":"Perseverance","floor":4},{"not_picked":["Pray","Vengeance"],"picked":"CutThroughFate","floor":5},{"not_picked":["SignatureMove","Wish"],"picked":"Evaluate","floor":6},{"not_picked":["Adaptation","FlurryOfBlows"],"picked":"EmptyFist","floor":7},{"not_picked":["Prostrate","Wireheading","FollowUp"],"picked":"FlyingSleeves","floor":10},{"not_picked":["Prostrate","ForeignInfluence","Swivel"],"picked":"LessonLearned","floor":11},{"not_picked":["Crescendo","FlurryOfBlows","SashWhip"],"picked":"ClearTheMind","floor":13}],"player_experience":167570,"relics_obtained":[{"floor":6,"key":"Eternal Feather"},{"floor":9,"key":"Question Card"},{"floor":13,"key":"Blue Candle"}],"event_choices":[{"damage_healed":0,"gold_gain":0,"player_choice":"Leave","damage_taken":0,"max_hp_gain":0,"max_hp_loss":0,"event_name":"The Cleric","floor":2,"gold_loss":0},{"damage_healed":0,"gold_gain":0,"player_choice":"Left Gold","damage_taken":0,"max_hp_gain":0,"max_hp_loss":0,"event_name":"World of Goop","floor":14,"gold_loss":36}],"is_beta":false,"boss_relics":[],"items_purged_floors":[],"is_endless":false,"potions_floor_spawned":[4,5,6,10],"killed_by":"Hexaghost","ascension_level":5}}