{"host":"nsc6ozq3atyrdr3m","time":1613165806,"event":{"mods":["BaseMod","Colored Map","Minty Spire (QoL Compilation)"],"gold_per_floor":[117,117,117,117,117,152,152,177,232,253,297,322,322,80,80,200,200,219,144,132,145,74,74,74,74,74,74,74,107,107,121,121,244,244,263,286,302,302,47,90,90,90],"floor_reached":41,"language":"FRA","playtime":1182,"items_purged":["Strike_B"],"score":547,"play_id":"6b7b49f3-7d2f-4fa2-b079-4cb98c971abc","local_time":"20210212223646","is_ascension_mode":true,"campfire_choices":[{"data":"Consume","floor":7,"key":"SMITH"},{"data":"Hyperbeam","floor":13,"key":"SMITH"},{"data":"Storm","floor":15,"key":"SMITH"},{"floor":23,"key":"REST"},{"floor":24,"key":"REST"},{"data":"Defragment","floor":28,"key":"SMITH"},{"floor":30,"key":"REST"},{"floor":32,"key":"REST"}],"circlet_count":0,"master_deck":["Strike_B+1","Strike_B+1","Defend_B","Defend_B","Defend_B","Defend_B","Zap","Dualcast","Capacitor+1","Consume+1","Cold Snap","Storm+1","Hyperbeam+1","Undo","Electrodynamics","Coolheaded","Static Discharge","Force Field","Defragment+1","White Noise","Glacier","Steam+1","Loop+1","White Noise+1"],"relics":["FrozenCore","NeowsBlessing","Golden Idol","Singing Bowl","Tiny Chest","Gremlin Horn","Whetstone","Nloth\u0027s Gift","Omamori","Philosopher\u0027s Stone","Runic Capacitor","Question Card"],"acts_visited":["Exordium","TheCity","TheBeyond"],"potions_floor_usage":[29,33,40,41],"damage_taken":[{"damage":0,"enemies":"2 Louse","floor":1,"turns":1},{"damage":0,"enemies":"3 Sentries","floor":6,"turns":1},{"damage":0,"enemies":"Small Slimes","floor":8,"turns":1},{"damage":1,"enemies":"Cultist","floor":10,"turns":3},{"damage":3,"enemies":"Lagavulin","floor":11,"turns":8},{"damage":7,"enemies":"2 Fungi Beasts","floor":12,"turns":3},{"damage":33,"enemies":"Slime Boss","floor":16,"turns":7},{"damage":5,"enemies":"Shell Parasite","floor":18,"turns":11},{"damage":24,"enemies":"2 Thieves","floor":20,"turns":4},{"damage":34,"enemies":"Snecko","floor":21,"turns":6},{"damage":25,"enemies":"Slavers","floor":29,"turns":2},{"damage":21,"enemies":"Sentry and Sphere","floor":31,"turns":6},{"damage":24,"enemies":"Champ","floor":33,"turns":12},{"damage":22,"enemies":"3 Darklings","floor":35,"turns":2},{"damage":27,"enemies":"3 Shapes","floor":36,"turns":4},{"damage":20,"enemies":"Writhing Mass","floor":37,"turns":6},{"damage":0,"enemies":"Giant Head","floor":40,"turns":10},{"damage":38,"enemies":"3 Darklings","floor":41,"turns":2}],"seed_played":"7830599616972560713","potions_obtained":[{"floor":1,"key":"FearPotion"},{"floor":5,"key":"DistilledChaos"},{"floor":5,"key":"CultistPotion"},{"floor":10,"key":"FocusPotion"},{"floor":29,"key":"Strength Potion"},{"floor":31,"key":"FocusPotion"},{"floor":36,"key":"Fire Potion"}],"is_trial":false,"path_per_floor":["M","?","?","?","?","E","R","M","T","M","E","M","R","$","R","B",null,"M","$","M","M","$","R","R","?","T","?","R","E","R","M","R","B",null,"M","M","M","?","$","E","M"],"character_chosen":"DEFECT","items_purchased":["Gremlin Horn","Defragment","FairyPotion","Runic Capacitor"],"campfire_rested":4,"item_purchase_floors":[14,22,39,39],"current_hp_per_floor":[75,68,68,68,68,68,68,68,68,67,64,57,57,57,57,24,69,64,64,40,6,6,26,46,46,46,46,46,23,44,23,44,22,73,51,24,4,4,4,4,0,0],"gold":90,"neow_bonus":"THREE_ENEMY_KILL","is_daily":false,"chose_seed":false,"campfire_upgraded":4,"win_rate":0.0,"timestamp":1613165806,"path_taken":["M","?","?","?","?","E","R","?","T","M","E","M","R","$","R","BOSS","M","$","M","M","$","R","R","?","T","?","R","E","R","M","R","BOSS","M","M","M","?","$","E","M"],"items_purchased_type":["Relic","Card","Potion","Relic"],"build_version":"2020-12-22","purchased_purges":1,"victory":false,"max_hp_per_floor":[75,75,75,69,69,69,69,69,69,69,69,69,69,69,69,69,69,69,69,69,69,69,69,69,69,69,69,69,71,71,71,71,73,73,73,73,73,73,73,73,73,73],"card_choices":[{"not_picked":["BootSequence","Heatsinks"],"picked":"Capacitor","floor":1},{"not_picked":["BootSequence","Gash"],"picked":"Consume","floor":6},{"not_picked":["Fusion","Steam"],"picked":"Cold Snap","floor":8},{"not_picked":["Hologram","Steam Power"],"picked":"Storm","floor":10},{"not_picked":["Sweeping Beam","Ball Lightning"],"picked":"Hyperbeam","floor":11},{"not_picked":["Hologram","Leap"],"picked":"Undo","floor":12},{"not_picked":["Core Surge","Reboot"],"picked":"Electrodynamics","floor":16},{"not_picked":["Storm","Streamline"],"picked":"Coolheaded","floor":18},{"not_picked":["Go for the Eyes","BootSequence"],"picked":"Static Discharge","floor":20},{"not_picked":["Melter","Steam"],"picked":"Force Field","floor":21},{"not_picked":["Beam Cell+1","Blizzard+1","Darkness+1"],"picked":"Singing Bowl","floor":29},{"not_picked":["Genetic Algorithm+1","Steam"],"picked":"White Noise","floor":31},{"not_picked":["Amplify","Meteor Strike","Core Surge"],"picked":"Singing Bowl","floor":33},{"not_picked":["Turbo+1","Force Field+1"],"picked":"Glacier","floor":35},{"not_picked":["Go for the Eyes","FTL"],"picked":"Steam+1","floor":36},{"not_picked":["Rip and Tear","Hologram"],"picked":"Loop+1","floor":37},{"not_picked":["Aggregate","Double Energy+1"],"picked":"White Noise+1","floor":40}],"player_experience":402132,"relics_obtained":[{"floor":6,"key":"Singing Bowl"},{"floor":9,"key":"Tiny Chest"},{"floor":11,"key":"WingedGreaves"},{"floor":26,"key":"Whetstone"},{"floor":29,"key":"Omamori"},{"floor":40,"key":"Question Card"}],"event_choices":[{"cards_removed":["Strike_B"],"damage_healed":0,"gold_gain":0,"player_choice":"Card Removal","damage_taken":7,"max_hp_gain":0,"max_hp_loss":0,"event_name":"Golden Wing","floor":2,"gold_loss":0},{"damage_healed":0,"gold_gain":0,"player_choice":"Grow","damage_taken":0,"max_hp_gain":0,"max_hp_loss":0,"event_name":"Living Wall","floor":3,"gold_loss":0,"cards_upgraded":["Capacitor"]},{"damage_healed":0,"gold_gain":0,"player_choice":"Lose Max HP","damage_taken":0,"relics_obtained":["Golden Idol"],"max_hp_gain":0,"max_hp_loss":6,"event_name":"Golden Idol","floor":4,"gold_loss":0},{"damage_healed":0,"gold_gain":0,"player_choice":"Got Potions","damage_taken":0,"max_hp_gain":0,"max_hp_loss":0,"event_name":"Lab","floor":5,"gold_loss":0},{"damage_healed":0,"gold_gain":0,"player_choice":"Ignored","damage_taken":0,"max_hp_gain":0,"max_hp_loss":0,"event_name":"Vampires","floor":25,"gold_loss":0},{"damage_healed":0,"gold_gain":0,"player_choice":"Traded Relic","damage_taken":0,"relics_obtained":["Nloth\u0027s Gift"],"max_hp_gain":0,"max_hp_loss":0,"event_name":"N\u0027loth","floor":27,"relics_lost":["WingedGreaves"],"gold_loss":0},{"damage_healed":0,"gold_gain":0,"player_choice":"Ignored","damage_taken":0,"max_hp_gain":0,"max_hp_loss":0,"event_name":"Transmorgrifier","floor":38,"gold_loss":0}],"is_beta":false,"boss_relics":[{"not_picked":["Snecko Eye","Fusion Hammer"],"picked":"FrozenCore"},{"not_picked":["Empty Cage","Tiny House"],"picked":"Philosopher\u0027s Stone"}],"items_purged_floors":[19],"is_endless":false,"potions_floor_spawned":[1,10,11,16,18,21,29,31,36],"killed_by":"3 Darklings","ascension_level":2}}