{"host":"rg29p8m4aqjozpzt","time":1613156078,"event":{"mods":["100% Spire Juice","Aspiration","Bartender","BaseMod","Beaked The Cultist","Better Altar","Better Match","Better Sensory Stone","Better Skull","Better Third Choice","BetterRewards","Chen","Colored Powertips","Conspire","Downfall","Friendly Minions","Hermit","Hubris","JesterMod","Magitek Elite","Minty Spire (QoL Compilation)","Permanent Neow","Prisma Mod","QueenMod","Quick Restart","Relic Filter","Reorder Act Four","Shade Mod","StSLib","SuperFastMode","The Alterego","The Marked","The Runesmith","Unceasing Turn Reminder"],"gold_per_floor":[116,116,136,154,169,169,186,186,209,209,229,229,245,245,245,347,347,367,381,381,99,116,116,126,126,153,9,41,53,67,99,99,198,198,213,230,330,343,354,354,389,389,413,413,433,50,62,88,88,88],"floor_reached":51,"language":"ENG","playtime":3266,"items_purged":["Moonworks:Strike","Moonworks:Strike"],"score":793,"play_id":"e032578c-9bad-4046-963c-149846841679","local_time":"20210212195438","is_ascension_mode":false,"campfire_choices":[{"data":"Moonworks:CloudOfSeagulls","floor":6,"key":"SMITH"},{"data":"Moonworks:EvilSpyWorkPreparation","floor":8,"key":"SMITH"},{"data":"Moonworks:EvilSpyWorkPreparation+1","floor":12,"key":"SMITH"},{"data":"Moonworks:NicePresent","floor":15,"key":"SMITH"},{"data":"Moonworks:IndiscriminateFireSupport","floor":23,"key":"SMITH"},{"data":"Moonworks:EvilSpyWorkPreparation+2","floor":25,"key":"SMITH"},{"data":"Moonworks:HolyNight","floor":32,"key":"SMITH"},{"data":"Moonworks:AwakeningOfTalent","floor":40,"key":"SMITH"},{"data":"Moonworks:Ambush","floor":42,"key":"SMITH"},{"data":"Moonworks:EvilSpyWorkPreparation+3","floor":49,"key":"SMITH"}],"circlet_count":0,"master_deck":["Moonworks:Strike","Moonworks:Defend","Moonworks:Defend","Moonworks:Defend","Moonworks:Defend","Moonworks:Ambush+1","Moonworks:LongDistanceShot","Moonworks:NicePresent+1","Moonworks:JonathanRush","Moonworks:EvilSpyWorkPreparation+4","Moonworks:JonathanRush","Moonworks:IndiscriminateFireSupport+1","Moonworks:CloudOfSeagulls+1","Moonworks:JonathanRush","Moonworks:ReflectiveShell","Moonworks:NicePresent+1","Moonworks:CloudOfSeagulls","Moonworks:JonathanRush","Moonworks:JonathanRush","Moonworks:ReproductionOfRecords","Moonworks:HolyNight+1","Moonworks:SakisCookie+1","Moonworks:SweetBattle","Moonworks:AnotherUltimateWeapon","Moonworks:AnotherUltimateWeapon","Moonworks:AwakeningOfTalent+1","Moonworks:NicePresent+1","Moonworks:ExtendedPhotonRifle+1","Moonworks:StarBlastingFuse","Moonworks:JonathanRush","Moonworks:RagingMadness","Moonworks:JonathanRush","Moonworks:Bloodlust+1"],"relics":["Moonworks:BrokenBomb","Moonworks:Homemark","aspiration:Nostalgia","beaked:MendingPlumage","conspire:InfiniteJournal","aspiration:MobileForge","Cleaning_Rag","aspiration:ChemicalBlood","Bag of Preparation","Mercury Hourglass","Golden_Hairpin","Choco_Feather","Centennial Puzzle","Membership Card","Runesmith:AutoHammer","Toy Ornithopter","Boot"],"acts_visited":["Exordium","TheCity","TheBeyond"],"potions_floor_usage":[16,16,22,28,28,29,29,30,31,31,33,35,48,48,50,50],"damage_taken":[{"damage":0,"enemies":"Jaw Worm","floor":1,"turns":3},{"damage":0,"enemies":"Cultist","floor":3,"turns":3},{"damage":0,"enemies":"2 Louse","floor":4,"turns":2},{"damage":4,"enemies":"Gremlin Gang","floor":5,"turns":3},{"damage":0,"enemies":"2 Fungi Beasts","floor":7,"turns":2},{"damage":6,"enemies":"Red Slaver","floor":11,"turns":2},{"damage":5,"enemies":"Blue Slaver","floor":13,"turns":3},{"damage":24,"enemies":"Hexaghost","floor":16,"turns":9},{"damage":0,"enemies":"Chosen","floor":18,"turns":3},{"damage":0,"enemies":"Spheric Guardian","floor":19,"turns":3},{"damage":42,"enemies":"Snecko","floor":22,"turns":6},{"damage":2,"enemies":"Centurion and Healer","floor":24,"turns":4},{"damage":54,"enemies":"Slavers","floor":28,"turns":5},{"damage":28,"enemies":"Snake Plant","floor":29,"turns":4},{"damage":10,"enemies":"Cultist and Chosen","floor":30,"turns":3},{"damage":39,"enemies":"Book of Stabbing","floor":31,"turns":4},{"damage":61,"enemies":"Champ","floor":33,"turns":7},{"damage":4,"enemies":"Orb Walker","floor":35,"turns":3},{"damage":0,"enemies":"3 Shapes","floor":36,"turns":3},{"damage":21,"enemies":"Sphere and 2 Shapes","floor":38,"turns":4},{"damage":0,"enemies":"Transient","floor":39,"turns":5},{"damage":0,"enemies":"Giant Head","floor":41,"turns":5},{"damage":0,"enemies":"Spire Growth","floor":45,"turns":3},{"damage":0,"enemies":"3 Darklings","floor":47,"turns":2},{"damage":23,"enemies":"Reptomancer","floor":48,"turns":4},{"damage":40,"enemies":"Awakened One","floor":50,"turns":8}],"seed_played":"-6768232441734140013","potions_obtained":[{"floor":19,"key":"LiquidMemories"},{"floor":28,"key":"EssenceOfSteel"},{"floor":29,"key":"Dexterity Potion"},{"floor":29,"key":"LiquidBronze"},{"floor":30,"key":"LiquidMemories"},{"floor":31,"key":"sneckomod:MuddlingPotion"},{"floor":33,"key":"Guardian:BlockOnCardUsePotion"},{"floor":33,"key":"SkillPotion"},{"floor":33,"key":"PowerPotion"},{"floor":35,"key":"EssenceOfSteel"},{"floor":35,"key":"DuplicationPotion"},{"floor":48,"key":"Swift Potion"},{"floor":48,"key":"Block Potion"},{"floor":50,"key":"Fire Potion"},{"floor":50,"key":"Fire Potion"}],"is_trial":false,"path_per_floor":["M","?","M","M","M","R","M","R","T","T","M","R","M","?","R","B",null,"M","M","?","$","M","R","M","R","T","$","E","M","M","E","R","B",null,"M","M","?","M","M","R","E","R","T","?","M","$","M","E","R","B",null],"character_chosen":"THE_STARBREAKER","items_purchased":["aspiration:Nostalgia","Moonworks:NicePresent","Moonworks:JonathanRush","Strength Potion","Dexterity Potion","Dexterity Potion","Cleaning_Rag","Moonworks:JonathanRush","Moonworks:HolyNight","Membership Card","Runesmith:AutoHammer","Toy Ornithopter","Moonworks:RagingMadness"],"campfire_rested":0,"item_purchase_floors":[0,0,0,0,0,0,21,21,27,46,46,46,46],"current_hp_per_floor":[45,60,60,60,60,60,60,60,60,60,58,58,60,60,60,51,60,60,60,60,60,27,27,53,53,53,53,33,30,42,58,58,13,60,60,60,60,57,60,60,60,60,60,60,60,60,60,60,60,60],"gold":88,"neow_bonus":"","is_daily":false,"chose_seed":false,"campfire_upgraded":10,"win_rate":0.0,"timestamp":1613156078,"path_taken":["M","?","M","M","?","R","M","R","T","?","M","R","?","?","R","BOSS","M","?","?","$","M","R","M","R","T","$","E","?","M","E","R","BOSS","M","M","?","?","?","R","E","R","T","?","?","$","M","E","R","BOSS"],"items_purchased_type":["Relic","Card","Card","Potion","Potion","Potion","Relic","Card","Card","Relic","Relic","Relic","Card"],"build_version":"2020-12-22","purchased_purges":2,"victory":true,"max_hp_per_floor":[60,60,60,60,60,60,60,60,60,60,60,60,60,60,60,60,60,60,60,60,60,60,60,60,60,60,60,60,60,60,60,60,60,60,60,60,60,60,60,60,60,60,60,60,60,60,60,60,60,60],"card_choices":[{"not_picked":["Moonworks:RagingMadness","Moonworks:ScrambledEve"],"picked":"Moonworks:EvilSpyWorkPreparation","floor":1},{"not_picked":["Moonworks:Assault","Moonworks:RagingMadness"],"picked":"Moonworks:JonathanRush","floor":3},{"not_picked":["Moonworks:WindyEnchantment","Moonworks:NicePresent"],"picked":"Moonworks:IndiscriminateFireSupport","floor":4},{"not_picked":["Moonworks:NicePresent","Moonworks:LulusLuckyEgg"],"picked":"Moonworks:CloudOfSeagulls","floor":5},{"not_picked":["Moonworks:BigMagnum","Moonworks:LulusLuckyEgg","Moonworks:Dinner"],"picked":"SKIP","floor":7},{"not_picked":["Moonworks:ImmovableObject","Moonworks:IndiscriminateFireSupport","Moonworks:ExtendedPhotonRifle"],"picked":"SKIP","floor":11},{"not_picked":["Moonworks:Dash","Moonworks:DeployBits"],"picked":"Moonworks:JonathanRush","floor":13},{"not_picked":["Moonworks:Wanted","Moonworks:EvilMastermind"],"picked":"Moonworks:ReflectiveShell","floor":16},{"not_picked":["Moonworks:BigMagnum+1","Moonworks:CloudOfSeagulls"],"picked":"Moonworks:NicePresent+1","floor":18},{"not_picked":["Moonworks:LuckyCharm","Moonworks:NicePresent"],"picked":"Moonworks:CloudOfSeagulls","floor":19},{"not_picked":["Moonworks:IndiscriminateFireSupport","Moonworks:DeployBits+1"],"picked":"Moonworks:JonathanRush","floor":22},{"not_picked":["Moonworks:Dash","Moonworks:SakisCookie"],"picked":"Moonworks:ReproductionOfRecords","floor":24},{"not_picked":["Moonworks:IndiscriminateFireSupport","Moonworks:CompletionReward+1","Moonworks:ImmovableObject"],"picked":"SKIP","floor":28},{"not_picked":["Moonworks:DeployBits","Moonworks:CloudOfSeagulls"],"picked":"Moonworks:SakisCookie+1","floor":29},{"not_picked":["Moonworks:Heat300Percent","Moonworks:SakisCookie"],"picked":"Moonworks:SweetBattle","floor":30},{"not_picked":["Moonworks:UnluckyCharm+1","Moonworks:IntelligenceOfficer"],"picked":"Moonworks:AnotherUltimateWeapon","floor":31},{"not_picked":["Moonworks:AccelHyper","Moonworks:FinalBattle"],"picked":"Moonworks:AnotherUltimateWeapon","floor":33},{"not_picked":["Moonworks:NicePresent+1","Moonworks:Assault"],"picked":"Moonworks:AwakeningOfTalent","floor":35},{"not_picked":["Moonworks:SakisCookie","Moonworks:Heat300Percent"],"picked":"Moonworks:NicePresent+1","floor":36},{"not_picked":["Moonworks:TacticalRetreat+1","Moonworks:Assault+1"],"picked":"Moonworks:ExtendedPhotonRifle+1","floor":38},{"not_picked":["Moonworks:UnluckyCharm","Moonworks:ExtendedPhotonRifle+1","Moonworks:EvilSpyWorkPreparation"],"picked":"SKIP","floor":39},{"not_picked":["Moonworks:BigMagnum+1","Moonworks:LulusLuckyEgg"],"picked":"Moonworks:StarBlastingFuse","floor":41},{"not_picked":["Moonworks:ImOnFire+1","Moonworks:SakisCookie+1"],"picked":"Moonworks:JonathanRush","floor":45},{"not_picked":["Moonworks:BigMagnum","Moonworks:Flamethrower+1"],"picked":"Moonworks:JonathanRush","floor":47},{"not_picked":["Moonworks:FinalSurgery","Moonworks:ImOnFire+1"],"picked":"Moonworks:Bloodlust+1","floor":48}],"player_experience":1547512,"relics_obtained":[{"floor":10,"key":"conspire:InfiniteJournal"},{"floor":26,"key":"aspiration:ChemicalBlood"},{"floor":28,"key":"Bag of Preparation"},{"floor":31,"key":"Mercury Hourglass"},{"floor":41,"key":"Choco_Feather"},{"floor":43,"key":"Centennial Puzzle"},{"floor":48,"key":"Boot"}],"event_choices":[{"damage_healed":15,"gold_gain":0,"player_choice":"Full Heal","damage_taken":0,"max_hp_gain":0,"max_hp_loss":0,"event_name":"Wheel of Change","floor":2,"gold_loss":0},{"damage_healed":0,"gold_gain":0,"player_choice":"Ignored","damage_taken":0,"max_hp_gain":0,"max_hp_loss":0,"event_name":"NoteForYourself","floor":14,"gold_loss":0},{"damage_healed":0,"gold_gain":100,"player_choice":"Pray","damage_taken":0,"max_hp_gain":0,"max_hp_loss":0,"event_name":"Golden Shrine","floor":37,"gold_loss":0},{"cards_removed":["Moonworks:Strike"],"damage_healed":0,"gold_gain":0,"player_choice":"Purged","damage_taken":0,"max_hp_gain":0,"max_hp_loss":0,"event_name":"Purifier","floor":44,"gold_loss":0}],"is_beta":false,"boss_relics":[{"not_picked":["Runic Dome","Cursed Key"],"picked":"aspiration:MobileForge"},{"not_picked":["Tiny House","aspiration:DefectSkillbook"],"picked":"Golden_Hairpin"}],"items_purged_floors":[21,46],"is_endless":false,"potions_floor_spawned":[4,5,7,19,28,29,35,41,45],"ascension_level":0}}