{"host":"d61fcf2p3sjwe6yo","time":1613133818,"event":{"mods":["BaseMod","Colored Map","Koishi","Marisa????????","Minty Spire (QoL Compilation)","StSLib","SuperFastMode","The Servant 0.9.4"],"gold_per_floor":[112,187,203,128,142,142,155,155,155,155,169,169,184,199,199,199,199],"floor_reached":16,"language":"ENG","playtime":677,"items_purged":[],"score":188,"play_id":"692c2cb0-3e86-499a-8f40-949427f3c396","local_time":"20210212154338","is_ascension_mode":true,"campfire_choices":[{"data":"FloweringNight","floor":6,"key":"SMITH"},{"data":"Spin","floor":10,"key":"SMITH"},{"data":"Exchange","floor":12,"key":"SMITH"},{"floor":15,"key":"REST"}],"circlet_count":0,"master_deck":["AscendersBane","Strike_S","Strike_S","Strike_S","Strike_S","Defend_S","Defend_S","Defend_S","Defend_S","Exchange+1","Spin+1","FloweringNight+1","Sabotage","FastForward"],"relics":["StoneMask"],"acts_visited":["Exordium"],"potions_floor_usage":[7,11,16,16],"damage_taken":[{"damage":10,"enemies":"Small Slimes","floor":1,"turns":6},{"damage":12,"enemies":"Jaw Worm","floor":3,"turns":7},{"damage":2,"enemies":"Cultist","floor":5,"turns":4},{"damage":12,"enemies":"Lots of Slimes","floor":7,"turns":2},{"damage":27,"enemies":"Exordium Thugs","floor":11,"turns":6},{"damage":9,"enemies":"Red Slaver","floor":13,"turns":4},{"damage":6,"enemies":"Looter","floor":14,"turns":3},{"damage":9,"enemies":"The Guardian","floor":16,"turns":13}],"seed_played":"-8763890723650852464","potions_obtained":[{"floor":1,"key":"SteroidPotion"},{"floor":7,"key":"LiquidBronze"},{"floor":8,"key":"GamblersBrew"},{"floor":11,"key":"FearPotion"},{"floor":14,"key":"EssenceOfSteel"}],"is_trial":false,"path_per_floor":["M","?","M","?","M","R","M","?","T","R","M","R","M","M","R","B"],"character_chosen":"THE_SERVANT","items_purchased":[],"campfire_rested":1,"item_purchase_floors":[],"current_hp_per_floor":[50,39,30,30,31,31,34,34,34,34,13,13,7,4,25,16,16],"gold":199,"neow_bonus":"BOSS_RELIC","is_daily":false,"chose_seed":false,"campfire_upgraded":3,"win_rate":0.0,"timestamp":1613133818,"path_taken":["M","?","M","?","M","R","M","?","T","R","M","R","?","M","R","BOSS"],"items_purchased_type":[],"build_version":"2020-12-22","purchased_purges":0,"victory":false,"max_hp_per_floor":[62,62,63,63,64,64,69,69,69,69,71,71,72,73,73,73,73],"card_choices":[{"not_picked":["ShatteredReality","Moonlight","Unruled"],"picked":"SKIP","floor":1},{"not_picked":["DoubleEdge","Alleviate"],"picked":"Spin","floor":3},{"not_picked":["Shuttle","Comet"],"picked":"FloweringNight","floor":5},{"not_picked":["Ricochet","Revamp","FanOfKnives"],"picked":"SKIP","floor":7},{"not_picked":["SurpressingFire","Unruled","Ricochet"],"picked":"SKIP","floor":11},{"not_picked":["Unruled","Moonlight"],"picked":"Sabotage","floor":13},{"not_picked":["Rearm","Rewind"],"picked":"FastForward","floor":14}],"player_experience":339855,"relics_obtained":[],"event_choices":[{"damage_healed":0,"gold_gain":75,"player_choice":"Gather Gold","damage_taken":11,"max_hp_gain":0,"max_hp_loss":0,"event_name":"World of Goop","floor":2,"gold_loss":0},{"cards_removed":["KidneyShot"],"damage_healed":0,"gold_gain":0,"player_choice":"Card Removal","damage_taken":0,"max_hp_gain":0,"max_hp_loss":0,"event_name":"The Cleric","floor":4,"gold_loss":75},{"damage_healed":0,"gold_gain":0,"player_choice":"Got Potions","damage_taken":0,"max_hp_gain":0,"max_hp_loss":0,"event_name":"Lab","floor":8,"gold_loss":0}],"is_beta":false,"boss_relics":[],"items_purged_floors":[],"is_endless":false,"potions_floor_spawned":[1,7,11,14],"killed_by":"The Guardian","ascension_level":20}}