{"host":"mwb0clku6crgv6yl","time":1613098181,"event":{"mods":["AchievementEnabler","BaseMod","Highlight Path","Koishi","Minty Spire (QoL Compilation)","Replay The Spire","StSLib","The Construct","The Cursed","The Gatherer","The Hierophant"],"gold_per_floor":[119,136,146,112,129,159,177,177,245,245,5,23,23,40,121,226,226,239,251,65,80,5,5,33,33,33,61,71,71,71],"floor_reached":29,"language":"ZHS","playtime":1603,"items_purged":["TheCursedMod:Defend_TheCursed"],"score":374,"play_id":"c1a0f4a1-4474-4058-9626-7bba9d7aa01b","local_time":"20210212104941","is_ascension_mode":true,"campfire_choices":[{"floor":10.0,"key":"REST"},{"floor":23.0,"key":"REST"},{"floor":25.0,"key":"REST"}],"circlet_count":0,"master_deck":["TheCursedMod:Strike_TheCursed","TheCursedMod:Strike_TheCursed","TheCursedMod:Defend_TheCursed","TheCursedMod:Defend_TheCursed","TheCursedMod:Defend_TheCursed","TheCursedMod:CursedWand","TheCursedMod:CleanUpWorkshop","AbeCurse","TheCursedMod:TroublousMinions","TheCursedMod:CursedStaff","TheCursedMod:SpitefulPlan","TheCursedMod:SaltUponWound","TheCursedMod:ShockAndAwe","TheCursedMod:CursedBlade","TheCursedMod:CircleOfFlame","TheCursedMod:SmokeScreen","TheCursedMod:CircleOfAbyss","TheCursedMod:WearCloak","TheCursedMod:WearCloak","TheCursedMod:SaltUponWound+1","TheCursedMod:RapidMovement+1","TheCursedMod:SmokeScreen+1","Sickly","TheCursedMod:AntiAging"],"relics":["Abe\u0027s Treasure","Dream Catcher","Replay:Bottled Steam","Onion Ring","Cursed Key","Membership Card","Counterbalance","ReplayTheSpireMod:Ninjato","ReplayTheSpireMod:TigerMarble"],"acts_visited":["Exordium","TheCity"],"potions_floor_usage":[29,29,29],"damage_taken":[{"damage":2.0,"enemies":"Cultist","floor":1.0,"turns":4.0},{"damage":0.0,"enemies":"Jaw Worm","floor":2.0,"turns":4.0},{"damage":0.0,"enemies":"2 Louse","floor":3.0,"turns":2.0},{"damage":7.0,"enemies":"Gremlin Gang","floor":5.0,"turns":5.0},{"damage":14.0,"enemies":"3 Sentries","floor":6.0,"turns":8.0},{"damage":0.0,"enemies":"Lots of Slimes","floor":7.0,"turns":5.0},{"damage":0.0,"enemies":"3 Louse","floor":12.0,"turns":4.0},{"damage":9.0,"enemies":"2 Fungi Beasts","floor":14.0,"turns":3.0},{"damage":34.0,"enemies":"Fading Forest","floor":16.0,"turns":11.0},{"damage":2.0,"enemies":"Shell Parasite","floor":18.0,"turns":4.0},{"damage":10.0,"enemies":"Spheric Guardian","floor":19.0,"turns":5.0},{"damage":18.0,"enemies":"Snake Plant","floor":21.0,"turns":4.0},{"damage":20.0,"enemies":"Book of Stabbing","floor":24.0,"turns":4.0},{"damage":18.0,"enemies":"Slavers","floor":27.0,"turns":9.0},{"damage":35.0,"enemies":"Centurion and Healer","floor":28.0,"turns":3.0},{"damage":12,"enemies":"Book of Stabbing","floor":29,"turns":3}],"seed_played":"8651794498603741099","potions_obtained":[{"floor":5.0,"key":"DistilledChaos"},{"floor":6.0,"key":"Death Potion"},{"floor":12.0,"key":"Weak Potion"},{"floor":14.0,"key":"GamblersBrew"},{"floor":24.0,"key":"Dexterity Potion"},{"floor":27.0,"key":"LiquidBronze"},{"floor":28.0,"key":"Dexterity Potion"}],"is_trial":false,"path_per_floor":["M","M","M","$","M","E","M","?","T","R","$","M","?","M","R","B",null,"M","M","$","M","?","R","E","R","T","E","M","E"],"character_chosen":"THE_CURSED","items_purchased":["TheCursedMod:SpitefulPlan","Onion Ring","Membership Card"],"campfire_rested":3,"item_purchase_floors":[4,11,20],"current_hp_per_floor":[66,66,66,66,59,45,45,38,38,60,60,60,60,51,51,29,64,62,52,52,34,34,56,36,58,58,40,7,0,0],"gold":71,"neow_bonus":"BOSS_RELIC","is_daily":false,"chose_seed":false,"campfire_upgraded":0,"win_rate":0.0,"timestamp":1613098181,"path_taken":["M","M","?","$","?","E","M","?","T","R","$","M","?","M","R","BOSS","M","?","?","M","?","R","E","R","T","E","M","E"],"items_purchased_type":["Card","Relic","Relic"],"build_version":"2020-12-22","purchased_purges":1,"victory":false,"max_hp_per_floor":[75,75,75,75,75,75,75,75,75,75,75,75,75,75,75,75,75,75,75,75,75,75,75,75,75,75,75,77,81,81],"card_choices":[{"not_picked":["TheCursedMod:Obscuration","TheCursedMod:SurpriseAttack"],"picked":"TheCursedMod:TroublousMinions","floor":1.0},{"not_picked":["TheCursedMod:VitalStrike","TheCursedMod:CursedShiv"],"picked":"TheCursedMod:CursedStaff","floor":2.0},{"not_picked":["TheCursedMod:StingEye","TheCursedMod:HellsGateOpen","TheCursedMod:DoubleShield"],"picked":"SKIP","floor":3.0},{"not_picked":["TheCursedMod:Torture","TheCursedMod:CircleOfCorruption","TheCursedMod:SurpriseAttack"],"picked":"SKIP","floor":5.0},{"not_picked":["TheCursedMod:RavingStaff","TheCursedMod:CircleOfWindfury"],"picked":"TheCursedMod:SaltUponWound","floor":6.0},{"not_picked":["TheCursedMod:CursedAmulet","TheCursedMod:PrepareRite"],"picked":"TheCursedMod:ShockAndAwe","floor":7.0},{"not_picked":["TheCursedMod:CursedShiv","TheCursedMod:StingEye"],"picked":"TheCursedMod:CursedBlade","floor":10.0},{"not_picked":["TheCursedMod:Stretching","TheCursedMod:SmokeScreen"],"picked":"TheCursedMod:CircleOfFlame","floor":12.0},{"not_picked":["TheCursedMod:CursedBlade","TheCursedMod:Stigma"],"picked":"TheCursedMod:SmokeScreen","floor":14.0},{"not_picked":["TheCursedMod:DemonicPact","TheCursedMod:ShockAndAwe"],"picked":"TheCursedMod:CircleOfAbyss","floor":16.0},{"not_picked":["TheCursedMod:Stigma","TheCursedMod:Torture"],"picked":"TheCursedMod:WearCloak","floor":18.0},{"not_picked":["TheCursedMod:Wield+1","TheCursedMod:CircleOfCorruption"],"picked":"TheCursedMod:WearCloak","floor":19.0},{"not_picked":["TheCursedMod:ReleasedStrength","TheCursedMod:TacticalStrike"],"picked":"TheCursedMod:SaltUponWound+1","floor":21.0},{"not_picked":["TheCursedMod:BloodBarrier","TheCursedMod:CursedStaff"],"picked":"TheCursedMod:RapidMovement+1","floor":24.0},{"not_picked":["TheCursedMod:Stigma","TheCursedMod:SurpriseAttack"],"picked":"TheCursedMod:SmokeScreen+1","floor":25.0},{"not_picked":["TheCursedMod:WearCloak","TheCursedMod:CursedSpellbook+1"],"picked":"TheCursedMod:AntiAging","floor":27.0},{"not_picked":["TheCursedMod:CircleOfCorruption","TheCursedMod:Torture","TheCursedMod:TacticalStrike"],"picked":"SKIP","floor":28.0}],"player_experience":298537,"relics_obtained":[{"floor":6.0,"key":"Dream Catcher"},{"floor":9.0,"key":"Replay:Bottled Steam"},{"floor":24.0,"key":"Counterbalance"},{"floor":26.0,"key":"ReplayTheSpireMod:Ninjato"},{"floor":27.0,"key":"ReplayTheSpireMod:TigerMarble"}],"event_choices":[{"cards_removed":["TheCursedMod:Strike_TheCursed"],"damage_healed":0.0,"max_hp_gain":0.0,"max_hp_loss":0.0,"gold_gain":0.0,"event_name":"Golden Wing","player_choice":"Card Removal","floor":8.0,"gold_loss":0.0,"damage_taken":7.0},{"cards_removed":["AbeCurse","TheCursedMod:Dregs"],"damage_healed":0.0,"max_hp_gain":0.0,"max_hp_loss":0.0,"gold_gain":0.0,"event_name":"Fountain of Cleansing","player_choice":"Removed Curses","floor":13.0,"gold_loss":0.0,"damage_taken":0.0},{"cards_removed":["TheCursedMod:Strike_TheCursed"],"damage_healed":0.0,"max_hp_gain":0.0,"max_hp_loss":0.0,"gold_gain":0.0,"event_name":"Beggar","player_choice":"Gave Gold","floor":22.0,"gold_loss":75.0,"damage_taken":0.0}],"is_beta":false,"boss_relics":[{"not_picked":["Honey Jar","construct:WeddingRing"],"picked":"Cursed Key"}],"items_purged_floors":[20],"is_endless":false,"potions_floor_spawned":[5,6,12,14,24,27,28],"killed_by":"Book of Stabbing","ascension_level":8}}