{"host":"2l3i55whvwk76mom","time":1613146468,"event":{"mods":["BaseMod","Googly Eyes","Hubris","Minty Spire (QoL Compilation)","Replay The Spire","StSLib"],"gold_per_floor":[109,120,136,136,66,66,99,99,99,99,110,110,137,149,149,247,247,261,261,137,117,317,317,336,371,396,396,408,56,85,105,105,202,202,214,214,66,76,90,90,90,90],"floor_reached":41,"language":"ENG","playtime":1959,"items_purged":["Sickly","Strike_G","Distraction"],"score":824,"play_id":"61a3142f-7eb0-4e0c-870d-734362c196b3","local_time":"20210212081428","is_ascension_mode":true,"campfire_choices":[{"data":"Accuracy","floor":6,"key":"SMITH"},{"floor":8,"key":"REST"},{"floor":10,"key":"REST"},{"data":"Envenom","floor":15,"key":"SMITH"},{"data":"A Thousand Cuts","floor":23,"key":"SMITH"},{"floor":32,"key":"REST"},{"data":"Night Terror","floor":40,"key":"SMITH"}],"circlet_count":0,"master_deck":["Survivor","Neutralize","Backflip","Dodge and Roll","Blade Dance+1","Accuracy+1","Acrobatics","Backflip","Envenom+1","Blade Dance","Bullet Time","PiercingWail","A Thousand Cuts+1","Blade Dance+1","Blade Dance+1","Night Terror","Dagger Throw+1","Night Terror+1","Escape Plan","Footwork","ReplayTheSpireMod:Tripwire","Expertise","Dagger Throw","ReplayTheSpireMod:Tripwire","Prepared","Deflect","Hidden Blade","Cloak And Dagger+1","Cloak And Dagger+1"],"relics":["ReplayTheSpireMod:DimensionalGlitch","Oddly Smooth Stone","White Beast Statue","hubris:TenFootPole","Nunchaku","SacredBark","ReplayTheSpireMod:CursedCoin","Durian","Omamori","Ornamental Fan","hubris:CrystalStatue","Pandora\u0027s Box"],"acts_visited":["Exordium","TheCity","TheBeyond"],"potions_floor_usage":[13,16,16,21,24,25,30,33,33,38,39],"damage_taken":[{"damage":2,"enemies":"Jaw Worm","floor":1,"turns":4},{"damage":0,"enemies":"Cultist","floor":2,"turns":4},{"damage":7,"enemies":"Small Slimes","floor":3,"turns":5},{"damage":55,"enemies":"Gremlin Nob","floor":7,"turns":5},{"damage":8,"enemies":"Exordium Thugs","floor":11,"turns":4},{"damage":6,"enemies":"3 Sentries","floor":13,"turns":7},{"damage":2,"enemies":"Blue Slaver","floor":14,"turns":4},{"damage":0,"enemies":"Slime Boss","floor":16,"turns":8},{"damage":8,"enemies":"Shell Parasite","floor":18,"turns":4},{"damage":8,"enemies":"2 Thieves","floor":21,"turns":4},{"damage":0,"enemies":"Chosen and Byrds","floor":24,"turns":3},{"damage":0,"enemies":"Gremlin Leader","floor":25,"turns":5},{"damage":9,"enemies":"Snecko","floor":28,"turns":5},{"damage":31,"enemies":"Slavers","floor":30,"turns":3},{"damage":4,"enemies":"Sentry and Sphere","floor":31,"turns":4},{"damage":5,"enemies":"Pondfish","floor":33,"turns":6},{"damage":21,"enemies":"3 Shapes","floor":35,"turns":3},{"damage":0,"enemies":"3 Darklings","floor":38,"turns":2},{"damage":12,"enemies":"Jaw Worm Horde","floor":39,"turns":3},{"damage":43,"enemies":"Giant Head","floor":41,"turns":6}],"seed_played":"-661539403614107229","potions_obtained":[{"floor":1,"key":"Ancient Potion"},{"floor":7,"key":"Energy Potion"},{"floor":11,"key":"BlessingOfTheForge"},{"floor":13,"key":"Adrenaline Potion"},{"floor":16,"key":"SpeedPotion"},{"floor":18,"key":"Reflective Coating"},{"floor":21,"key":"Block Potion"},{"floor":24,"key":"AttackPotion"},{"floor":25,"key":"Toxic Potion"},{"floor":28,"key":"Dexterity Potion"},{"floor":30,"key":"Ancient Potion"},{"floor":33,"key":"CunningPotion"},{"floor":35,"key":"Swift Potion"},{"floor":38,"key":"Toxic Potion"},{"floor":39,"key":"SteroidPotion"}],"is_trial":false,"path_per_floor":["M","M","M","?","$","R","E","R","T","R","M","?","E","M","R","B",null,"M","?","$","M","?","R","M","E","T","?","M","$","E","M","R","B",null,"M","?","$","M","M","R","E"],"character_chosen":"THE_SILENT","items_purchased":["Accuracy","ReplayTheSpireMod:CursedCoin","A Thousand Cuts","Blade Dance","Ornamental Fan","Hidden Blade"],"campfire_rested":3,"item_purchase_floors":[5,20,20,20,29,37],"current_hp_per_floor":[68,68,61,61,61,61,6,27,27,48,40,33,27,25,25,25,70,62,62,62,54,54,54,54,59,59,59,50,50,19,15,37,32,75,54,54,54,54,42,42,0,0],"gold":90,"neow_bonus":"BOSS_RELIC","is_daily":false,"chose_seed":false,"campfire_upgraded":4,"win_rate":0.0,"timestamp":1613146468,"path_taken":["M","M","M","?","$","R","E","R","T","R","?","?","E","M","R","BOSS","M","?","?","M","?","R","?","E","T","?","M","$","E","?","R","BOSS","M","?","$","M","M","R","E"],"items_purchased_type":["Card","Relic","Card","Card","Relic","Card"],"build_version":"2020-12-22","purchased_purges":3,"victory":false,"max_hp_per_floor":[70,70,70,70,70,70,70,70,70,70,70,70,70,70,70,70,70,70,70,70,70,70,70,70,75,75,75,75,75,75,75,75,75,75,75,75,75,75,75,75,75,75],"card_choices":[{"not_picked":["Dash","Underhanded Strike"],"picked":"Backflip","floor":1},{"not_picked":["ReplayTheSpireMod:Speed Training","Draining Mist"],"picked":"Dodge and Roll","floor":2},{"not_picked":["Dagger Spray","hubris:SlightOfHand"],"picked":"Blade Dance","floor":3},{"not_picked":["Heel Hook","Slice"],"picked":"Acrobatics","floor":7},{"not_picked":["Finisher","Sucker Punch"],"picked":"Backflip","floor":11},{"not_picked":["Noxious Fumes","Glass Knife"],"picked":"Envenom","floor":13},{"not_picked":["Finisher","Flying Knee"],"picked":"Blade Dance","floor":14},{"not_picked":["Unload","Envenom"],"picked":"Bullet Time","floor":16},{"not_picked":["Underhanded Strike","Outmaneuver"],"picked":"PiercingWail","floor":18},{"not_picked":["Backstab","Sucker Punch","Blur"],"picked":"SKIP","floor":21},{"not_picked":["Bane","Flying Knee","Fluid Movement"],"picked":"SKIP","floor":24},{"not_picked":["Flying Knee","Backflip"],"picked":"Blade Dance+1","floor":25},{"not_picked":["Sneak Up","Deflect"],"picked":"Night Terror","floor":28},{"not_picked":["Flying Knee+1","Deadly Poison"],"picked":"Dagger Throw+1","floor":30},{"not_picked":["Quick Slash+1","ReplayTheSpireMod:Scrap Shanks","Deadly Poison"],"picked":"SKIP","floor":31},{"not_picked":["Atom Bomb","Unload"],"picked":"Night Terror","floor":33},{"not_picked":["Backstab","Catalyst+1","Crippling Poison+1"],"picked":"SKIP","floor":35},{"not_picked":["Bane+1","Choke+1"],"picked":"Cloak And Dagger+1","floor":38},{"not_picked":["hubris:TrickCloak+1","Crippling Poison+1"],"picked":"Cloak And Dagger+1","floor":39}],"player_experience":367335,"relics_obtained":[{"floor":7,"key":"Oddly Smooth Stone"},{"floor":9,"key":"White Beast Statue"},{"floor":13,"key":"Nunchaku"},{"floor":25,"key":"Durian"},{"floor":26,"key":"Omamori"},{"floor":30,"key":"hubris:CrystalStatue"}],"event_choices":[{"damage_healed":0,"gold_gain":0,"player_choice":"Upgraded","damage_taken":0,"max_hp_gain":0,"max_hp_loss":0,"event_name":"Upgrade Shrine","floor":4,"gold_loss":0,"cards_upgraded":["Blade Dance"]},{"damage_healed":0,"gold_gain":0,"player_choice":"Success","damage_taken":7,"relics_obtained":["hubris:TenFootPole"],"max_hp_gain":0,"max_hp_loss":0,"event_name":"Scrap Ooze","floor":12,"gold_loss":0},{"cards_removed":["Strike_G"],"damage_healed":0,"gold_gain":0,"player_choice":"Purged","damage_taken":0,"max_hp_gain":0,"max_hp_loss":0,"event_name":"Purifier","floor":19,"gold_loss":0},{"damage_healed":0,"gold_gain":200,"player_choice":"Gold","damage_taken":0,"max_hp_gain":0,"max_hp_loss":0,"event_name":"Wheel of Change","floor":22,"gold_loss":0},{"damage_healed":0,"gold_gain":0,"player_choice":"Forge","damage_taken":0,"max_hp_gain":0,"max_hp_loss":0,"event_name":"Accursed Blacksmith","floor":27,"gold_loss":0,"cards_upgraded":["Blade Dance"]}],"is_beta":false,"boss_relics":[{"not_picked":["Philosopher\u0027s Stone","Painkiller Herb"],"picked":"SacredBark"},{"not_picked":["Tiny House","Ring of Chaos"],"picked":"Pandora\u0027s Box"}],"items_purged_floors":[20,29,37],"is_endless":false,"potions_floor_spawned":[1,7,11,13,14,16,18,21,24,25,28,30,31,33,35,38,39],"killed_by":"Giant Head","ascension_level":4}}