{"host":"6dypmz777xraikqf","time":1613156702,"event":{"mods":["AchievementEnabler","BaseMod","BetterRewards","Colored Map","Colored Powertips","Downfall","Highlight Path","Hubris","Infinite Spire","Minty Spire (QoL Compilation)","Replay The Spire","StSLib"],"gold_per_floor":[11,21,196,210,160,10,10,22,73,101,149,164,190,206,206,308,308,328,23,23,38,38,38,38,38],"floor_reached":24,"language":"ENG","playtime":954,"items_purged":["Strike_B"],"score":272,"play_id":"1081ec82-fc1d-4ce5-823b-01137ee0d4ba","local_time":"20210212190502","is_ascension_mode":true,"campfire_choices":[{"data":"Zap","floor":7,"key":"SMITH"},{"floor":15,"key":"REST"},{"floor":23,"key":"REST"}],"circlet_count":0,"master_deck":["Strike_B","Strike_B","Strike_B","Defend_B","Defend_B+1","Defend_B","Defend_B","Zap+1","Dualcast","All For One","Beam Cell","Crystallizer","Streamline","Echo Form+1","Turbo","Auto Shields","Conserve Battery","Core Surge","Chaos","Steam","Ball Lightning","Ball Lightning","Machine Learning","Leap","Stack"],"relics":["Cracked Core","Runic Capacitor","Toy Ornithopter","Strawberry","Gremlin Food","Ancient Tea Set","Cursed Key","Dream Catcher"],"acts_visited":["Exordium","TheCity"],"potions_floor_usage":[10,13,16,18],"damage_taken":[{"damage":7,"enemies":"Jaw Worm","floor":1,"turns":3},{"damage":3,"enemies":"2 Louse","floor":2,"turns":2},{"damage":0,"enemies":"Cultist","floor":4,"turns":2},{"damage":3,"enemies":"Blue Slaver","floor":8,"turns":2},{"damage":10,"enemies":"Gremlin Nob","floor":10,"turns":3},{"damage":11,"enemies":"Looter","floor":12,"turns":3},{"damage":30,"enemies":"Lagavulin","floor":13,"turns":5},{"damage":7,"enemies":"Large Slime","floor":14,"turns":4},{"damage":18,"enemies":"The Guardian","floor":16,"turns":9},{"damage":21,"enemies":"2 Thieves","floor":18,"turns":4},{"damage":22,"enemies":"Shell Parasite","floor":21,"turns":6},{"damage":72,"enemies":"Slavers","floor":24,"turns":4}],"seed_played":"-8794570764394624286","potions_obtained":[{"floor":1,"key":"Toxic Potion"},{"floor":4,"key":"Fruit Juice"},{"floor":8,"key":"Elixir"},{"floor":13,"key":"Slimebound:ThreeZeroPotion"},{"floor":16,"key":"Swift Potion"}],"is_trial":false,"path_per_floor":["M","M","?","M","?","$","R","M","T","E","T","M","E","M","R","B",null,"M","$","?","M","?","R","E"],"character_chosen":"DEFECT","items_purchased":["Runic Capacitor","Steam","Dream Catcher","Ball Lightning"],"campfire_rested":2,"item_purchase_floors":[6,19,19,19],"current_hp_per_floor":[68,65,65,65,65,65,65,62,62,64,64,53,33,26,52,39,87,66,66,66,44,27,54,0,0],"gold":38,"neow_bonus":"THREE_RARE_CARDS","is_daily":false,"chose_seed":false,"campfire_upgraded":1,"win_rate":0.0,"timestamp":1613156702,"path_taken":["M","M","?","M","?","$","R","M","T","E","?","M","E","M","R","BOSS","M","$","?","?","?","R","E"],"items_purchased_type":["Relic","Card","Relic","Card"],"build_version":"2020-12-22","purchased_purges":1,"victory":false,"max_hp_per_floor":[75,75,75,75,75,75,75,75,75,82,82,82,87,87,87,87,87,87,87,87,87,92,92,92,92],"card_choices":[{"not_picked":["Reboot","Rainbow"],"picked":"All For One","floor":0},{"not_picked":["Stack","Redo"],"picked":"Beam Cell","floor":1},{"not_picked":["Compile Driver","BasicCrystalCard","ReplayTheSpireMod:GoodbyeWorld"],"picked":"SKIP","floor":2},{"not_picked":["Melter","Compile Driver"],"picked":"Crystallizer","floor":4},{"not_picked":["Beam Cell","Skim"],"picked":"Streamline","floor":8},{"not_picked":["ReplayTheSpireMod:Repulse","Cold Snap"],"picked":"Echo Form","floor":10},{"not_picked":["Ball Lightning","Panic Button"],"picked":"Turbo","floor":12},{"not_picked":["Beam Cell","ReplayTheSpireMod:Omega Cannon"],"picked":"Auto Shields","floor":13},{"not_picked":["Streamline","Cold Snap"],"picked":"Conserve Battery","floor":14},{"not_picked":["Amplify","Seek"],"picked":"Core Surge","floor":16},{"not_picked":["Beam Cell","Barrage"],"picked":"Chaos","floor":18},{"not_picked":["Sweeping Beam+1","Beam Cell+1"],"picked":"Leap","floor":21},{"not_picked":["Steam","Streamline+1"],"picked":"Stack","floor":23}],"player_experience":218213,"relics_obtained":[{"floor":9,"key":"Toy Ornithopter"},{"floor":10,"key":"Strawberry"},{"floor":11,"key":"Gremlin Food"},{"floor":13,"key":"Ancient Tea Set"}],"event_choices":[{"damage_healed":0,"gold_gain":175,"player_choice":"AGREE","damage_taken":0,"max_hp_gain":0,"max_hp_loss":0,"event_name":"Liars Game","floor":3,"gold_loss":0,"cards_obtained":["Doubt"]},{"cards_removed":["Doubt"],"damage_healed":0,"gold_gain":0,"player_choice":"Card Removal","damage_taken":0,"max_hp_gain":0,"max_hp_loss":0,"event_name":"The Cleric","floor":5,"gold_loss":50},{"damage_healed":0,"gold_gain":0,"player_choice":"1 cards matched","damage_taken":0,"max_hp_gain":0,"max_hp_loss":0,"event_name":"Match and Keep!","floor":20,"gold_loss":0,"cards_obtained":["Machine Learning"]},{"damage_healed":0,"gold_gain":0,"player_choice":"Shed Blood","damage_taken":22,"max_hp_gain":5,"max_hp_loss":0,"event_name":"Forgotten Altar","floor":22,"gold_loss":0}],"is_beta":false,"boss_relics":[{"not_picked":["Astrolabe","Snecko Eye"],"picked":"Cursed Key"}],"items_purged_floors":[19],"is_endless":false,"potions_floor_spawned":[1,4,8,13,16],"killed_by":"Slavers","ascension_level":4}}