{"host":"ul3z8ex5o8l5j7mh","time":1613149297,"event":{"mods":["AchievementEnabler","BaseMod","Bestiary","Colored Map","Colored Powertips","DeckTracker","Keyboard Shortcuts","Minty Spire (QoL Compilation)","Relic Sorter","Relic Stats","SuperFastMode"],"gold_per_floor":[116,116,41,41,41,41,76,26,51,87,87,87,111,111,111,242,242,262,17,17,17,29,62,62,62,87,119,119,137,147,147,147,251,251,269,229,104,116,41,41,54,83,83,100,100,118,118,134,134,134],"floor_reached":51,"language":"ENG","playtime":1915,"items_purged":["Injury","Strike_R+1","Strike_R"],"score":931,"play_id":"6e07f51e-42bf-42e6-b53b-bc9a85300d64","local_time":"20210212180137","is_ascension_mode":true,"campfire_choices":[{"data":"Bash","floor":6.0,"key":"SMITH"},{"data":"Rupture","floor":11.0,"key":"SMITH"},{"data":"Wild Strike","floor":15.0,"key":"SMITH"},{"data":"Offering","floor":24.0,"key":"SMITH"},{"data":"Hemokinesis","floor":28.0,"key":"SMITH"},{"data":"Armaments","floor":32.0,"key":"SMITH"},{"data":"Combust","floor":40.0,"key":"SMITH"},{"floor":49,"key":"REST"}],"circlet_count":0,"master_deck":["Strike_R","Strike_R+1","Defend_R","Defend_R","Defend_R","Bash+1","Flame Barrier+1","Wild Strike+1","Rupture+1","Blood for Blood+1","Offering+1","Infernal Blade","Rupture+1","Hemokinesis+1","Armaments+1","Limit Break+1","Disarm+1","Limit Break+1","Shrug It Off+1","Combust+1","Seeing Red+1","Bloodletting+1","Writhe","Disarm+1"],"relics":["Burning Blood","NeowsBlessing","Bloody Idol","Akabeko","Oddly Smooth Stone","Anchor","SacredBark","DollysMirror","Mercury Hourglass","Happy Flower","Toxic Egg 2","Cursed Key","Mango"],"acts_visited":["Exordium","TheCity","TheBeyond"],"potions_floor_usage":[50],"damage_taken":[{"damage":0.0,"enemies":"2 Louse","floor":1.0,"turns":1.0},{"damage":0.0,"enemies":"3 Sentries","floor":7.0,"turns":2.0},{"damage":0.0,"enemies":"Gremlin Nob","floor":10.0,"turns":1.0},{"damage":0.0,"enemies":"Jaw Worm","floor":13.0,"turns":2.0},{"damage":59.0,"enemies":"Hexaghost","floor":16.0,"turns":9.0},{"damage":14.0,"enemies":"Shell Parasite","floor":18.0,"turns":3.0},{"damage":20.0,"enemies":"2 Thieves","floor":22.0,"turns":2.0},{"damage":8.0,"enemies":"Gremlin Leader","floor":23.0,"turns":6.0},{"damage":22.0,"enemies":"Slavers","floor":27.0,"turns":4.0},{"damage":27.0,"enemies":"Snecko","floor":29.0,"turns":5.0},{"damage":15.0,"enemies":"Centurion and Healer","floor":30.0,"turns":3.0},{"damage":35.0,"enemies":"Collector","floor":33.0,"turns":5.0},{"damage":34.0,"enemies":"3 Darklings","floor":35.0,"turns":5.0},{"damage":2.0,"enemies":"Orb Walker","floor":38.0,"turns":3.0},{"damage":22.0,"enemies":"Sphere and 2 Shapes","floor":41.0,"turns":5.0},{"damage":44.0,"enemies":"Reptomancer","floor":42.0,"turns":3.0},{"damage":16.0,"enemies":"Jaw Worm Horde","floor":44.0,"turns":4.0},{"damage":7.0,"enemies":"4 Shapes","floor":46.0,"turns":3.0},{"damage":62,"enemies":"Sphere and 2 Shapes","floor":48,"turns":8},{"damage":51,"enemies":"Time Eater","floor":50,"turns":7}],"seed_played":"-3882506708101474450","potions_obtained":[{"floor":1.0,"key":"HeartOfIron"},{"floor":16.0,"key":"SmokeBomb"},{"floor":22.0,"key":"FearPotion"},{"floor":29.0,"key":"Strength Potion"},{"floor":36.0,"key":"Regen Potion"},{"floor":36.0,"key":"Dexterity Potion"},{"floor":36.0,"key":"BlessingOfTheForge"},{"floor":44.0,"key":"BlessingOfTheForge"},{"floor":48,"key":"SpeedPotion"}],"is_trial":false,"path_per_floor":["M","?","$","?","?","R","E","?","T","E","R","$","M","?","R","B",null,"M","$","?","?","M","E","R","?","T","E","R","M","M","?","R","B",null,"M","?","$","M","$","R","M","E","T","M","?","M","T","M","R","B",null],"character_chosen":"IRONCLAD","items_purchased":["DollysMirror","Combust"],"campfire_rested":1,"item_purchase_floors":[19,39],"current_hp_per_floor":[80,80,80,80,64,64,70,70,70,76,76,76,80,80,80,27,80,72,72,72,72,68,71,71,71,76,65,65,49,45,45,45,21,80,57,57,57,66,66,66,55,55,55,50,74,78,78,27,55,10],"gold":134,"neow_bonus":"THREE_ENEMY_KILL","is_daily":false,"chose_seed":false,"campfire_upgraded":7,"win_rate":0.0,"timestamp":1613149297,"path_taken":["M","?","$","?","?","R","E","?","T","E","R","?","M","?","R","BOSS","M","?","?","?","?","E","R","?","T","E","R","M","M","?","R","BOSS","M","?","$","M","$","R","M","E","T","?","?","M","?","?","R","BOSS"],"items_purchased_type":["Relic","Card"],"build_version":"2020-12-22","purchased_purges":3,"victory":true,"max_hp_per_floor":[80,80,80,80,80,80,80,80,80,80,80,80,80,80,80,80,80,80,80,80,80,80,80,80,80,80,80,80,80,80,80,80,80,80,80,80,80,80,80,80,80,94,94,94,94,94,94,94,94,94],"relic_stats":{"Happy Flower":[18],"counters":[20,81],"Bloody Idol":75,"Cursed Key":0,"obtain_stats":[{"NeowsBlessing":0,"Happy Flower":26,"Golden Idol":2,"SacredBark":17,"Oddly Smooth Stone":9,"Mango":42,"Cursed Key":34,"Burning Blood":0,"Akabeko":7,"Mercury Hourglass":23,"Anchor":10,"DollysMirror":19,"Bloody Idol":21,"Toxic Egg 2":27},{"NeowsBlessing":0,"Happy Flower":8,"Golden Idol":1,"SacredBark":5,"Oddly Smooth Stone":2,"Mango":16,"Cursed Key":12,"Burning Blood":0,"Akabeko":2,"Mercury Hourglass":8,"Anchor":3,"DollysMirror":6,"Bloody Idol":6,"Toxic Egg 2":9},{"NeowsBlessing":0,"Happy Flower":26,"Golden Idol":1,"SacredBark":15,"Oddly Smooth Stone":3,"Mango":59,"Cursed Key":43,"Burning Blood":0,"Akabeko":3,"Mercury Hourglass":26,"Anchor":4,"DollysMirror":18,"Bloody Idol":18,"Toxic Egg 2":30}],"Burning Blood":112,"Mercury Hourglass":[232]},"card_choices":[{"not_picked":["Ghostly Armor","Body Slam"],"picked":"Flame Barrier","floor":1.0},{"not_picked":["Battle Trance","Shrug It Off"],"picked":"Wild Strike","floor":7.0},{"not_picked":["Wild Strike","Reckless Charge"],"picked":"Rupture","floor":10.0},{"not_picked":["Seeing Red","Sword Boomerang"],"picked":"Blood for Blood","floor":13.0},{"not_picked":["Reaper","Demon Form"],"picked":"Offering","floor":16.0},{"not_picked":["Sword Boomerang","Twin Strike"],"picked":"Infernal Blade","floor":18.0},{"not_picked":["Pummel","Body Slam"],"picked":"Armaments","floor":22.0},{"not_picked":["Cleave","Clothesline","Armaments"],"picked":"SKIP","floor":23.0},{"not_picked":["Cleave","Reckless Charge","Wild Strike"],"picked":"SKIP","floor":27.0},{"not_picked":["Flex+1","Battle Trance+1"],"picked":"Limit Break+1","floor":29.0},{"not_picked":["Wild Strike","Carnage"],"picked":"Disarm+1","floor":30.0},{"not_picked":["Bludgeon","Barricade"],"picked":"Limit Break+1","floor":33.0},{"not_picked":["Perfected Strike","Sword Boomerang"],"picked":"Shrug It Off+1","floor":35.0},{"not_picked":["Wild Strike","Havoc+1","Warcry+1"],"picked":"SKIP","floor":38.0},{"not_picked":["Iron Wave+1","Pummel"],"picked":"Seeing Red+1","floor":41.0},{"not_picked":["Corruption","Dropkick+1","True Grit+1"],"picked":"SKIP","floor":42.0},{"not_picked":["Intimidate+1","Headbutt"],"picked":"Bloodletting+1","floor":44.0},{"not_picked":["Disarm+1","Perfected Strike+1","Feel No Pain"],"picked":"SKIP","floor":46.0},{"not_picked":["Clash+1","Pummel"],"picked":"Disarm+1","floor":48}],"player_experience":349102,"relics_obtained":[{"floor":7.0,"key":"Akabeko"},{"floor":9.0,"key":"Oddly Smooth Stone"},{"floor":10.0,"key":"Anchor"},{"floor":23.0,"key":"Mercury Hourglass"},{"floor":26.0,"key":"Happy Flower"},{"floor":27.0,"key":"Toxic Egg 2"},{"floor":42.0,"key":"Mango"}],"event_choices":[{"damage_healed":0.0,"max_hp_gain":0.0,"max_hp_loss":0.0,"gold_gain":0.0,"event_name":"Golden Idol","player_choice":"Take Wound","floor":2.0,"gold_loss":0.0,"damage_taken":0.0,"relics_obtained":["Golden Idol"],"cards_obtained":["Injury"]},{"damage_healed":0.0,"max_hp_gain":0.0,"max_hp_loss":0.0,"gold_gain":0.0,"event_name":"Living Wall","player_choice":"Grow","floor":4.0,"gold_loss":0.0,"damage_taken":0.0,"cards_upgraded":["Flame Barrier"]},{"damage_healed":0.0,"max_hp_gain":0.0,"max_hp_loss":0.0,"gold_gain":0.0,"event_name":"Shining Light","player_choice":"Entered Light","floor":5.0,"gold_loss":0.0,"damage_taken":16.0,"cards_upgraded":["Strike_R","Strike_R"]},{"cards_removed":["Defend_R"],"damage_healed":0.0,"max_hp_gain":0.0,"max_hp_loss":0.0,"gold_gain":0.0,"event_name":"The Cleric","player_choice":"Card Removal","floor":8.0,"gold_loss":50.0,"damage_taken":0.0},{"damage_healed":0.0,"max_hp_gain":0.0,"max_hp_loss":0.0,"gold_gain":0.0,"event_name":"Upgrade Shrine","player_choice":"Upgraded","floor":14.0,"gold_loss":0.0,"damage_taken":0.0,"cards_upgraded":["Blood for Blood"]},{"damage_healed":0.0,"max_hp_gain":0.0,"max_hp_loss":0.0,"gold_gain":0.0,"event_name":"The Library","player_choice":"Read","floor":20.0,"gold_loss":0.0,"damage_taken":0.0,"cards_obtained":["Hemokinesis"]},{"damage_healed":0.0,"max_hp_gain":0.0,"max_hp_loss":0.0,"gold_gain":0.0,"event_name":"Forgotten Altar","player_choice":"Gave Idol","floor":21.0,"relics_lost":["Golden Idol"],"gold_loss":0.0,"damage_taken":0.0,"relics_obtained":["Bloody Idol"]},{"cards_removed":["Strike_R"],"damage_healed":0.0,"max_hp_gain":0.0,"max_hp_loss":0.0,"gold_gain":0.0,"event_name":"Back to Basics","player_choice":"Elegance","floor":25.0,"gold_loss":0.0,"damage_taken":0.0},{"damage_healed":0.0,"max_hp_gain":0.0,"max_hp_loss":0.0,"gold_gain":0.0,"event_name":"Ghosts","player_choice":"Ignored","floor":31.0,"gold_loss":0.0,"damage_taken":0.0},{"damage_healed":0.0,"max_hp_gain":0.0,"max_hp_loss":0.0,"gold_gain":0.0,"event_name":"The Woman in Blue","player_choice":"Bought 3 Potions","floor":36.0,"gold_loss":0.0,"damage_taken":0.0},{"damage_healed":24.0,"max_hp_gain":0.0,"max_hp_loss":0.0,"gold_gain":0.0,"event_name":"Winding Halls","player_choice":"Writhe","floor":45.0,"gold_loss":0.0,"damage_taken":0.0,"cards_obtained":["Writhe"]}],"is_beta":false,"boss_relics":[{"not_picked":["Coffee Dripper","Calling Bell"],"picked":"SacredBark"},{"not_picked":["Philosopher\u0027s Stone","Tiny House"],"picked":"Cursed Key"}],"items_purged_floors":[3,19,37],"is_endless":false,"potions_floor_spawned":[1,16,22,29,44,48],"ascension_level":3}}