{"host":"8is2j71l4wmybkoi","time":1613142374,"event":{"mods":["AchievementEnabler","BaseMod","Colored Map","DeckTracker","Minty Spire (QoL Compilation)","Rare Cards Sparkle","Relic Stats","StSLib","SuperFastMode"],"gold_per_floor":[117,131,131,151,166,198,198,230,253,1,26,47,47,59,59,137,137,154,154,154,166,166,194,212,212,512,123,123,141,16,47,47,121,121,136,136,155,174,191,191,221,251,263,275,306,328,340,363,375,387,387],"floor_reached":50,"language":"KOR","playtime":2124,"items_purged":["Defend_G","Strike_G","Defend_G"],"score":1003,"play_id":"9c7435df-d664-4bc6-b0b1-afc3380fa7f8","local_time":"20210213000614","is_ascension_mode":true,"campfire_choices":[{"data":"Neutralize","floor":7.0,"key":"SMITH"},{"data":"Blade Dance","floor":13.0,"key":"SMITH"},{"data":"Acrobatics","floor":15.0,"key":"SMITH"},{"data":"Accuracy","floor":25.0,"key":"SMITH"},{"floor":32,"key":"REST"},{"data":"Strike_G","floor":40,"key":"PURGE"},{"floor":47,"key":"REST"},{"floor":49,"key":"REST"}],"circlet_count":0,"master_deck":["AscendersBane","Strike_G","Defend_G","Defend_G","Survivor","Neutralize+1","Finisher","Footwork","Endless Agony","Sucker Punch","Leg Sweep","Acrobatics+1","Terror","Blade Dance+1","Prepared","Corpse Explosion+1","Crippling Poison","Heel Hook","Accuracy+1","Escape Plan+1","Phantasmal Killer","Noxious Fumes+1","Blade Dance","PiercingWail","Reflex+1"],"relics":["Ring of the Serpent","Sundial","Oddly Smooth Stone","Boot","Nunchaku","Odd Mushroom","Philosopher\u0027s Stone","Blood Vial","Lizard Tail","Old Coin","Peace Pipe","Bottled Tornado","MawBank","Question Card"],"acts_visited":["Exordium","TheCity","TheBeyond"],"potions_floor_usage":[31,31,38,41,41,50,50,50],"damage_taken":[{"damage":0.0,"enemies":"2 Louse","floor":1.0,"turns":3.0},{"damage":3.0,"enemies":"Cultist","floor":2.0,"turns":4.0},{"damage":2.0,"enemies":"Small Slimes","floor":4.0,"turns":4.0},{"damage":0.0,"enemies":"Looter","floor":5.0,"turns":1.0},{"damage":16.0,"enemies":"Gremlin Nob","floor":6.0,"turns":4.0},{"damage":19.0,"enemies":"3 Sentries","floor":8.0,"turns":10.0},{"damage":3.0,"enemies":"Lagavulin","floor":11.0,"turns":4.0},{"damage":0.0,"enemies":"The Mushroom Lair","floor":12.0,"turns":4.0},{"damage":0.0,"enemies":"Exordium Wildlife","floor":14.0,"turns":3.0},{"damage":8.0,"enemies":"Hexaghost","floor":16.0,"turns":10.0},{"damage":9.0,"enemies":"Spheric Guardian","floor":18.0,"turns":3.0},{"damage":0.0,"enemies":"3 Byrds","floor":21.0,"turns":2.0},{"damage":10.0,"enemies":"Slavers","floor":23.0,"turns":5.0},{"damage":0.0,"enemies":"Centurion and Healer","floor":24.0,"turns":3.0},{"damage":10,"enemies":"Snake Plant","floor":29,"turns":3},{"damage":7,"enemies":"Book of Stabbing","floor":31,"turns":3},{"damage":16,"enemies":"Collector","floor":33,"turns":7},{"damage":8,"enemies":"3 Darklings","floor":35,"turns":3},{"damage":3,"enemies":"Orb Walker","floor":37,"turns":3},{"damage":0,"enemies":"Transient","floor":38,"turns":5},{"damage":31,"enemies":"Writhing Mass","floor":39,"turns":5},{"damage":0,"enemies":"Reptomancer","floor":41,"turns":2},{"damage":9,"enemies":"Jaw Worm Horde","floor":42,"turns":2},{"damage":20,"enemies":"Sphere and 2 Shapes","floor":45,"turns":8},{"damage":19,"enemies":"Transient","floor":46,"turns":5},{"damage":11,"enemies":"Maw","floor":48,"turns":6},{"damage":53,"enemies":"Time Eater","floor":50,"turns":8}],"seed_played":"4989809586001760483","potions_obtained":[{"floor":2.0,"key":"Energy Potion"},{"floor":4.0,"key":"GamblersBrew"},{"floor":6.0,"key":"Swift Potion"},{"floor":11.0,"key":"SkillPotion"},{"floor":18.0,"key":"Swift Potion"},{"floor":23.0,"key":"Swift Potion"},{"floor":31,"key":"Explosive Potion"},{"floor":33,"key":"Poison Potion"},{"floor":35,"key":"SkillPotion"},{"floor":38,"key":"SteroidPotion"},{"floor":39,"key":"DuplicationPotion"},{"floor":48,"key":"EntropicBrew"}],"is_trial":false,"path_per_floor":["M","M","?","M","M","E","R","E","T","$","E","?","R","M","R","B",null,"M","?","T","M","?","E","M","R","T","$","?","M","$","E","R","B",null,"M","?","M","M","M","R","E","M","T","?","M","M","R","M","R","B"],"character_chosen":"THE_SILENT","items_purchased":["Terror","SkillPotion","FearPotion","Peace Pipe"],"campfire_rested":3,"item_purchase_floors":[10,10,10,27],"current_hp_per_floor":[59,56,56,54,54,38,38,19,19,19,16,16,16,16,16,8,52,43,43,43,45,45,37,39,39,39,39,39,31,31,26,45,31,57,51,51,50,52,23,23,25,18,18,18,31,14,32,23,41,0,0],"gold":387,"neow_bonus":"TRANSFORM_CARD","is_daily":false,"chose_seed":false,"campfire_upgraded":4,"win_rate":0.0,"timestamp":1613142374,"path_taken":["M","M","?","?","M","E","R","E","T","?","E","?","R","M","R","BOSS","M","?","?","?","?","E","?","R","T","?","?","M","$","E","R","BOSS","M","?","M","M","M","R","E","M","T","?","M","M","R","M","R","BOSS"],"items_purchased_type":["Card","Potion","Potion","Relic"],"build_version":"2020-12-22","purchased_purges":3,"victory":false,"max_hp_per_floor":[66,66,66,66,66,66,66,66,66,66,66,66,66,66,66,66,66,66,66,66,66,66,66,66,66,66,66,66,66,66,66,66,66,66,66,66,66,66,66,66,66,66,66,63,63,63,63,63,63,63,63],"relic_stats":{"Blood Vial":32,"Peace Pipe":2,"Nunchaku":[34],"Lizard Tail":31,"counters":[27,120],"Sundial":[20],"Boot":[94],"MawBank":108,"Question Card":3,"obtain_stats":[{"Oddly Smooth Stone":8,"Odd Mushroom":12,"Bottled Tornado":31,"Boot":9,"MawBank":41,"Question Card":43,"Old Coin":26,"Blood Vial":20,"Peace Pipe":27,"Nunchaku":11,"Lizard Tail":23,"Sundial":6,"Philosopher\u0027s Stone":17,"Ring of the Serpent":34,"Ring of the Snake":0},{"Oddly Smooth Stone":6,"Odd Mushroom":8,"Bottled Tornado":16,"Boot":6,"MawBank":22,"Question Card":23,"Old Coin":14,"Blood Vial":11,"Peace Pipe":14,"Nunchaku":7,"Lizard Tail":13,"Sundial":5,"Philosopher\u0027s Stone":10,"Ring of the Serpent":17,"Ring of the Snake":0},{"Oddly Smooth Stone":26,"Odd Mushroom":34,"Bottled Tornado":66,"Boot":26,"MawBank":91,"Question Card":93,"Old Coin":60,"Blood Vial":50,"Peace Pipe":60,"Nunchaku":30,"Lizard Tail":57,"Sundial":16,"Philosopher\u0027s Stone":47,"Ring of the Serpent":73,"Ring of the Snake":0}]},"card_choices":[{"not_picked":["Backflip","Choke"],"picked":"Footwork","floor":1.0},{"not_picked":["Deflect","Sucker Punch"],"picked":"Endless Agony","floor":2.0},{"not_picked":["Backflip","Choke"],"picked":"Endless Agony","floor":4.0},{"not_picked":["Prepared","Dagger Throw"],"picked":"Leg Sweep","floor":5.0},{"not_picked":["Endless Agony","Underhanded Strike"],"picked":"Acrobatics","floor":6.0},{"not_picked":["Outmaneuver","Flechettes","Deadly Poison"],"picked":"SKIP","floor":8.0},{"not_picked":["Doppelganger","Masterful Stab"],"picked":"Blade Dance","floor":11.0},{"not_picked":["Footwork","Flying Knee"],"picked":"Prepared","floor":14.0},{"not_picked":["A Thousand Cuts","Night Terror"],"picked":"Corpse Explosion","floor":16.0},{"not_picked":["Underhanded Strike","Dagger Spray+1"],"picked":"Crippling Poison","floor":18.0},{"not_picked":["Sucker Punch","Dagger Spray","Underhanded Strike"],"picked":"SKIP","floor":21.0},{"not_picked":["Concentrate","Masterful Stab"],"picked":"Heel Hook","floor":23.0},{"not_picked":["Deadly Poison","Poisoned Stab"],"picked":"Accuracy","floor":24.0},{"not_picked":["Skewer","Predator","Deadly Poison"],"picked":"SKIP","floor":29},{"not_picked":["Eviscerate","Deadly Poison","Dodge and Roll"],"picked":"SKIP","floor":31},{"not_picked":["Eviscerate","Deadly Poison","Dodge and Roll"],"picked":"SKIP","floor":31},{"not_picked":["Crippling Poison","Slice","Dagger Throw"],"picked":"SKIP","floor":35},{"not_picked":["Crippling Poison","Slice","Dagger Throw"],"picked":"SKIP","floor":35},{"not_picked":["Choke","Deflect+1"],"picked":"Escape Plan+1","floor":37},{"not_picked":["Bouncing Flask+1","PiercingWail+1"],"picked":"Phantasmal Killer","floor":38},{"not_picked":["Choke","Flying Knee","Dagger Spray"],"picked":"SKIP","floor":39},{"not_picked":["Sucker Punch+1","Distraction"],"picked":"Noxious Fumes+1","floor":41},{"not_picked":["Choke","Prepared"],"picked":"Blade Dance","floor":42},{"not_picked":["Dagger Throw","Storm of Steel","Outmaneuver"],"picked":"PiercingWail","floor":45},{"not_picked":["Acrobatics+1","Underhanded Strike","Poisoned Stab"],"picked":"Reflex+1","floor":46},{"not_picked":["Deflect+1","Escape Plan+1","Crippling Poison","Sucker Punch"],"picked":"SKIP","floor":48}],"player_experience":1163680,"relics_obtained":[{"floor":6.0,"key":"Sundial"},{"floor":8.0,"key":"Oddly Smooth Stone"},{"floor":9.0,"key":"Boot"},{"floor":11.0,"key":"Nunchaku"},{"floor":12.0,"key":"Odd Mushroom"},{"floor":20.0,"key":"Blood Vial"},{"floor":23.0,"key":"Lizard Tail"},{"floor":26.0,"key":"Old Coin"},{"floor":31,"key":"Bottled Tornado"},{"floor":41,"key":"MawBank"},{"floor":43,"key":"Question Card"}],"event_choices":[{"damage_healed":0.0,"max_hp_gain":0.0,"max_hp_loss":0.0,"gold_gain":0.0,"cards_transformed":["Strike_G"],"event_name":"Transmorgrifier","player_choice":"Transformed","floor":3.0,"gold_loss":0.0,"damage_taken":0.0,"cards_obtained":["Sucker Punch"]},{"damage_healed":0.0,"max_hp_gain":0.0,"max_hp_loss":0.0,"gold_gain":0.0,"event_name":"Mushrooms","player_choice":"Fought Mushrooms","floor":12.0,"gold_loss":0.0,"damage_taken":0.0},{"damage_healed":0.0,"max_hp_gain":0.0,"max_hp_loss":0.0,"gold_gain":0.0,"event_name":"Cursed Tome","player_choice":"Ignored","floor":19.0,"gold_loss":0.0,"damage_taken":0.0},{"cards_removed":["Strike_G"],"damage_healed":0.0,"max_hp_gain":0.0,"max_hp_loss":0.0,"gold_gain":0.0,"event_name":"Bonfire Elementals","player_choice":"Offered Basic","floor":22.0,"gold_loss":0.0,"damage_taken":0.0},{"damage_healed":0.0,"max_hp_gain":0.0,"max_hp_loss":0.0,"gold_gain":0.0,"event_name":"Accursed Blacksmith","player_choice":"Forge","floor":28.0,"gold_loss":0.0,"damage_taken":0.0,"cards_upgraded":["Corpse Explosion"]},{"cards_removed":["Endless Agony"],"damage_healed":0,"gold_gain":0,"player_choice":"Removed Attack","damage_taken":0,"max_hp_gain":0,"max_hp_loss":0,"event_name":"Falling","floor":36,"gold_loss":0},{"damage_healed":0,"gold_gain":0,"player_choice":"Max HP","damage_taken":0,"max_hp_gain":0,"max_hp_loss":3,"event_name":"Winding Halls","floor":44,"gold_loss":0}],"is_beta":false,"boss_relics":[{"not_picked":["Black Star","Velvet Choker"],"picked":"Philosopher\u0027s Stone"},{"not_picked":["Sozu","SacredBark"],"picked":"Ring of the Serpent"}],"items_purged_floors":[10,27,30],"is_endless":false,"potions_floor_spawned":[2,4,6,11,18,23,31,33,35,38,39,48],"killed_by":"Time Eater","ascension_level":15}}