{"host":"fc5kl670efuhtomy","time":1613104490,"event":{"mods":["AchievementEnabler","Act Like it!","Arknights","BaseMod","Colored Powertips","Downfall","Marisa£®ÏF”Í°°ƒß¿Ì…≥£©","Minty Spire (QoL Compilation)","Quick Restart","Reimu£®≤©¿ˆ¡È√Œ£©","Relic Stats","Replay The Spire","Spicy Shops","StSLib","The Bug Knight","The Construct","The Cursed","The Servant 0.9.4","WarShipGirlsR/’ΩΩ¢…Ÿ≈ÆR mod"],"gold_per_floor":[112,124,124,148,148,183,203,203,203,266,266,13,38,62,62,192,192,206,156,156,156],"floor_reached":20,"language":"ZHS","playtime":650,"items_purged":[],"score":183,"play_id":"9b074645-e778-4b6c-94df-88b0621adcf1","local_time":"20210212123450","is_ascension_mode":true,"campfire_choices":[{"floor":11,"key":"REST"},{"data":"ats:Explosion Area Strengthen","floor":15,"key":"SMITH"}],"circlet_count":0,"master_deck":["ats:Strike C","ats:Strike G","ats:Strike V","ats:Armor Crushing Shot","ats:Defend","ats:Defend","ats:Defend","ats:Defend","ats:Emotion Absorption","ats:Explosion Area Strengthen","ats:Explosion Area Strengthen+1","ats:Sunburst","ats:Directed Diagnosis","ats:Chain Hook","ats:Charging Defense","CommonCold","HollowMod:DashSlash","sneckomod:WideSting","Defy","Echo Form","sneckomod:SoulRoll"],"relics":["ats:Sanity","NeowsBlessing","Golden Idol","ats:Originium","Mastiff:ReiMu","PrismaticShard","Gremlin Horn","Darkstone Periapt","HollowMod:LifeEnderRelic","Black Star"],"acts_visited":["Exordium","TheCity"],"potions_floor_usage":[6,20],"damage_taken":[{"damage":0,"enemies":"2 Louse","floor":1,"turns":1},{"damage":0,"enemies":"Small Slimes","floor":2,"turns":1},{"damage":0,"enemies":"Jaw Worm","floor":4,"turns":1},{"damage":25,"enemies":"Gremlin Nob","floor":6,"turns":4},{"damage":21,"enemies":"Blue Slaver","floor":7,"turns":4},{"damage":8,"enemies":"Exordium Wildlife","floor":13,"turns":2},{"damage":8,"enemies":"Lots of Slimes","floor":14,"turns":2},{"damage":18,"enemies":"Fading Forest","floor":16,"turns":11},{"damage":36,"enemies":"Chosen","floor":18,"turns":7},{"damage":42,"enemies":"Snake Plant","floor":20,"turns":5}],"seed_played":"-1931993868254007113","potions_obtained":[{"floor":2,"key":"AttackPotion"},{"floor":7,"key":"SpeedPotion"},{"floor":13,"key":"MagicPotion:ReiMu"},{"floor":16,"key":"champ:CounterPotion"}],"is_trial":false,"path_per_floor":["M","M","?","M","?","E","M","?","T","?","R","$","M","M","R","B",null,"M","?","M"],"character_chosen":"DOCTOR_CLASS","items_purchased":["HollowMod:LifeEnderRelic"],"campfire_rested":1,"item_purchase_floors":[12],"current_hp_per_floor":[72,72,54,54,54,29,13,13,13,13,34,34,26,23,23,25,72,36,36,0,0],"gold":156,"neow_bonus":"THREE_ENEMY_KILL","is_daily":false,"chose_seed":false,"campfire_upgraded":1,"win_rate":0.0,"timestamp":1613104490,"path_taken":["M","M","?","M","?","E","M","?","T","?","R","$","M","?","R","BOSS","M","?","?"],"items_purchased_type":["Relic"],"build_version":"2020-12-22","purchased_purges":0,"victory":false,"max_hp_per_floor":[72,72,72,72,72,72,72,72,72,72,72,72,72,72,72,72,72,72,72,72,72],"relic_stats":{"Darkstone Periapt":0,"Gremlin Horn":[13,14],"counters":[10,38],"Golden Idol":68,"Black Star":0,"obtain_stats":[{"Darkstone Periapt":10,"HollowMod:LifeEnderRelic":12,"NeowsBlessing":0,"ats:Originium":6,"Gremlin Horn":9,"Golden Idol":3,"Mastiff:ReiMu":6,"Black Star":17,"ats:Sanity":0,"PrismaticShard":8},{"Darkstone Periapt":5,"HollowMod:LifeEnderRelic":5,"NeowsBlessing":0,"ats:Originium":4,"Gremlin Horn":5,"Golden Idol":2,"Mastiff:ReiMu":4,"Black Star":8,"ats:Sanity":0,"PrismaticShard":5},{"Darkstone Periapt":11,"HollowMod:LifeEnderRelic":11,"NeowsBlessing":0,"ats:Originium":7,"Gremlin Horn":11,"Golden Idol":2,"Mastiff:ReiMu":7,"Black Star":26,"ats:Sanity":0,"PrismaticShard":11}]},"card_choices":[{"not_picked":["ats:Curse Doll","ats:Collapsing Strike"],"picked":"ats:Explosion Area Strengthen","floor":1},{"not_picked":["ats:Beaten Up","ats:Charging Defense"],"picked":"ats:Explosion Area Strengthen","floor":2},{"not_picked":["ats:Poison Spread","ats:Guard Mode"],"picked":"ats:Sunburst","floor":4},{"not_picked":["ats:Ignite","ats:Closed Bolt Burst Fire"],"picked":"ats:Chain Hook","floor":6},{"not_picked":["ats:Shell Defense","ats:Closed Bolt Burst Fire"],"picked":"ats:Charging Defense","floor":7},{"not_picked":["Rebound","bronze:Branch"],"picked":"HollowMod:DashSlash","floor":10},{"not_picked":["FinalSpark","Heavy Blade"],"picked":"sneckomod:WideSting","floor":10},{"not_picked":["PathToVictory","SignatureMove"],"picked":"Defy","floor":13},{"not_picked":["FlyingSleeves","LovePray:ReiMu","sneckomod:UnknownClassTHE_CHAMP_GRAY"],"picked":"SKIP","floor":14},{"not_picked":["SubcavityFantasy:ReiMu","Dilation"],"picked":"Echo Form","floor":16},{"not_picked":["sneckomod:UnknownClassMARISA_COLOR","MountainWay:ReiMu"],"picked":"sneckomod:SoulRoll","floor":18}],"player_experience":234715,"relics_obtained":[{"floor":6,"key":"ats:Originium"},{"floor":6,"key":"Mastiff:ReiMu"},{"floor":9,"key":"Gremlin Horn"},{"floor":10,"key":"Darkstone Periapt"}],"event_choices":[{"damage_healed":0,"gold_gain":0,"player_choice":"Take Damage","damage_taken":18,"relics_obtained":["Golden Idol"],"max_hp_gain":0,"max_hp_loss":0,"event_name":"Golden Idol","floor":3,"gold_loss":0},{"damage_healed":0,"gold_gain":0,"cards_transformed":["ats:Strike S"],"player_choice":"Change","damage_taken":0,"max_hp_gain":0,"max_hp_loss":0,"event_name":"Living Wall","floor":5,"gold_loss":0,"cards_obtained":["ats:Directed Diagnosis"]},{"damage_healed":0,"gold_gain":0,"player_choice":"Bet on Murderer","damage_taken":0,"max_hp_gain":0,"max_hp_loss":0,"event_name":"The Joust","floor":19,"gold_loss":50}],"is_beta":false,"boss_relics":[{"not_picked":["Runic Pyramid","Velvet Choker"],"picked":"Black Star"}],"items_purged_floors":[],"is_endless":false,"potions_floor_spawned":[2,7,13,16],"killed_by":"Snake Plant","ascension_level":1}}