{"host":"fkig9nrckec4xsh0","time":1613097094,"event":{"mods":["Act Like it!","BaseMod","Colored Map","Gensokyo","Hermit","Marisa????????","Minty Spire (QoL Compilation)","Quick Restart","Replay The Spire","StSLib"],"gold_per_floor":[112,22,42,80,255,255,255,271,271,271,291,307,333,348,348,348,348],"floor_reached":16,"language":"ENG","playtime":474,"items_purged":[],"score":102,"play_id":"4c8fc2b3-5e2f-4b77-b460-d45e63845c62","local_time":"20210211213134","is_ascension_mode":false,"campfire_choices":[{"data":"Doubt","floor":7,"key":"PURGE"}],"circlet_count":0,"master_deck":["Strike_B","Strike_B","Strike_B","Strike_B","Defend_B","Defend_B","Defend_B","Defend_B","Zap","Dualcast","Cold Snap","ReplayGash+1","Coolheaded","ReplayGash","ReplayTheSpireMod:Doomed","ReplayGash","Leap","ReplayTheSpireMod:System Scan","Crystallizer","Ball Lightning"],"relics":["Cracked Core","NeowsBlessing","Peace Pipe","Ring of Fury","ReplayTheSpireMod:Ring of Addiction","Chameleon Ring","SacredBark","Snack Pack","Geode"],"acts_visited":["Exordium"],"potions_floor_usage":[11,11,12,13,16,16,16],"damage_taken":[{"damage":0,"enemies":"Small Slimes","floor":1,"turns":1},{"damage":0,"enemies":"2 Louse","floor":3,"turns":1},{"damage":0,"enemies":"Jaw Worm","floor":8,"turns":1},{"damage":0,"enemies":"Exordium Wildlife","floor":11,"turns":3},{"damage":15,"enemies":"Gremlin Gang","floor":12,"turns":3},{"damage":24,"enemies":"Gremlin Nob","floor":13,"turns":4},{"damage":12,"enemies":"Blue Slaver","floor":14,"turns":2},{"damage":12,"enemies":"The Guardian","floor":16,"turns":3}],"seed_played":"5331669633350478504","potions_obtained":[{"floor":1,"key":"EssenceOfSteel"},{"floor":6,"key":"FocusPotion"},{"floor":6,"key":"GamblersBrew"},{"floor":12,"key":"Ancient Potion"},{"floor":14,"key":"Strength Potion"},{"floor":15,"key":"Flashbang"},{"floor":15,"key":"SteroidPotion"}],"is_trial":false,"path_per_floor":["M","$","M","?","?","?","R","M","T","?","M","M","E","M","R_BF","B"],"character_chosen":"DEFECT","items_purchased":["ReplayGash","Coolheaded"],"campfire_rested":0,"item_purchase_floors":[2,2],"current_hp_per_floor":[75,75,75,45,45,45,45,45,45,45,47,34,12,2,2,0,0],"gold":348,"neow_bonus":"THREE_ENEMY_KILL","is_daily":false,"chose_seed":false,"campfire_upgraded":0,"win_rate":0.0,"timestamp":1613097094,"path_taken":["M","$","M","?","?","?","R","?","T","?","M","M","E","M","R_BF","BOSS"],"items_purchased_type":["Card","Card"],"build_version":"2020-12-22","purchased_purges":0,"victory":false,"max_hp_per_floor":[75,75,75,75,75,75,75,75,75,73,73,73,73,73,73,73,73],"card_choices":[{"not_picked":["Fusion","Compile Driver"],"picked":"Cold Snap","floor":1},{"not_picked":["Cold Snap","Sweeping Beam"],"picked":"ReplayGash","floor":3},{"not_picked":["Barrage","Gash"],"picked":"ReplayGash","floor":8},{"not_picked":["Sunder","Redo"],"picked":"Leap","floor":11},{"not_picked":["Darkness","Storm"],"picked":"ReplayTheSpireMod:System Scan","floor":12},{"not_picked":["Hologram","Cold Snap"],"picked":"Crystallizer","floor":13},{"not_picked":["Chill","Panic Button"],"picked":"Ball Lightning","floor":14}],"player_experience":420548,"relics_obtained":[{"floor":4,"key":"Peace Pipe"},{"floor":6,"key":"Ring of Fury"},{"floor":6,"key":"ReplayTheSpireMod:Ring of Addiction"},{"floor":6,"key":"Chameleon Ring"},{"floor":6,"key":"SacredBark"},{"floor":9,"key":"Snack Pack"},{"floor":13,"key":"Geode"}],"event_choices":[{"damage_healed":0,"gold_gain":175,"player_choice":"AGREE","damage_taken":0,"max_hp_gain":0,"max_hp_loss":0,"event_name":"Liars Game","floor":5,"gold_loss":0,"cards_obtained":["Doubt"]},{"damage_healed":0,"gold_gain":0,"player_choice":"Upgraded","damage_taken":0,"max_hp_gain":0,"max_hp_loss":0,"event_name":"Upgrade Shrine","floor":10,"gold_loss":0,"cards_upgraded":["ReplayGash"]}],"is_beta":false,"boss_relics":[],"items_purged_floors":[],"is_endless":false,"potions_floor_spawned":[1,12,14],"killed_by":"The Guardian","ascension_level":0}}