{"host":"t0r9wuv4zaiwets7","time":1613163133,"event":{"mods":["AchievementEnabler","BaseMod","Bestiary","Colored Map","Colored Powertips","Downfall","Highlight Path","Minty Spire (QoL Compilation)","StSLib"],"gold_per_floor":[99,116,116,134,152,152,203,226,250,262,284,327,339,351,380,492,504,516,542,54,54,2,102,102,102,137,149,178,178,178,193,207,312,312,212,223,135,120,130,130,175,193,193,193,113,127,127,127,127,127],"floor_reached":48,"language":"ENG","playtime":3257,"items_purged":[],"score":570,"play_id":"ce8977c4-2ce8-4456-ac19-25ac3ff9bc4f","local_time":"20210212125213","is_ascension_mode":false,"campfire_choices":[{"data":"hexamod:Sear","floor":1.0,"key":"SMITH"},{"data":"hexamod:Float","floor":6.0,"key":"SMITH"},{"data":"hexamod:VolcanoVisage","floor":10.0,"key":"SMITH"},{"data":"hexamod:TimeWarp","floor":18.0,"key":"SMITH"},{"floor":30.0,"key":"REST"},{"data":"hexamod:ForkedFlame","floor":35.0,"key":"SMITH"},{"floor":40.0,"key":"REST"},{"data":"Slimebound:CheckThePlaybook","floor":44.0,"key":"SMITH"},{"floor":47.0,"key":"REST"}],"circlet_count":0,"master_deck":["hexamod:Defend","hexamod:Defend+1","hexamod:Defend+1","hexamod:Sear+1","hexamod:Float+1","hexamod:BurningTouch","hexamod:ExtraCrispy","hexamod:FastForward","hexamod:VolcanoVisage+1","hexamod:SpectralAdrenaline+1","hexamod:NightmareGuise","hexamod:GhostOfSpirePresent","downfall:Malfunctioning","hexamod:InspiringFlames","hexamod:TimeWarp+1","hexamod:GhostShield+1","hexamod:HeatMetal+1","expansioncontent:DashGenerateEvil","Slimebound:CheckThePlaybook+1","downfall:Icky","hexamod:ExtraCrispy","hexamod:RadiantFlame","hexamod:Firestarter+1","J.A.X.","hexamod:TimeWarp","hexamod:ChargedBarrage","Bite","Bite","Bite","Bite","Bite","hexamod:SkipABeat+1","hexamod:Again+1","hexamod:RecurringNightmare","hexamod:SoulSteal+1","hexamod:EtherealExpedition","hexamod:ForkedFlame+1","hexamod:GhostflameBarrier+1","hexamod:ShieldOfDarkness+1","hexamod:EmpoweredFlame","hexamod:RetreatToShadows+1","expansioncontent:DashGenerateEvil","expansioncontent:LastStand","hexamod:PhantomCloak"],"relics":["hexamod:SpiritBrand","MawBank","MealTicket","Nunchaku","Sozu","CaptainsWheel","MutagenicStrength","Bottled Lightning","Mercury Hourglass","Orichalcum","Philosopher\u0027s Stone","downfall:HeartBlessingGreen","Vajra","Bag of Preparation"],"acts_visited":["Exordium","TheCity","TheBeyond"],"potions_floor_usage":[],"damage_taken":[{"damage":0.0,"enemies":"Small Slimes","floor":2.0,"turns":4.0},{"damage":0.0,"enemies":"Cultist","floor":4.0,"turns":3.0},{"damage":5.0,"enemies":"Jaw Worm","floor":5.0,"turns":4.0},{"damage":0.0,"enemies":"3 Louse","floor":8.0,"turns":4.0},{"damage":6.0,"enemies":"Large Slime","floor":9.0,"turns":3.0},{"damage":3.0,"enemies":"Red Slaver","floor":11.0,"turns":4.0},{"damage":0.0,"enemies":"Gremlin Nob","floor":12.0,"turns":3.0},{"damage":4.0,"enemies":"3 Louse","floor":15.0,"turns":4.0},{"damage":17.0,"enemies":"IC_STATUS_ARCHETYPE","floor":16.0,"turns":6.0},{"damage":5.0,"enemies":"3 Byrds","floor":19.0,"turns":5.0},{"damage":0.0,"enemies":"downfall:FleeingMerchant","floor":20.0,"turns":4.0},{"damage":5.0,"enemies":"downfall:FleeingMerchant","floor":22.0,"turns":4.0},{"damage":21.0,"enemies":"downfall:Augmenter","floor":23.0,"turns":5.0},{"damage":16.0,"enemies":"Slavers","floor":26.0,"turns":4.0},{"damage":13.0,"enemies":"Shell Parasite","floor":27.0,"turns":4.0},{"damage":8.0,"enemies":"Book of Stabbing","floor":28.0,"turns":4.0},{"damage":5.0,"enemies":"Snecko","floor":31.0,"turns":4.0},{"damage":18.0,"enemies":"3 Cultists","floor":32.0,"turns":5.0},{"damage":47.0,"enemies":"WA_ARCHETYPE_CALM","floor":33.0,"turns":9.0},{"damage":0.0,"enemies":"3 Shapes","floor":36.0,"turns":4.0},{"damage":5.0,"enemies":"downfall:FleeingMerchant","floor":37.0,"turns":4.0},{"damage":30.0,"enemies":"downfall:FleeingMerchant","floor":38.0,"turns":4.0},{"damage":3.0,"enemies":"3 Darklings","floor":39.0,"turns":3.0},{"damage":15.0,"enemies":"Writhing Mass","floor":42.0,"turns":5.0},{"damage":0.0,"enemies":"downfall:FleeingMerchant","floor":45.0,"turns":1.0},{"damage":20.0,"enemies":"Jaw Worm Horde","floor":46.0,"turns":3.0},{"damage":68,"enemies":"Giant Head","floor":48,"turns":8}],"seed_played":"-6747020525443517782","potions_obtained":[{"floor":4.0,"key":"hexamod:SoulburnPotion"},{"floor":5.0,"key":"sneckomod:MuddlingPotion"},{"floor":9.0,"key":"sneckomod:MuddlingPotion"},{"floor":11.0,"key":"Fruit Juice"}],"is_trial":false,"path_per_floor":["R","M","?","M","M","R","T","M","M","R","M","E","?","?","M","B",null,"R","M","$","?","$","?","T","?","E","M","E","?","R","M","M","B",null,"R","M","$","$","M","R","T","M","?","R","$","M","R","E"],"character_chosen":"THE_SPIRIT","items_purchased":["expansioncontent:DashGenerateEvil","CaptainsWheel","hexamod:RadiantFlame","hexamod:EmpoweredFlame","Bag of Preparation","expansioncontent:DashGenerateEvil","expansioncontent:LastStand"],"campfire_rested":3,"item_purchase_floors":[20,20,22,37,45,45,45],"current_hp_per_floor":[77,77,77,77,72,72,72,72,66,66,68,68,61,61,57,40,82,82,77,82,82,77,56,56,56,48,37,35,35,52,51,43,6,57,57,57,52,29,32,49,49,42,42,42,57,41,57,0,0,0],"gold":127,"neow_bonus":"TEN_PERCENT_HP_BONUS","is_daily":false,"chose_seed":false,"campfire_upgraded":6,"win_rate":0.0,"timestamp":1613163133,"path_taken":["R","M","?","M","?","R","T","M","M","R","M","E","?","?","M","BOSS","R","M","$","?","$","?","T","?","E","M","E","?","R","M","M","BOSS","R","M","?","$","M","R","T","M","?","R","$","M","R","E"],"items_purchased_type":["Card","Relic","Card","Card","Relic","Card","Card"],"build_version":"2020-12-22","purchased_purges":0,"victory":false,"max_hp_per_floor":[77,77,77,77,77,77,77,77,77,77,82,82,82,82,82,82,82,82,82,82,82,82,82,82,57,57,57,57,57,57,57,57,57,57,57,57,57,57,57,57,57,57,57,57,57,57,57,57,57,57],"card_choices":[{"not_picked":["hexamod:ThermalTransfer","hexamod:Again"],"picked":"hexamod:BurningTouch","floor":2.0},{"not_picked":["hexamod:Rewind","hexamod:GhostShield"],"picked":"hexamod:ExtraCrispy","floor":4.0},{"not_picked":["hexamod:ShieldOfDarkness","hexamod:RainOfEmbers"],"picked":"hexamod:FastForward","floor":5.0},{"not_picked":["hexamod:InspiringFlames","hexamod:FastForward"],"picked":"hexamod:VolcanoVisage","floor":8.0},{"not_picked":["hexamod:BacktrackSmack","hexamod:ShieldOfDarkness"],"picked":"hexamod:SpectralAdrenaline","floor":9.0},{"not_picked":["hexamod:Firestarter","hexamod:HauntingEcho"],"picked":"hexamod:NightmareGuise","floor":11.0},{"not_picked":["hexamod:NightmareGuise","hexamod:RadiantFlame"],"picked":"hexamod:GhostOfSpirePresent","floor":12.0},{"not_picked":["hexamod:SpectersWail","hexamod:Hexaguard"],"picked":"hexamod:InspiringFlames","floor":15.0},{"not_picked":["hexamod:GhostOfSpirePresent","hexamod:GhostflameInferno"],"picked":"hexamod:TimeWarp","floor":16.0},{"not_picked":["hexamod:SpectersWail","hexamod:Incineration"],"picked":"hexamod:GhostShield+1","floor":19.0},{"not_picked":["hexamod:SecondSeal","hexamod:GhostflameBarrier"],"picked":"hexamod:HeatMetal+1","floor":20.0},{"not_picked":["hexamod:HeatMetal","hexamod:BurningTouch"],"picked":"hexamod:ExtraCrispy","floor":22.0},{"not_picked":["hexamod:GhostShield","hexamod:Hexaguard"],"picked":"hexamod:Firestarter+1","floor":23.0},{"not_picked":[],"picked":"J.A.X.","floor":23.0},{"not_picked":["hexamod:GhostOfSpirePast","hexamod:Haunt+1"],"picked":"hexamod:SkipABeat+1","floor":26.0},{"not_picked":["hexamod:SpectersWail","hexamod:ThermalTransfer"],"picked":"hexamod:Again+1","floor":27.0},{"not_picked":["hexamod:ThirdSeal","hexamod:ParanormalForm","hexamod:HeatCrush"],"picked":"SKIP","floor":28.0},{"not_picked":["hexamod:DynamicBlow","hexamod:HeatMetal"],"picked":"hexamod:SoulSteal+1","floor":31.0},{"not_picked":["hexamod:RainOfEmbers","hexamod:Incineration"],"picked":"hexamod:EtherealExpedition","floor":32.0},{"not_picked":["hexamod:GhostflameInferno","hexamod:TurnItUp"],"picked":"hexamod:ForkedFlame","floor":33.0},{"not_picked":["hexamod:SwordOfDarkness","hexamod:EtherealExpedition"],"picked":"hexamod:GhostflameBarrier+1","floor":36.0},{"not_picked":["hexamod:Firestarter+1","hexamod:CatchUp"],"picked":"hexamod:ShieldOfDarkness+1","floor":37.0},{"not_picked":["hexamod:InspiringFlames","hexamod:HeatCrush","hexamod:Haunt"],"picked":"SKIP","floor":38.0},{"not_picked":["hexamod:ShieldOfDarkness","hexamod:GhostLash+1"],"picked":"hexamod:RetreatToShadows+1","floor":39.0},{"not_picked":["hexamod:ThermalTransfer","hexamod:BurningTouch+1","hexamod:SoulSteal"],"picked":"SKIP","floor":42.0},{"not_picked":["hexamod:GhostOfSpirePast","hexamod:GhostLash"],"picked":"hexamod:PhantomCloak","floor":46.0}],"player_experience":197836,"relics_obtained":[{"floor":7.0,"key":"MawBank"},{"floor":12.0,"key":"MealTicket"},{"floor":23.0,"key":"MutagenicStrength"},{"floor":24.0,"key":"Bottled Lightning"},{"floor":26.0,"key":"Mercury Hourglass"},{"floor":28.0,"key":"Orichalcum"},{"floor":41.0,"key":"Vajra"}],"event_choices":[{"damage_healed":0.0,"max_hp_gain":0.0,"max_hp_loss":0.0,"gold_gain":0.0,"event_name":"Scrap Ooze","player_choice":"Success","floor":13.0,"gold_loss":0.0,"damage_taken":7.0,"relics_obtained":["Nunchaku"]},{"damage_healed":0.0,"max_hp_gain":0.0,"max_hp_loss":25.0,"gold_gain":0.0,"event_name":"Vampires","player_choice":"Became a vampire","floor":25.0,"gold_loss":0.0,"damage_taken":0.0,"cards_obtained":["Bite","Bite","Bite","Bite","Bite"]}],"is_beta":false,"boss_relics":[{"not_picked":["bronze:MakeshiftBattery","hexamod:UnbrokenSoul"],"picked":"Sozu"},{"not_picked":["Pandora\u0027s Box","Runic Dome"],"picked":"Philosopher\u0027s Stone"}],"items_purged_floors":[],"is_endless":false,"potions_floor_spawned":[4,5,9,11,26,27,31,32,39],"killed_by":"Giant Head","ascension_level":0}}