{"host":"8u1cu4kisw6g21am","time":1613099919,"event":{"mods":["AchievementEnabler","BaseMod","Bestiary","BetterRewards","Minty Spire (QoL Compilation)","Quick Restart","Shop Mod","StSLib"],"gold_per_floor":[109,59,59,59,74,107,107,141,164,164,164,188,188,212,212,378,378,396,411,432,448,83,124,140,156,156,174,188,188,211,225,225,350,350,371,371,5,5,30,63,63,104,104,113,140,161,205,221,221,221],"floor_reached":51,"language":"ENG","playtime":41091,"items_purged":["Strike_B","Defend_B"],"score":871,"play_id":"f9becd20-bc9e-4e24-a870-7ab945fd53ca","local_time":"20210211221839","is_ascension_mode":false,"campfire_choices":[{"floor":13.0,"key":"REST"},{"data":"Zap","floor":15.0,"key":"SMITH"},{"data":"Storm","floor":32.0,"key":"SMITH"},{"data":"Creative AI","floor":41.0,"key":"SMITH"},{"data":"Consume","floor":49,"key":"SMITH"}],"circlet_count":0,"master_deck":["Strike_B+1","Strike_B+1","Defend_B","Defend_B+1","Zap+1","Dualcast","Loop","Melter","Ball Lightning","Consume+1","Seek","Capacitor+1","Tempest+1","Redo+1","Storm+1","Ghostly","Ghostly+1","Ghostly","Ghostly","Ghostly","Creative AI+1"],"relics":["Cracked Core","NeowsBlessing","Tiny Chest","Singing Bowl","Orichalcum","Blood Vial","Golden Idol","Nuclear Battery","MerchantsRug","HornCleat","Pantograph","Busted Crown","Molten Egg 2","Bronze Scales","Bag of Marbles","Pen Nib","Question Card","PreservedInsect","Kunai"],"acts_visited":["Exordium","TheCity","TheBeyond"],"potions_floor_usage":[47,50,50],"damage_taken":[{"damage":0.0,"enemies":"Small Slimes","floor":1.0,"turns":1.0},{"damage":0.0,"enemies":"Cultist","floor":5.0,"turns":1.0},{"damage":0.0,"enemies":"Lagavulin","floor":6.0,"turns":1.0},{"damage":39.0,"enemies":"3 Sentries","floor":8.0,"turns":7.0},{"damage":7.0,"enemies":"2 Louse","floor":12.0,"turns":2.0},{"damage":0.0,"enemies":"Large Slime","floor":14.0,"turns":4.0},{"damage":0.0,"enemies":"Slime Boss","floor":16.0,"turns":9.0},{"damage":5.0,"enemies":"Chosen","floor":18.0,"turns":4.0},{"damage":11.0,"enemies":"3 Byrds","floor":19.0,"turns":4.0},{"damage":38.0,"enemies":"Cultist and Chosen","floor":20.0,"turns":7.0},{"damage":10.0,"enemies":"Snecko","floor":21.0,"turns":3.0},{"damage":45.0,"enemies":"Gremlin Leader","floor":23.0,"turns":6.0},{"damage":6.0,"enemies":"Centurion and Healer","floor":24.0,"turns":3.0},{"damage":0.0,"enemies":"Cultist and Chosen","floor":25.0,"turns":4.0},{"damage":17.0,"enemies":"Snake Plant","floor":27.0,"turns":3.0},{"damage":14.0,"enemies":"Centurion and Healer","floor":28.0,"turns":5.0},{"damage":5.0,"enemies":"Sentry and Sphere","floor":30.0,"turns":3.0},{"damage":0.0,"enemies":"Snake Plant","floor":31.0,"turns":4.0},{"damage":23.0,"enemies":"Automaton","floor":33.0,"turns":10.0},{"damage":5.0,"enemies":"Orb Walker","floor":35.0,"turns":3.0},{"damage":1.0,"enemies":"3 Shapes","floor":39.0,"turns":3.0},{"damage":0.0,"enemies":"Giant Head","floor":40.0,"turns":7.0},{"damage":13.0,"enemies":"Nemesis","floor":42.0,"turns":7.0},{"damage":0,"enemies":"Sphere and 2 Shapes","floor":46,"turns":3},{"damage":0,"enemies":"Giant Head","floor":47,"turns":6},{"damage":0,"enemies":"Writhing Mass","floor":48,"turns":5},{"damage":51,"enemies":"Awakened One","floor":50,"turns":10}],"seed_played":"8785790584129675888","potions_obtained":[{"floor":12.0,"key":"ColorlessPotion"},{"floor":14.0,"key":"PotionOfCapacity"},{"floor":19.0,"key":"FocusPotion"},{"floor":21.0,"key":"Regen Potion"},{"floor":23.0,"key":"BlessingOfTheForge"},{"floor":24.0,"key":"EssenceOfSteel"},{"floor":25.0,"key":"AttackPotion"},{"floor":28.0,"key":"SpeedPotion"},{"floor":40.0,"key":"LiquidBronze"},{"floor":46,"key":"AttackPotion"},{"floor":48,"key":"Dexterity Potion"}],"is_trial":false,"path_per_floor":["M","?","?","?","M","E","?","E","T","?","T","M","R","M","R","B",null,"M","M","M","M","$","E","M","M","T","M","M","?","M","M","R","B",null,"M","T","$","$","M","E","R","E","T","$","T","M","E","M","R","B",null],"character_chosen":"DEFECT","items_purchased":["Lee\u0027s Waffle","MerchantsRug","Bronze Scales","Bag of Marbles"],"campfire_rested":1,"item_purchase_floors":[22,22,37,37],"current_hp_per_floor":[75,75,57,62,62,64,64,25,25,25,25,22,45,47,47,49,78,73,66,30,24,89,56,54,56,56,43,31,31,30,34,34,28,51,48,48,48,48,51,55,55,46,46,46,46,50,54,58,58,14],"gold":221,"neow_bonus":"THREE_ENEMY_KILL","is_daily":false,"chose_seed":false,"campfire_upgraded":4,"win_rate":0.0,"timestamp":1613099919,"path_taken":["M","?","?","?","M","E","?","E","T","?","?","M","R","M","R","BOSS","M","M","?","M","$","E","?","M","T","M","M","?","M","M","R","BOSS","M","?","?","$","M","E","R","E","T","$","?","M","E","M","R","BOSS"],"items_purchased_type":["Relic","Relic","Relic","Relic"],"build_version":"2020-12-22","purchased_purges":2,"victory":true,"max_hp_per_floor":[75,75,75,80,80,82,82,82,82,76,76,78,78,78,78,78,78,78,80,80,82,89,91,93,93,93,95,95,47,49,51,51,51,51,53,53,53,53,55,57,57,59,59,59,59,61,63,65,65,65],"card_choices":[{"not_picked":["Streamline","Conserve Battery"],"picked":"Loop","floor":1.0},{"not_picked":["Cold Snap","Turbo","Gash"],"picked":"SKIP","floor":5.0},{"not_picked":["Rip and Tear","Hello World","Heatsinks"],"picked":"Singing Bowl","floor":6.0},{"not_picked":["Blizzard","Rebound"],"picked":"Ball Lightning","floor":8.0},{"not_picked":["Loop","Double Energy","Chaos"],"picked":"Singing Bowl","floor":12.0},{"not_picked":["Aggregate","Rebound"],"picked":"Consume","floor":14.0},{"not_picked":["Machine Learning","Multi-Cast"],"picked":"Seek","floor":16.0},{"not_picked":["Hologram","Reinforced Body+1"],"picked":"Capacitor+1","floor":18.0},{"not_picked":["Stack","Leap","Sunder+1"],"picked":"Singing Bowl","floor":19.0},{"not_picked":["Undo+1","Fusion"],"picked":"Tempest+1","floor":20.0},{"not_picked":["Hello World","Go for the Eyes","Rainbow"],"picked":"Singing Bowl","floor":21.0},{"not_picked":["Beam Cell","Hologram","Seek"],"picked":"Singing Bowl","floor":23.0},{"not_picked":["Cold Snap","Stack+1","Steam Power"],"picked":"Singing Bowl","floor":24.0},{"not_picked":["Stack+1","Hologram"],"picked":"Redo+1","floor":25.0},{"not_picked":["Rebound","Streamline","Steam"],"picked":"Singing Bowl","floor":27.0},{"not_picked":["Double Energy+1","White Noise"],"picked":"Storm","floor":28.0},{"not_picked":["Coolheaded","Hologram","Aggregate"],"picked":"Singing Bowl","floor":30.0},{"not_picked":["Gash","Conserve Battery","Barrage+1"],"picked":"Singing Bowl","floor":31.0},{"not_picked":["Machine Learning","Amplify"],"picked":"Creative AI","floor":33.0},{"not_picked":["Compile Driver+1"],"picked":"Singing Bowl","floor":35.0},{"not_picked":["Chill+1"],"picked":"Singing Bowl","floor":39.0},{"not_picked":["Cold Snap+1"],"picked":"Singing Bowl","floor":40.0},{"not_picked":["Reprogram+1"],"picked":"Singing Bowl","floor":42.0},{"not_picked":["Turbo+1","Steam+1"],"picked":"Singing Bowl","floor":46},{"not_picked":["Melter+1","Multi-Cast"],"picked":"Singing Bowl","floor":47},{"not_picked":["Cold Snap+1","BootSequence+1"],"picked":"Singing Bowl","floor":48}],"player_experience":118602,"relics_obtained":[{"floor":6.0,"key":"Singing Bowl"},{"floor":8.0,"key":"Orichalcum"},{"floor":9.0,"key":"Blood Vial"},{"floor":11.0,"key":"Whetstone"},{"floor":23.0,"key":"HornCleat"},{"floor":26.0,"key":"Pantograph"},{"floor":36.0,"key":"Molten Egg 2"},{"floor":40.0,"key":"War Paint"},{"floor":42.0,"key":"Pen Nib"},{"floor":43.0,"key":"Question Card"},{"floor":45.0,"key":"PreservedInsect"},{"floor":47,"key":"Kunai"}],"event_choices":[{"cards_removed":["Strike_B"],"damage_healed":0.0,"max_hp_gain":0.0,"max_hp_loss":0.0,"gold_gain":0.0,"event_name":"The Cleric","player_choice":"Card Removal","floor":2.0,"gold_loss":50.0,"damage_taken":0.0},{"damage_healed":0.0,"max_hp_gain":0.0,"max_hp_loss":0.0,"gold_gain":0.0,"event_name":"Scrap Ooze","player_choice":"Success","floor":3.0,"gold_loss":0.0,"damage_taken":18.0,"relics_obtained":["Tiny Chest"]},{"damage_healed":0.0,"max_hp_gain":5.0,"max_hp_loss":0.0,"gold_gain":0.0,"event_name":"Big Fish","player_choice":"Donut","floor":4.0,"gold_loss":0.0,"damage_taken":0.0},{"damage_healed":0.0,"max_hp_gain":0.0,"max_hp_loss":0.0,"gold_gain":0.0,"cards_transformed":["Defend_B"],"event_name":"Living Wall","player_choice":"Change","floor":7.0,"gold_loss":0.0,"damage_taken":0.0,"cards_obtained":["Melter"]},{"damage_healed":0.0,"max_hp_gain":0.0,"max_hp_loss":6.0,"gold_gain":0.0,"event_name":"Golden Idol","player_choice":"Lose Max HP","floor":10.0,"gold_loss":0.0,"damage_taken":0.0,"relics_obtained":["Golden Idol"]},{"damage_healed":0.0,"max_hp_gain":0.0,"max_hp_loss":48.0,"gold_gain":0.0,"event_name":"Ghosts","player_choice":"Became a Ghost","floor":29.0,"gold_loss":0.0,"damage_taken":0.0,"cards_obtained":["Ghostly","Ghostly","Ghostly","Ghostly","Ghostly"]}],"is_beta":false,"boss_relics":[{"not_picked":["FrozenCore","Coffee Dripper"],"picked":"Nuclear Battery"},{"not_picked":["Snecko Eye","Philosopher\u0027s Stone"],"picked":"Busted Crown"}],"items_purged_floors":[22,37],"is_endless":false,"potions_floor_spawned":[12,14,19,21,23,24,25,28,40,46,48],"ascension_level":0}}