{"host":"nsc6ozq3atyrdr3m","time":1613157235,"event":{"mods":["BaseMod","Colored Map","Minty Spire (QoL Compilation)"],"gold_per_floor":[118,133,107,160,80,114,125,53,53,53,53,84,95,110,110,205,205,220,116,116,135,148,148,148],"floor_reached":23,"language":"FRA","playtime":752,"items_purged":[],"score":249,"play_id":"af50076b-984c-4773-bac1-c226d53082ae","local_time":"20210212201355","is_ascension_mode":true,"campfire_choices":[{"data":"Defragment","floor":10,"key":"SMITH"},{"data":"Capacitor","floor":11,"key":"SMITH"},{"data":"Static Discharge","floor":15,"key":"SMITH"}],"circlet_count":0,"master_deck":["Strike_B","Strike_B","Strike_B","Strike_B","Defend_B","Defend_B","Defend_B","Defend_B","Zap","Dualcast","Leap","Sunder","Coolheaded","Capacitor+1","Static Discharge+1","Melter","Defragment+1","Compile Driver","Rainbow","Leap","Consume","Storm","Turbo+1"],"relics":["FrozenCore","NeowsBlessing","Oddly Smooth Stone","Anchor","WingedGreaves","DataDisk"],"acts_visited":["Exordium","TheCity"],"potions_floor_usage":[16,16,22,23],"damage_taken":[{"damage":0,"enemies":"Cultist","floor":1,"turns":1},{"damage":0,"enemies":"Small Slimes","floor":2,"turns":1},{"damage":0,"enemies":"3 Sentries","floor":6,"turns":1},{"damage":0,"enemies":"Jaw Worm","floor":7,"turns":4},{"damage":17,"enemies":"Lagavulin","floor":12,"turns":7},{"damage":6,"enemies":"Large Slime","floor":13,"turns":5},{"damage":10,"enemies":"Exordium Thugs","floor":14,"turns":4},{"damage":11,"enemies":"Slime Boss","floor":16,"turns":9},{"damage":3,"enemies":"Chosen","floor":18,"turns":7},{"damage":42,"enemies":"3 Byrds","floor":21,"turns":7},{"damage":4,"enemies":"Centurion and Healer","floor":22,"turns":10},{"damage":47,"enemies":"Gremlin Leader","floor":23,"turns":7}],"seed_played":"2836764483119913858","potions_obtained":[{"floor":2,"key":"EssenceOfSteel"},{"floor":13,"key":"LiquidMemories"},{"floor":14,"key":"SkillPotion"},{"floor":16,"key":"GamblersBrew"},{"floor":18,"key":"SmokeBomb"},{"floor":21,"key":"Regen Potion"}],"is_trial":false,"path_per_floor":["M","M","$","T","$","E","M","$","T","R","R","E","M","M","R","B",null,"M","$","?","M","M","E"],"character_chosen":"DEFECT","items_purchased":["Coolheaded","Capacitor","Defragment","Consume","Storm"],"campfire_rested":0,"item_purchase_floors":[3,5,8,19,19],"current_hp_per_floor":[75,75,75,75,75,75,75,75,75,75,75,58,52,42,42,31,75,72,72,72,30,41,0,0],"gold":148,"neow_bonus":"THREE_ENEMY_KILL","is_daily":false,"chose_seed":false,"campfire_upgraded":3,"win_rate":0.0,"timestamp":1613157235,"path_taken":["M","M","$","?","$","E","M","$","T","R","R","E","M","M","R","BOSS","M","$","?","M","?","E"],"items_purchased_type":["Card","Card","Card","Card","Card"],"build_version":"2020-12-22","purchased_purges":0,"victory":false,"max_hp_per_floor":[75,75,75,75,75,75,75,75,75,75,75,75,75,75,75,75,75,75,75,75,75,75,75,75],"card_choices":[{"not_picked":["Stack","Gash"],"picked":"Leap","floor":1},{"not_picked":["Undo","Fusion"],"picked":"Sunder","floor":2},{"not_picked":["Sunder","Genetic Algorithm"],"picked":"Static Discharge","floor":6},{"not_picked":["Go for the Eyes","White Noise"],"picked":"Melter","floor":7},{"not_picked":["Redo","Reprogram","Double Energy"],"picked":"SKIP","floor":12},{"not_picked":["Barrage","Leap","BootSequence"],"picked":"SKIP","floor":13},{"not_picked":["White Noise","Redo"],"picked":"Compile Driver","floor":14},{"not_picked":["Echo Form","Meteor Strike"],"picked":"Rainbow","floor":16},{"not_picked":["Compile Driver","Barrage"],"picked":"Leap","floor":18},{"not_picked":["Go for the Eyes","Barrage","Machine Learning"],"picked":"SKIP","floor":21},{"not_picked":["Beam Cell","Gash+1"],"picked":"Turbo+1","floor":22}],"player_experience":401341,"relics_obtained":[{"floor":4,"key":"Oddly Smooth Stone"},{"floor":6,"key":"Anchor"},{"floor":9,"key":"WingedGreaves"},{"floor":12,"key":"DataDisk"}],"event_choices":[{"damage_healed":0,"gold_gain":0,"player_choice":"Bought 0 Potions","damage_taken":0,"max_hp_gain":0,"max_hp_loss":0,"event_name":"The Woman in Blue","floor":20,"gold_loss":0}],"is_beta":false,"boss_relics":[{"not_picked":["SlaversCollar","Nuclear Battery"],"picked":"FrozenCore"}],"items_purged_floors":[],"is_endless":false,"potions_floor_spawned":[2,13,14,16,18,21],"killed_by":"Gremlin Leader","ascension_level":2}}