{"host":"7ij4m6ehapfophuy","time":1613165230,"event":{"mods":["BaseMod","Bestiary","Curses Come First","Filter the Spire","Minty Spire (QoL Compilation)","Relic Stats","StSLib","ojb\u0027s Better Paths Mod"],"gold_per_floor":[114,114,2,17,27,60,60,89,138,152,152,11,23,50,50,126,126,137,152,152,170,170,170,170,170,195,210,10,38,38,58,58,58,58],"floor_reached":33,"language":"ENG","playtime":1797,"items_purged":["Decay"],"score":645,"play_id":"78f821dc-fdca-41be-8c2d-98b22c7d38a2","local_time":"20210212162710","is_ascension_mode":true,"campfire_choices":[{"data":"Streamline","floor":7,"key":"SMITH"},{"floor":11,"key":"REST"},{"floor":15,"key":"REST"},{"floor":23,"key":"REST"},{"floor":25,"key":"REST"},{"floor":30,"key":"RECALL"},{"floor":32,"key":"REST"}],"circlet_count":0,"master_deck":["AscendersBane","Defend_B","Defend_B","Defend_B","Defend_B","Zap","Dualcast","Rebound","Rip and Tear","Biased Cognition","Ball Lightning","Streamline+1","FTL","Glacier","Loop","Core Surge","Conserve Battery","Stack+1","Bite","Bite","Bite","Bite","Bite","Reinforced Body","Sunder","Hologram","Coolheaded"],"relics":["Runic Dome","Orichalcum","Potion Belt","DataDisk","Fusion Hammer","Necronomicon","Bronze Scales","Mummified Hand"],"acts_visited":["Exordium","TheCity"],"potions_floor_usage":[8,10,14,16,27,29,33,33],"damage_taken":[{"damage":1,"enemies":"Cultist","floor":1,"turns":4},{"damage":10,"enemies":"Small Slimes","floor":4,"turns":3},{"damage":7,"enemies":"Jaw Worm","floor":5,"turns":2},{"damage":25,"enemies":"3 Sentries","floor":6,"turns":5},{"damage":8,"enemies":"Gremlin Nob","floor":8,"turns":3},{"damage":6,"enemies":"Exordium Wildlife","floor":10,"turns":3},{"damage":4,"enemies":"3 Louse","floor":13,"turns":3},{"damage":17,"enemies":"Lagavulin","floor":14,"turns":4},{"damage":3,"enemies":"Slime Boss","floor":16,"turns":7},{"damage":23,"enemies":"2 Thieves","floor":18,"turns":3},{"damage":5,"enemies":"Chosen","floor":19,"turns":5},{"damage":14,"enemies":"Snake Plant","floor":21,"turns":4},{"damage":14,"enemies":"Shelled Parasite and Fungi","floor":27,"turns":4},{"damage":0,"enemies":"Slavers","floor":29,"turns":5},{"damage":24,"enemies":"3 Cultists","floor":31,"turns":5},{"damage":88,"enemies":"Collector","floor":33,"turns":12}],"seed_played":"-9040355387085695221","potions_obtained":[{"floor":4,"key":"SteroidPotion"},{"floor":6,"key":"PowerPotion"},{"floor":10,"key":"DuplicationPotion"},{"floor":16,"key":"Fire Potion"},{"floor":18,"key":"Weak Potion"}],"is_trial":false,"path_per_floor":["M","?","$","M","M","E","R","E","T","M","R","$","M","E","R","B",null,"M","M","?","M","?","R","?","R","T","M","$","E","R","M","R","B"],"character_chosen":"DEFECT","items_purchased":["Rip and Tear","FearPotion","FTL","Sunder","AttackPotion","BlessingOfTheForge"],"campfire_rested":5,"item_purchase_floors":[3,12,12,28,28,28],"current_hp_per_floor":[63,63,63,53,46,21,21,13,13,7,28,28,24,7,28,25,60,37,32,32,18,18,32,11,25,25,19,19,32,32,18,32,0,0],"gold":58,"neow_bonus":"BOSS_RELIC","is_daily":false,"chose_seed":false,"campfire_upgraded":1,"win_rate":0.0,"timestamp":1613165230,"path_taken":["M","?","$","M","M","E","R","E","T","M","R","$","?","E","R","BOSS","M","M","?","M","?","R","?","R","T","M","$","E","R","?","R","BOSS"],"items_purchased_type":["Card","Potion","Card","Card","Potion","Potion"],"build_version":"2020-12-22","purchased_purges":1,"victory":false,"max_hp_per_floor":[71,71,71,71,71,71,71,71,71,71,71,71,71,71,71,71,71,71,71,71,71,49,49,49,49,49,49,49,49,49,49,49,49,49],"relic_stats":{"counters":[16,72],"Mummified Hand":[3],"Bronze Scales":[75],"Necronomicon":[7],"Orichalcum":[42],"obtain_stats":[{"Potion Belt":9,"Runic Dome":0,"DataDisk":14,"Mummified Hand":29,"Bronze Scales":26,"Fusion Hammer":17,"Necronomicon":24,"Orichalcum":8,"Cracked Core":0},{"Potion Belt":5,"Runic Dome":0,"DataDisk":8,"Mummified Hand":14,"Bronze Scales":12,"Fusion Hammer":9,"Necronomicon":12,"Orichalcum":5,"Cracked Core":0},{"Potion Belt":17,"Runic Dome":0,"DataDisk":27,"Mummified Hand":55,"Bronze Scales":46,"Fusion Hammer":34,"Necronomicon":46,"Orichalcum":17,"Cracked Core":0}]},"card_choices":[{"not_picked":["Gash","Beam Cell"],"picked":"Rebound","floor":1},{"not_picked":["Conserve Battery","Beam Cell"],"picked":"Biased Cognition","floor":4},{"not_picked":["Fusion","Chaos"],"picked":"Ball Lightning","floor":5},{"not_picked":["Static Discharge","Go for the Eyes"],"picked":"Streamline","floor":6},{"not_picked":["Redo","Double Energy","Streamline"],"picked":"SKIP","floor":8},{"not_picked":["Gash","Barrage","Redo"],"picked":"SKIP","floor":10},{"not_picked":["Loop","Turbo"],"picked":"Glacier","floor":13},{"not_picked":["BootSequence","Go for the Eyes"],"picked":"Loop","floor":14},{"not_picked":["Hyperbeam","Fission"],"picked":"Core Surge","floor":16},{"not_picked":["Stack","Barrage"],"picked":"Conserve Battery","floor":18},{"not_picked":["Gash","Redo","White Noise"],"picked":"SKIP","floor":19},{"not_picked":["Steam","Barrage"],"picked":"Stack+1","floor":21},{"not_picked":["Coolheaded","Sweeping Beam"],"picked":"Reinforced Body","floor":27},{"not_picked":["Lockon","Static Discharge"],"picked":"Hologram","floor":29},{"not_picked":["Gash","Fusion"],"picked":"Coolheaded","floor":31}],"player_experience":1108870,"relics_obtained":[{"floor":8,"key":"Orichalcum"},{"floor":9,"key":"Potion Belt"},{"floor":14,"key":"DataDisk"},{"floor":24,"key":"Necronomicon"},{"floor":26,"key":"Bronze Scales"},{"floor":29,"key":"Mummified Hand"}],"event_choices":[{"damage_healed":0,"gold_gain":0,"player_choice":"Cursed","damage_taken":0,"max_hp_gain":0,"max_hp_loss":0,"event_name":"Wheel of Change","floor":2,"gold_loss":0,"cards_obtained":["Decay"]},{"damage_healed":0,"gold_gain":0,"player_choice":"Ignored","damage_taken":0,"max_hp_gain":0,"max_hp_loss":0,"event_name":"The Mausoleum","floor":20,"gold_loss":0},{"damage_healed":0,"gold_gain":0,"player_choice":"Became a vampire","damage_taken":0,"max_hp_gain":0,"max_hp_loss":22,"event_name":"Vampires","floor":22,"gold_loss":0,"cards_obtained":["Bite","Bite","Bite","Bite","Bite"]},{"damage_healed":0,"gold_gain":0,"player_choice":"Obtained Book","damage_taken":21,"max_hp_gain":0,"max_hp_loss":0,"event_name":"Cursed Tome","floor":24,"gold_loss":0}],"is_beta":false,"boss_relics":[{"not_picked":["Ectoplasm","Black Star"],"picked":"Fusion Hammer"}],"items_purged_floors":[3],"is_endless":false,"potions_floor_spawned":[4,6,10,16,18],"killed_by":"Collector","ascension_level":20}}