{"host":"og6lam4kt3nibbw0","time":1613149651,"event":{"mods":["AchievementEnabler","BaseMod","Colored Map","DeckTracker","Highlight Path","Keyboard Shortcuts","Minty Spire (QoL Compilation)","Permanent Neow","Quick Restart","StSLib","SuperFastMode"],"gold_per_floor":[112,31,50,125,36,64,64,29,29,29,56,56,71,71,71,144,144,116,116,116,116,116],"floor_reached":21,"language":"KOR","playtime":527,"items_purged":[],"score":366,"play_id":"3f4fb4b5-5184-4051-8402-1d0493a642e9","local_time":"20210213020731","is_ascension_mode":true,"campfire_choices":[{"floor":7.0,"key":"REST"},{"data":"Sweeping Beam","floor":10.0,"key":"SMITH"},{"floor":15,"key":"REST"}],"circlet_count":0,"master_deck":["AscendersBane","Strike_B","Strike_B","Defend_B","Defend_B","Defend_B","Zap","Dualcast","Blizzard+1","Multi-Cast+1","Storm+1","Cold Snap","Capacitor","Sweeping Beam+1","Capacitor","Coolheaded","Loop","Doom and Gloom","Seek","Turbo","Writhe","Decay"],"relics":["Astrolabe","Cables","Ancient Tea Set","Blood Vial","Inserter","Emotion Chip"],"acts_visited":["Exordium","TheCity"],"potions_floor_usage":[16,16],"damage_taken":[{"damage":9.0,"enemies":"Jaw Worm","floor":1.0,"turns":5.0},{"damage":2.0,"enemies":"Small Slimes","floor":3.0,"turns":3.0},{"damage":31.0,"enemies":"3 Sentries","floor":6.0,"turns":6.0},{"damage":25.0,"enemies":"Lagavulin","floor":11.0,"turns":8.0},{"damage":9,"enemies":"2 Louse","floor":13,"turns":2},{"damage":39,"enemies":"The Guardian","floor":16,"turns":6},{"damage":37,"enemies":"2 Thieves","floor":18,"turns":4},{"damage":23,"enemies":"Spheric Guardian","floor":21,"turns":3}],"seed_played":"-6942232881330472767","potions_obtained":[{"floor":1.0,"key":"SteroidPotion"},{"floor":3.0,"key":"PotionOfCapacity"},{"floor":11.0,"key":"Weak Potion"},{"floor":13,"key":"GamblersBrew"}],"is_trial":false,"path_per_floor":["M","$","M","?","$","E","R","?","T","R","E","?","M","$","R","B",null,"M","?","?","M"],"character_chosen":"DEFECT","items_purchased":["Capacitor","Capacitor"],"campfire_rested":2,"item_purchase_floors":[2,5],"current_hp_per_floor":[55,55,53,42,42,11,32,49,49,49,24,24,17,17,38,1,54,19,19,19,0,0],"gold":116,"neow_bonus":"BOSS_RELIC","is_daily":false,"chose_seed":false,"campfire_upgraded":1,"win_rate":0.0,"timestamp":1613149651,"path_taken":["M","$","M","?","$","E","R","?","T","R","E","?","M","?","R","BOSS","M","?","?","M"],"items_purchased_type":["Card","Card"],"build_version":"2020-12-22","purchased_purges":0,"victory":false,"max_hp_per_floor":[71,71,71,71,71,71,71,71,71,71,71,71,71,71,71,71,71,71,71,71,71,71],"card_choices":[{"not_picked":["Leap","Sweeping Beam"],"picked":"Cold Snap","floor":1.0},{"not_picked":["Streamline","Stack"],"picked":"Sweeping Beam","floor":3.0},{"not_picked":["Static Discharge","Reboot"],"picked":"Coolheaded","floor":6.0},{"not_picked":["White Noise","Leap"],"picked":"Loop","floor":11.0},{"not_picked":["Ball Lightning","Aggregate"],"picked":"Doom and Gloom","floor":13},{"not_picked":["All For One","Buffer"],"picked":"Seek","floor":16},{"not_picked":["Go for the Eyes","Steam"],"picked":"Turbo","floor":18}],"player_experience":957171,"relics_obtained":[{"floor":6.0,"key":"Cables"},{"floor":9.0,"key":"Ancient Tea Set"},{"floor":11.0,"key":"Blood Vial"}],"event_choices":[{"damage_healed":0.0,"max_hp_gain":0.0,"max_hp_loss":0.0,"gold_gain":75.0,"event_name":"World of Goop","player_choice":"Gather Gold","floor":4.0,"gold_loss":0.0,"damage_taken":11.0},{"damage_healed":17.0,"max_hp_gain":0.0,"max_hp_loss":0.0,"gold_gain":0.0,"event_name":"The Cleric","player_choice":"Healed","floor":8.0,"gold_loss":35.0,"damage_taken":0.0},{"damage_healed":0,"gold_gain":0,"player_choice":"Fled","damage_taken":0,"max_hp_gain":0,"max_hp_loss":0,"event_name":"Scrap Ooze","floor":12,"gold_loss":0},{"damage_healed":0,"gold_gain":0,"player_choice":"Opened","damage_taken":0,"relics_obtained":["Emotion Chip"],"max_hp_gain":0,"max_hp_loss":0,"event_name":"The Mausoleum","floor":19,"gold_loss":0,"cards_obtained":["Writhe"]},{"damage_healed":0,"gold_gain":0,"player_choice":"Cursed","damage_taken":0,"max_hp_gain":0,"max_hp_loss":0,"event_name":"Wheel of Change","floor":20,"gold_loss":0,"cards_obtained":["Decay"]}],"is_beta":false,"boss_relics":[{"not_picked":["Nuclear Battery","Busted Crown"],"picked":"Inserter"}],"items_purged_floors":[],"is_endless":false,"potions_floor_spawned":[1,3,11,13],"killed_by":"Spheric Guardian","ascension_level":20}}