{"host":"dl909bjyolgrn2uw","time":1613104495,"event":{"mods":["2.2 Compatiblity","AlwaysNeverKeys","BaseMod","Bestiary","Better Altar","Better Note","Better Sensory Stone","Better Skull","Better Vampires","Better-Laid Plans","BetterRewards","Colored Powertips","Curses Come First","Disable Question Mark Monsters","Displayed Cursed Tome","Emptier Cage","Evolution","Minty Spire (QoL Compilation)","Permanent Neow","Quick Restart","Rare Cards Sparkle","Relic Stats","Shop Mod","Spicy Shops","StSLib","SuperFastMode","Transform Curses"],"gold_per_floor":[111,130,144,158,168,168,197,197,245,259,272,272,291,466,466,567,567,582,595,254,272,272,272,67,94,142,142,175,186,196,231,231,332,332,349,368,368,387,387,387,417,435,435,122,175,209,227,255,255,255,255,255,9,35,35],"floor_reached":56,"language":"ENG","playtime":4038,"items_purged":[],"score":2945,"play_id":"78eedfe3-97b4-4ca0-a9e6-22fa3c4b5123","local_time":"20210211223455","is_ascension_mode":true,"campfire_choices":[{"data":"Bash","floor":6.0,"key":"SMITH"},{"data":"Fiend Fire","floor":8.0,"key":"SMITH"},{"data":"Wild Strike","floor":12.0,"key":"SMITH"},{"data":"Flame Barrier","floor":15.0,"key":"SMITH"},{"data":"Immolate","floor":23.0,"key":"SMITH"},{"data":"Seeing Red","floor":27.0,"key":"SMITH"},{"data":"Power Through","floor":32.0,"key":"SMITH"},{"data":"Body Slam","floor":40.0,"key":"SMITH"},{"floor":49,"key":"RECALL"},{"data":"Flame Barrier","floor":52,"key":"SMITH"}],"circlet_count":0,"master_deck":["AscendersBane","Bash+1","Dark Embrace+1","Wild Strike+1","Shrug It Off","Wild Strike+1","Dark Embrace+1","Battle Trance","Shrug It Off","Fiend Fire+1","Battle Trance","Flame Barrier+1","Immolate","Shrug It Off","Seeing Red+1","Battle Trance","Barricade+1","Immolate+1","Battle Trance+1","Reaper+1","Spot Weakness","Shrug It Off","Metallicize+1","Metallicize+1","Power Through+1","Ghostly","Ghostly","Ghostly","Ghostly","Ghostly","Evolve+1","Shrug It Off","Exhume+1","Flame Barrier+1","Exhume","Reaper","True Grit+1","Body Slam+1","Feel No Pain+1","PanicButton","Fire Breathing+1","Evolve+1","True Grit+1"],"relics":["Burning Blood","EVO:Axolotl","Medical Kit","Frozen Egg 2","Mummified Hand","Anchor","Singing Bowl","HornCleat","Centennial Puzzle","Omamori","Pandora\u0027s Box","Membership Card","Potion Belt","White Beast Statue","FossilizedHelix","Bag of Preparation","Whetstone","Pantograph","Happy Flower","Juzu Bracelet","Lantern","Philosopher\u0027s Stone","Mercury Hourglass","ClockworkSouvenir","CaptainsWheel","Sundial","Champion Belt","Meat on the Bone","StrikeDummy","TheAbacus","War Paint","Shuriken"],"acts_visited":["Exordium","TheCity","TheBeyond","TheEnding"],"potions_floor_usage":[55,55,55,55],"damage_taken":[{"damage":0.0,"enemies":"Cultist","floor":1.0,"turns":3.0},{"damage":0.0,"enemies":"Jaw Worm","floor":2.0,"turns":3.0},{"damage":0.0,"enemies":"2 Louse","floor":3.0,"turns":2.0},{"damage":8.0,"enemies":"Blue Slaver","floor":4.0,"turns":4.0},{"damage":11.0,"enemies":"Exordium Wildlife","floor":5.0,"turns":7.0},{"damage":14.0,"enemies":"3 Sentries","floor":7.0,"turns":8.0},{"damage":0.0,"enemies":"3 Louse","floor":10.0,"turns":4.0},{"damage":0.0,"enemies":"2 Fungi Beasts","floor":11.0,"turns":3.0},{"damage":4.0,"enemies":"Exordium Thugs","floor":13.0,"turns":4.0},{"damage":41.0,"enemies":"Hexaghost","floor":16.0,"turns":8.0},{"damage":6.0,"enemies":"3 Byrds","floor":18.0,"turns":1.0},{"damage":4.0,"enemies":"2 Thieves","floor":19.0,"turns":3.0},{"damage":0.0,"enemies":"3 Cultists","floor":21.0,"turns":4.0},{"damage":0.0,"enemies":"Slavers","floor":25.0,"turns":4.0},{"damage":0.0,"enemies":"Gremlin Leader","floor":28.0,"turns":4.0},{"damage":0.0,"enemies":"Shelled Parasite and Fungi","floor":29.0,"turns":4.0},{"damage":0.0,"enemies":"Snake Plant","floor":30.0,"turns":4.0},{"damage":0.0,"enemies":"Slavers","floor":31.0,"turns":8.0},{"damage":0.0,"enemies":"Automaton","floor":33.0,"turns":10.0},{"damage":0.0,"enemies":"3 Darklings","floor":35.0,"turns":3.0},{"damage":0.0,"enemies":"Orb Walker","floor":36.0,"turns":3.0},{"damage":0.0,"enemies":"Sphere and 2 Shapes","floor":38.0,"turns":6.0},{"damage":0.0,"enemies":"Nemesis","floor":41.0,"turns":9.0},{"damage":0.0,"enemies":"Transient","floor":42.0,"turns":5.0},{"damage":0.0,"enemies":"2 Orb Walkers","floor":45.0,"turns":3.0},{"damage":0.0,"enemies":"Giant Head","floor":46.0,"turns":7.0},{"damage":0,"enemies":"Writhing Mass","floor":47,"turns":5},{"damage":0,"enemies":"Nemesis","floor":48,"turns":5},{"damage":0,"enemies":"Awakened One","floor":50,"turns":10},{"damage":0,"enemies":"Shield and Spear","floor":54,"turns":5},{"damage":0,"enemies":"The Heart","floor":55,"turns":7}],"seed_played":"-8853100718339171999","potions_obtained":[{"floor":1.0,"key":"PowerPotion"},{"floor":3.0,"key":"Energy Potion"},{"floor":4.0,"key":"BlessingOfTheForge"},{"floor":18.0,"key":"Dexterity Potion"},{"floor":21.0,"key":"BloodPotion"},{"floor":28.0,"key":"AttackPotion"},{"floor":29.0,"key":"SkillPotion"},{"floor":30.0,"key":"FearPotion"},{"floor":35.0,"key":"DistilledChaos"},{"floor":41.0,"key":"Ancient Potion"},{"floor":42.0,"key":"DuplicationPotion"},{"floor":46.0,"key":"EssenceOfSteel"}],"is_trial":false,"path_per_floor":["M","M","M","M","M","R","E","R","T","M","M","R","M","?","R","B",null,"M","M","$","M","?","R","$","E","T","R","E","M","M","E","R","B",null,"M","M","?","M","?","R","E","M","T","$","?","E","M","E","R","B",null,"R","$","E","B",null],"character_chosen":"IRONCLAD","items_purchased":["Medical Kit","Frozen Egg 2","Mummified Hand","Dark Embrace+1","Anchor","Singing Bowl","HornCleat","Wild Strike","Shrug It Off","Membership Card","Metallicize+1","Potion Belt","White Beast Statue","Evolve+1","FossilizedHelix","Bag of Preparation","Whetstone","Shrug It Off","ClockworkSouvenir","CaptainsWheel","Fire Breathing+1","Sundial","TheAbacus","HeartOfIron","War Paint"],"campfire_rested":0,"item_purchase_floors":[0,0,0,0,0,0,0,0,0,20,20,20,20,24,24,24,24,24,44,44,44,44,53,53,53],"current_hp_per_floor":[78,80,80,78,75,75,67,67,67,73,81,81,83,83,83,48,75,75,83,83,84,42,42,42,42,42,42,42,44,46,46,46,46,46,46,46,46,46,48,48,50,52,52,52,54,54,56,58,58,58,58,58,58,58,58],"gold":35,"neow_bonus":"","is_daily":false,"chose_seed":false,"campfire_upgraded":9,"win_rate":0.0,"timestamp":1613104495,"path_taken":["M","M","M","M","M","R","E","R","T","M","M","R","?","?","R","BOSS","M","M","$","M","?","R","$","E","T","R","E","M","M","E","R","BOSS","M","M","?","M","?","R","E","M","T","?","?","E","M","E","R","BOSS","R","$","E","BOSS"],"items_purchased_type":["Relic","Relic","Relic","Card","Relic","Relic","Relic","Card","Card","Relic","Card","Relic","Relic","Card","Relic","Relic","Relic","Card","Relic","Relic","Card","Relic","Relic","Potion","Relic"],"build_version":"2020-12-22","purchased_purges":0,"victory":true,"max_hp_per_floor":[80,80,80,80,82,82,82,82,82,82,84,84,84,84,84,84,84,84,84,84,84,42,42,42,42,42,42,42,44,46,46,46,46,46,46,46,46,46,48,48,50,52,52,52,54,54,56,58,58,58,58,58,58,58,58],"relic_stats":{"Singing Bowl":20,"Happy Flower":[32],"counters":[150,641],"Bag of Preparation":[100],"Juzu Bracelet":0,"Whetstone":["Reaper","Wild Strike"],"War Paint":["Defend_R","Bloodletting","Bloodletting","Defend_R","Defend_R","True Grit","Battle Trance","Exhume"],"Medical Kit":[164],"Burning Blood":557,"Mercury Hourglass":[334],"Centennial Puzzle":[12],"TheAbacus":[24],"Mummified Hand":[171],"Sundial":[6],"Shuriken":[9],"Pantograph":0,"Pandora\u0027s Box":["Shrug It Off","Seeing Red","Offering","Battle Trance","Barricade","Immolate","Battle Trance","Reaper","Spot Weakness"],"Champion Belt":[82],"obtain_stats":[{"Gremlin Horn":43,"Vajra":0,"EVO:Axolotl":0,"Ginger":0,"Whetstone":0,"Bottled Tornado":25,"Boot":9,"Blood Vial":48,"Centennial Puzzle":54,"HornCleat":30,"DollysMirror":19,"Sundial":45,"Prayer Wheel":42,"Philosopher\u0027s Stone":34,"Kunai":53,"Girya":40,"Happy Flower":26,"Eternal Feather":40,"Pen Nib":26,"Letter Opener":54,"War Paint":24,"Question Card":0,"Akabeko":38,"WarpedTongs":37,"OrangePellets":0,"Bottled Flame":0,"Shuriken":26,"Bird Faced Urn":26,"Snecko Eye":34,"Molten Egg 2":9,"Pandora\u0027s Box":17,"Mark of Pain":17,"StrikeDummy":48,"Pocketwatch":11,"Meat on the Bone":46,"Darkstone Periapt":27,"Regal Pillow":24,"Lantern":31,"Torii":31,"Singing Bowl":0,"Magic Flower":12,"Bag of Preparation":40,"Incense Burner":48,"Juzu Bracelet":28,"Cursed Key":17,"Burning Blood":0,"ClockworkSouvenir":19,"Dream Catcher":7,"Nunchaku":8,"Matryoshka":23,"TheAbacus":53,"Mummified Hand":0,"Gambling Chip":0,"Pantograph":25,"Tiny Chest":29,"Red Skull":44,"Runic Pyramid":17,"Potion Belt":20,"Lee\u0027s Waffle":53,"Golden Idol":5,"Thread and Needle":8,"The Courier":7,"PreservedInsect":9,"Omamori":0,"Orichalcum":44,"Frozen Egg 2":31,"MawBank":12,"Medical Kit":0,"White Beast Statue":20,"Mercury Hourglass":12,"Cauldron":0,"Anchor":0,"CaptainsWheel":44,"Busted Crown":34,"Orrery":53,"Bag of Marbles":19,"Membership Card":48,"Champion Belt":0,"FossilizedHelix":24},{"Gremlin Horn":115,"Vajra":28,"EVO:Axolotl":0,"Ginger":0,"Whetstone":28,"Bottled Tornado":70,"Boot":33,"Blood Vial":25,"Centennial Puzzle":27,"HornCleat":73,"DollysMirror":11,"Sundial":116,"Prayer Wheel":115,"Philosopher\u0027s Stone":138,"Kunai":26,"Girya":80,"Happy Flower":133,"Eternal Feather":52,"Pen Nib":70,"Letter Opener":86,"War Paint":42,"Question Card":87,"Akabeko":112,"WarpedTongs":112,"OrangePellets":87,"Bottled Flame":55,"Shuriken":104,"Bird Faced Urn":12,"Snecko Eye":110,"Molten Egg 2":60,"Pandora\u0027s Box":129,"Mark of Pain":65,"StrikeDummy":147,"Pocketwatch":61,"Meat on the Bone":145,"Darkstone Periapt":71,"Regal Pillow":12,"Lantern":137,"Torii":109,"Singing Bowl":119,"Magic Flower":95,"Bag of Preparation":22,"Incense Burner":84,"Juzu Bracelet":134,"Cursed Key":36,"Burning Blood":0,"ClockworkSouvenir":11,"Dream Catcher":33,"Nunchaku":60,"Matryoshka":102,"TheAbacus":148,"Mummified Hand":119,"Gambling Chip":87,"Pantograph":133,"Tiny Chest":15,"Red Skull":23,"Runic Pyramid":10,"Potion Belt":131,"Lee\u0027s Waffle":26,"Golden Idol":59,"Thread and Needle":93,"The Courier":5,"PreservedInsect":5,"Omamori":28,"Orichalcum":54,"Frozen Egg 2":109,"MawBank":7,"Medical Kit":55,"White Beast Statue":131,"Mercury Hourglass":35,"Cauldron":28,"Anchor":119,"CaptainsWheel":143,"Busted Crown":16,"Orrery":26,"Bag of Marbles":11,"Membership Card":84,"Champion Belt":87,"FossilizedHelix":132},{"Gremlin Horn":477,"Vajra":155,"EVO:Axolotl":0,"Ginger":0,"Whetstone":155,"Bottled Tornado":307,"Boot":170,"Blood Vial":128,"Centennial Puzzle":145,"HornCleat":317,"DollysMirror":48,"Sundial":478,"Prayer Wheel":477,"Philosopher\u0027s Stone":573,"Kunai":136,"Girya":336,"Happy Flower":543,"Eternal Feather":255,"Pen Nib":307,"Letter Opener":356,"War Paint":204,"Question Card":361,"Akabeko":471,"WarpedTongs":471,"OrangePellets":361,"Bottled Flame":268,"Shuriken":436,"Bird Faced Urn":54,"Snecko Eye":465,"Molten Egg 2":279,"Pandora\u0027s Box":531,"Mark of Pain":291,"StrikeDummy":619,"Pocketwatch":281,"Meat on the Bone":609,"Darkstone Periapt":311,"Regal Pillow":54,"Lantern":563,"Torii":457,"Singing Bowl":485,"Magic Flower":394,"Bag of Preparation":110,"Incense Burner":348,"Juzu Bracelet":547,"Cursed Key":179,"Burning Blood":0,"ClockworkSouvenir":48,"Dream Catcher":170,"Nunchaku":279,"Matryoshka":423,"TheAbacus":629,"Mummified Hand":485,"Gambling Chip":361,"Pantograph":543,"Tiny Chest":71,"Red Skull":117,"Runic Pyramid":41,"Potion Belt":535,"Lee\u0027s Waffle":136,"Golden Idol":274,"Thread and Needle":385,"The Courier":19,"PreservedInsect":19,"Omamori":155,"Orichalcum":264,"Frozen Egg 2":457,"MawBank":26,"Medical Kit":268,"White Beast Statue":535,"Mercury Hourglass":175,"Cauldron":155,"Anchor":485,"CaptainsWheel":599,"Busted Crown":79,"Orrery":136,"Bag of Marbles":48,"Membership Card":348,"Champion Belt":361,"FossilizedHelix":539}],"Meat on the Bone":0},"card_choices":[{"not_picked":["True Grit","Havoc"],"picked":"Wild Strike","floor":1.0},{"not_picked":["Thunderclap","Disarm"],"picked":"Dark Embrace+1","floor":2.0},{"not_picked":["Wild Strike","Pommel Strike"],"picked":"Battle Trance","floor":3.0},{"not_picked":["Perfected Strike","Body Slam"],"picked":"Shrug It Off","floor":4.0},{"not_picked":["Shrug It Off","Sentinel","Shockwave"],"picked":"Singing Bowl","floor":5.0},{"not_picked":["Wild Strike","Rage"],"picked":"Fiend Fire","floor":7.0},{"not_picked":["Shockwave","Pommel Strike"],"picked":"Battle Trance","floor":10.0},{"not_picked":["Thunderclap","Clash","Headbutt"],"picked":"Singing Bowl","floor":11.0},{"not_picked":["Armaments","Pommel Strike"],"picked":"Flame Barrier","floor":13.0},{"not_picked":["Exhume","Limit Break"],"picked":"Immolate","floor":16.0},{"not_picked":["Ghostly Armor","Whirlwind"],"picked":"Shrug It Off","floor":18.0},{"not_picked":["Warcry","Searing Blow"],"picked":"Metallicize+1","floor":19.0},{"not_picked":["Cleave","Battle Trance"],"picked":"Power Through","floor":21.0},{"not_picked":["Clash","Headbutt"],"picked":"Exhume","floor":25.0},{"not_picked":["Thunderclap","Body Slam"],"picked":"Flame Barrier","floor":28.0},{"not_picked":["Uppercut+1","Intimidate","Flex"],"picked":"Singing Bowl","floor":29.0},{"not_picked":["Battle Trance","Cleave+1","Iron Wave"],"picked":"Singing Bowl","floor":30.0},{"not_picked":["Clash+1","Headbutt"],"picked":"Exhume","floor":31.0},{"not_picked":["Exhume","Brutality+1"],"picked":"Reaper","floor":33.0},{"not_picked":["Thunderclap+1","Shrug It Off"],"picked":"True Grit+1","floor":35.0},{"not_picked":["Havoc","Heavy Blade+1"],"picked":"Body Slam","floor":36.0},{"not_picked":["Wild Strike+1","Warcry"],"picked":"Feel No Pain+1","floor":38.0},{"not_picked":["Blind","Mind Blast"],"picked":"PanicButton","floor":39.0},{"not_picked":["Magnetism+1","Jack Of All Trades","Dramatic Entrance"],"picked":"Singing Bowl","floor":39.0},{"not_picked":["Sword Boomerang+1","Headbutt+1","Shrug It Off"],"picked":"Singing Bowl","floor":41.0},{"not_picked":["Combust+1","Flex+1","Thunderclap"],"picked":"Singing Bowl","floor":42.0},{"not_picked":["Dropkick+1","Hemokinesis","Warcry"],"picked":"Singing Bowl","floor":45.0},{"not_picked":["Heavy Blade","Cleave+1"],"picked":"Evolve+1","floor":46.0},{"not_picked":["Ghostly Armor","Reckless Charge","Sword Boomerang+1"],"picked":"Singing Bowl","floor":47},{"not_picked":["Wild Strike","Searing Blow+1","Flame Barrier"],"picked":"Singing Bowl","floor":48},{"not_picked":["Pummel","Twin Strike+1"],"picked":"True Grit+1","floor":54}],"player_experience":388660,"relics_obtained":[{"floor":7.0,"key":"Centennial Puzzle"},{"floor":9.0,"key":"Omamori"},{"floor":25.0,"key":"Pantograph"},{"floor":26.0,"key":"Happy Flower"},{"floor":28.0,"key":"Juzu Bracelet"},{"floor":31.0,"key":"Lantern"},{"floor":41.0,"key":"Mercury Hourglass"},{"floor":45.0,"key":"Champion Belt"},{"floor":46.0,"key":"Meat on the Bone"},{"floor":48,"key":"StrikeDummy"},{"floor":54,"key":"Shuriken"}],"event_choices":[{"damage_healed":0.0,"max_hp_gain":0.0,"max_hp_loss":0.0,"gold_gain":175.0,"event_name":"Liars Game","player_choice":"AGREE","floor":14.0,"gold_loss":0.0,"damage_taken":0.0,"cards_obtained":["Doubt"]},{"damage_healed":0.0,"max_hp_gain":0.0,"max_hp_loss":42.0,"gold_gain":0.0,"event_name":"Ghosts","player_choice":"Became a Ghost","floor":22.0,"gold_loss":0.0,"damage_taken":0.0,"cards_obtained":["Ghostly","Ghostly","Ghostly","Ghostly","Ghostly"]},{"cards_removed":["Offering"],"damage_healed":0.0,"max_hp_gain":0.0,"max_hp_loss":0.0,"gold_gain":0.0,"event_name":"Falling","player_choice":"Removed Skill","floor":37.0,"gold_loss":0.0,"damage_taken":0.0},{"damage_healed":0.0,"max_hp_gain":0.0,"max_hp_loss":0.0,"gold_gain":3.0,"event_name":"betterStone:BetterStone","player_choice":"1","floor":39.0,"gold_loss":0.0,"damage_taken":0.0},{"damage_healed":0.0,"max_hp_gain":0.0,"max_hp_loss":0.0,"gold_gain":0.0,"event_name":"Mysterious Sphere","player_choice":"Fight","floor":45.0,"gold_loss":0.0,"damage_taken":0.0}],"is_beta":false,"boss_relics":[{"not_picked":["Astrolabe","Snecko Eye"],"picked":"Pandora\u0027s Box"},{"not_picked":["Velvet Choker","Empty Cage"],"picked":"Philosopher\u0027s Stone"}],"items_purged_floors":[],"is_endless":false,"potions_floor_spawned":[1,3,4,7,11,13,18,19,21,25,28,29,30,31,33,35,36,38,41,42,45,46,47,48,54],"ascension_level":11}}