{"host":"d52brwsy6af8zvaq","time":1613100966,"event":{"mods":["AchievementEnabler","BaseMod","Bestiary","Highlight Path","Minty Spire (QoL Compilation)","Quick Restart","Relic Stats","ojb\u0027s Better Paths Mod"],"gold_per_floor":[111,30,45,61,61,61,104,26,53,53,127,160,187,187,187],"floor_reached":14,"language":"ENG","playtime":918,"items_purged":[],"score":180,"play_id":"f1e3b2ba-0256-48b2-8b60-c3a5cd472710","local_time":"20210211203606","is_ascension_mode":true,"campfire_choices":[{"data":"Zap","floor":6,"key":"SMITH"}],"circlet_count":0,"master_deck":["AscendersBane","Strike_B","Strike_B","Strike_B","Strike_B","Defend_B","Defend_B","Defend_B","Defend_B","Zap+1","Dualcast","Tempest","Defragment","Streamline","Ball Lightning","Hologram","Buffer","FTL","Amplify"],"relics":["Cracked Core","CeramicFish","DataDisk","Golden Idol"],"acts_visited":["Exordium"],"potions_floor_usage":[7,14,14],"damage_taken":[{"damage":0.0,"enemies":"2 Louse","floor":1.0,"turns":3.0},{"damage":7.0,"enemies":"Small Slimes","floor":3.0,"turns":3.0},{"damage":9,"enemies":"Jaw Worm","floor":4,"turns":4},{"damage":20,"enemies":"Lagavulin","floor":7,"turns":5},{"damage":5,"enemies":"Blue Slaver","floor":12,"turns":4},{"damage":17,"enemies":"3 Louse","floor":13,"turns":3},{"damage":26,"enemies":"3 Sentries","floor":14,"turns":4}],"seed_played":"-4385927087026818108","potions_obtained":[{"floor":1.0,"key":"LiquidMemories"},{"floor":4,"key":"Regen Potion"},{"floor":13,"key":"Block Potion"}],"is_trial":false,"path_per_floor":["M","$","M","M","?","R","E","$","T","?","?","M","M","E"],"character_chosen":"DEFECT","items_purchased":["Defragment","Buffer"],"campfire_rested":0,"item_purchase_floors":[2,8],"current_hp_per_floor":[64,64,57,48,53,53,42,42,42,42,42,37,20,0,0],"gold":187,"neow_bonus":"THREE_CARDS","is_daily":false,"chose_seed":false,"campfire_upgraded":1,"win_rate":0.0,"timestamp":1613100966,"path_taken":["M","$","M","M","?","R","E","$","T","?","?","?","M","E"],"items_purchased_type":["Card","Card"],"build_version":"2020-12-22","purchased_purges":0,"victory":false,"max_hp_per_floor":[71,71,71,71,76,76,76,76,76,69,69,69,69,69,69],"relic_stats":{"counters":[7,26],"Golden Idol":9,"CeramicFish":36,"obtain_stats":[{"DataDisk":9,"Golden Idol":10,"CeramicFish":7,"Cracked Core":0},{"DataDisk":4,"Golden Idol":4,"CeramicFish":4,"Cracked Core":0},{"DataDisk":15,"Golden Idol":15,"CeramicFish":15,"Cracked Core":0}]},"card_choices":[{"not_picked":["Cold Snap","Coolheaded"],"picked":"Streamline","floor":0.0},{"not_picked":["Storm","Aggregate"],"picked":"Tempest","floor":1.0},{"not_picked":["Rebound","Hologram"],"picked":"Streamline","floor":3.0},{"not_picked":["Sweeping Beam","Compile Driver"],"picked":"Ball Lightning","floor":4},{"not_picked":["Genetic Algorithm","Streamline"],"picked":"Hologram","floor":7},{"not_picked":["Reprogram","Turbo"],"picked":"FTL","floor":12},{"not_picked":["Streamline","Coolheaded"],"picked":"Amplify","floor":13}],"player_experience":2237079,"relics_obtained":[{"floor":7,"key":"CeramicFish"},{"floor":9,"key":"DataDisk"}],"event_choices":[{"damage_healed":0,"gold_gain":0,"player_choice":"Donut","damage_taken":0,"max_hp_gain":5,"max_hp_loss":0,"event_name":"Big Fish","floor":5,"gold_loss":0},{"damage_healed":0,"gold_gain":0,"player_choice":"Lose Max HP","damage_taken":0,"relics_obtained":["Golden Idol"],"max_hp_gain":0,"max_hp_loss":7,"event_name":"Golden Idol","floor":10,"gold_loss":0},{"damage_healed":0,"gold_gain":74,"player_choice":"Gained Gold","damage_taken":0,"max_hp_gain":0,"max_hp_loss":0,"event_name":"Golden Wing","floor":11,"gold_loss":0}],"is_beta":false,"boss_relics":[],"items_purged_floors":[],"is_endless":false,"potions_floor_spawned":[1,4,13],"killed_by":"3 Sentries","ascension_level":20}}