{"host":"aovbmu76o5toxav1","time":1613145444,"event":{"mods":["BaseMod","Downfall","Minty Spire (QoL Compilation)","StSLib"],"gold_per_floor":[99,118,137,26,26,41,64,84,84,104,104,204,35,70,80,178,178,178,193,211,226,244,244,244,258,258,58,87,87,87,103,120,215,215,15,25,43,135,149,161,161,177,227,103,123,123,23,41,61,61,61,86,19,19,19,19],"floor_reached":57,"language":"ENG","playtime":7744,"items_purged":["Slimebound:Strike_Slimebound","Shame","Clumsy"],"score":1307,"play_id":"e241643d-63c6-49fd-b740-e6719cef04e5","local_time":"20210212105724","is_ascension_mode":false,"campfire_choices":[{"data":"Slimebound:Split","floor":1.0,"key":"SMITH"},{"data":"Slimebound:GrowthPunch","floor":11.0,"key":"PURGE"},{"data":"Slimebound:SpikyOuterGoop","floor":18.0,"key":"PURGE"},{"data":"Slimebound:Overexert","floor":23.0,"key":"SMITH"},{"data":"Slimebound:MassRepurpose","floor":30.0,"key":"SMITH"},{"floor":35.0,"key":"RECALL"},{"data":"Slimebound:SelfFormingGoo","floor":47,"key":"PURGE"},{"data":"Slimebound:Overexert","floor":54,"key":"SMITH"}],"circlet_count":0,"master_deck":["Slimebound:Strike_Slimebound","Slimebound:Defend_Slimebound+1","Slimebound:Defend_Slimebound","Slimebound:Defend_Slimebound","Slimebound:Defend_Slimebound","Slimebound:Split+1","Slimebound:CorrosiveSpit","Slimebound:SlimeSpikes","Slimebound:Prepare","Slimebound:SplitBruiser","Slimebound:SplitLeeching","Slimebound:ComboTackle","Slimebound:PressTheAttack","Slimebound:Overexert+1","Slimebound:LeadByExample","Slimebound:MinionMaster","Slimebound:Grow","Slimebound:SlimeTap","Slimebound:FirmFortitude","Slimebound:LivingWall","Slimebound:LevelUp","Slimebound:Dissolve+1","Slimebound:SplitMire","Slimebound:DisruptingSlam+1","Slimebound:MassRepurpose+1","Slimebound:LeadByExample","Slimebound:SplitAcid+1","Slimebound:FormOfPuddle","CurseOfTheBell","Slimebound:Repurpose","expansioncontent:DashGenerateEvil","Slimebound:Overexert+1","Doubt","Slimebound:SlimeTap+1","Slimebound:Prepare+1","Slimebound:Overexert+1","Slimebound:SamplingLick+1","Slimebound:Repurpose","Slimebound:SamplingLick"],"relics":["Slimebound:AbsorbEndCombat","FossilizedHelix","Slimebound:ScrapOozeRelic","Toy Ornithopter","Shovel","Cursed Key","Pantograph","Orichalcum","Calling Bell","Happy Flower","The Courier","Dead Branch","downfall:HeartBlessingGreen","downfall:HeartBlessingBlue","Ornamental Fan","Mango","DollysMirror","downfall:HeartBlessingRed","HornCleat"],"acts_visited":["TheCity","TheBeyond","TheEnding"],"potions_floor_usage":[56,56,56],"damage_taken":[{"damage":0.0,"enemies":"2 Louse","floor":2.0,"turns":3.0},{"damage":0.0,"enemies":"Cultist","floor":3.0,"turns":3.0},{"damage":3.0,"enemies":"downfall:FleeingMerchant","floor":4.0,"turns":4.0},{"damage":0.0,"enemies":"Jaw Worm","floor":6.0,"turns":3.0},{"damage":0.0,"enemies":"Red Slaver","floor":8.0,"turns":3.0},{"damage":0.0,"enemies":"Blue Slaver","floor":10.0,"turns":3.0},{"damage":1.0,"enemies":"downfall:LadyInBlue","floor":12.0,"turns":7.0},{"damage":15.0,"enemies":"downfall:FleeingMerchant","floor":13.0,"turns":4.0},{"damage":21.0,"enemies":"Gremlin Nob","floor":14.0,"turns":4.0},{"damage":27.0,"enemies":"Lots of Slimes","floor":15.0,"turns":4.0},{"damage":13.0,"enemies":"IC_STATUS_ARCHETYPE","floor":16.0,"turns":4.0},{"damage":0.0,"enemies":"Shell Parasite","floor":19.0,"turns":2.0},{"damage":0.0,"enemies":"Centurion and Healer","floor":20.0,"turns":3.0},{"damage":0.0,"enemies":"Chosen and Byrds","floor":21.0,"turns":4.0},{"damage":5.0,"enemies":"Cultist and Chosen","floor":22.0,"turns":4.0},{"damage":23.0,"enemies":"Sentry and Sphere","floor":25.0,"turns":4.0},{"damage":8.0,"enemies":"downfall:FleeingMerchant","floor":27.0,"turns":4.0},{"damage":12.0,"enemies":"Gremlin Leader","floor":28.0,"turns":4.0},{"damage":5.0,"enemies":"Shelled Parasite and Fungi","floor":31.0,"turns":4.0},{"damage":0.0,"enemies":"Cultist and Chosen","floor":32.0,"turns":4.0},{"damage":0.0,"enemies":"WA_ARCHETYPE_CALM","floor":33.0,"turns":5.0},{"damage":13.0,"enemies":"3 Darklings","floor":36.0,"turns":3.0},{"damage":3.0,"enemies":"3 Shapes","floor":37.0,"turns":4.0},{"damage":5.0,"enemies":"downfall:FleeingMerchant","floor":38.0,"turns":3.0},{"damage":0.0,"enemies":"Sphere and 2 Shapes","floor":39.0,"turns":4.0},{"damage":5.0,"enemies":"Maw","floor":40.0,"turns":6.0},{"damage":0.0,"enemies":"3 Darklings","floor":42.0,"turns":4.0},{"damage":0.0,"enemies":"3 Darklings","floor":43.0,"turns":3.0},{"damage":16.0,"enemies":"Writhing Mass","floor":45.0,"turns":3.0},{"damage":0,"enemies":"Spire Growth","floor":48,"turns":3},{"damage":0,"enemies":"Maw","floor":49,"turns":5},{"damage":7,"enemies":"SI_POISON_ARCHETYPE","floor":50,"turns":4},{"damage":27,"enemies":"downfall:CharBossMerchant","floor":52,"turns":5},{"damage":8,"enemies":"downfall:NeowBoss","floor":55,"turns":10},{"damage":69,"enemies":"downfall:NeowBossFinal","floor":56,"turns":8}],"seed_played":"2973294865762087399","potions_obtained":[{"floor":3.0,"key":"Slimebound:SlimyTonguePotion"},{"floor":6.0,"key":"LiquidBronze"},{"floor":10.0,"key":"EssenceOfSteel"},{"floor":12.0,"key":"Slimebound:ThreeZeroPotion"},{"floor":12.0,"key":"DuplicationPotion"},{"floor":12.0,"key":"champ:CounterPotion"},{"floor":14.0,"key":"EssenceOfSteel"},{"floor":20.0,"key":"Block Potion"},{"floor":22.0,"key":"ColorlessPotion"},{"floor":25.0,"key":"Fruit Juice"},{"floor":31.0,"key":"Explosive Potion"},{"floor":32.0,"key":"PowerPotion"},{"floor":36.0,"key":"FearPotion"},{"floor":39.0,"key":"bronze:BurnAndBuffPotion"},{"floor":49,"key":"AttackPotion"}],"is_trial":false,"path_per_floor":["R","M","M","$","?","M","T","M","?","M","R","?","$","E","M","B",null,"R","M","M","M","M","R","T","M","T","$","E","?","R","M","M","B",null,"R","M","M","$","M","M","T","M","?","$","M","$","R","M","M","B",null,"E","$","R","B","B",null],"character_chosen":"SLIMEBOUND","items_purchased":["Slimebound:SplitBruiser","Slimebound:SplitLeeching","Slimebound:MinionMaster","Slimebound:LeadByExample","Dexterity Potion","expansioncontent:DashGenerateEvil","DollysMirror","Slimebound:Repurpose","Slimebound:SamplingLick"],"campfire_rested":0,"item_purchase_floors":[4,4,13,27,27,38,44,53,53],"current_hp_per_floor":[59,59,59,58,58,59,59,59,59,59,59,59,44,25,4,12,59,59,59,59,59,54,54,54,33,33,39,36,28,28,25,29,56,64,74,61,65,66,70,67,67,69,88,88,74,74,74,76,84,87,88,67,67,67,82,33],"gold":19,"neow_bonus":"ONE_RARE_RELIC","is_daily":false,"chose_seed":false,"campfire_upgraded":4,"win_rate":0.0,"timestamp":1613145444,"path_taken":["R","M","M","$","?","M","T","M","?","M","R","?","$","E","M","BOSS","R","M","M","M","M","R","T","M","?","$","E","?","R","M","M","BOSS","R","M","?","$","M","M","T","M","?","$","M","?","R","M","M","BOSS","E","$","R","BOSS","BOSS"],"items_purchased_type":["Card","Card","Card","Card","Potion","Card","Relic","Card","Card"],"build_version":"2020-12-22","purchased_purges":3,"victory":true,"max_hp_per_floor":[59,59,59,59,59,59,59,59,59,59,59,59,59,59,59,59,59,59,59,59,59,59,59,59,59,59,64,64,64,64,64,64,64,64,74,74,74,74,74,74,74,74,88,88,88,88,88,88,88,88,88,88,88,88,88,88],"card_choices":[{"not_picked":["Slimebound:LeechEnergy","Slimebound:LevelUp"],"picked":"Slimebound:SlimeSpikes","floor":2.0},{"not_picked":["Slimebound:HauntingLick","Slimebound:SamplingLick"],"picked":"Slimebound:Prepare","floor":3.0},{"not_picked":["Slimebound:AcidTongue","Slimebound:SamplingLick"],"picked":"Slimebound:GrowthPunch","floor":4.0},{"not_picked":["Slimebound:SamplingLick","Slimebound:SplitBruiser"],"picked":"Slimebound:ComboTackle","floor":6.0},{"not_picked":["Slimebound:SlimeTap","Slimebound:SlimeBrawl"],"picked":"Slimebound:PressTheAttack","floor":8.0},{"not_picked":["Slimebound:SplitLeeching","Slimebound:RollThrough"],"picked":"Slimebound:Overexert","floor":10.0},{"not_picked":["Slimebound:RejuvenatingLick","Slimebound:SlimeSpikes"],"picked":"Slimebound:SpikyOuterGoop","floor":12.0},{"not_picked":["Slimebound:LeechEnergy","Slimebound:Equalize"],"picked":"Slimebound:LeadByExample","floor":13.0},{"not_picked":["Slimebound:FinishingTackle","Slimebound:LeechingTouch"],"picked":"Slimebound:Grow","floor":14.0},{"not_picked":["Slimebound:PressTheAttack","Slimebound:SplitMire"],"picked":"Slimebound:SlimeTap","floor":15.0},{"not_picked":["Slimebound:DouseInSlime","Slimebound:OozeBath"],"picked":"Slimebound:FirmFortitude","floor":16.0},{"not_picked":["Slimebound:ProtectTheBoss","Slimebound:Schlurp+1"],"picked":"Slimebound:LivingWall","floor":19.0},{"not_picked":["Slimebound:Replication+1","Slimebound:ComboTackle"],"picked":"Slimebound:LevelUp","floor":20.0},{"not_picked":["Slimebound:TongueLash","Slimebound:SplitBruiser"],"picked":"Slimebound:Dissolve+1","floor":21.0},{"not_picked":["Slimebound:GoopSpray+1","Slimebound:ItLooksTasty+1"],"picked":"Slimebound:SplitMire","floor":22.0},{"not_picked":["Slimebound:ForwardTackle+1","Slimebound:ServeAndProtect+1"],"picked":"Slimebound:DisruptingSlam+1","floor":25.0},{"not_picked":["Slimebound:SamplingLick","Slimebound:Prepare"],"picked":"Slimebound:MassRepurpose","floor":27.0},{"not_picked":["Slimebound:GoopTackle","Slimebound:SplitBruiser"],"picked":"Slimebound:SplitAcid+1","floor":28.0},{"not_picked":["Slimebound:SplitBruiser","Slimebound:ItLooksTasty+1","Slimebound:SplitMire+1"],"picked":"SKIP","floor":31.0},{"not_picked":["Slimebound:LeechingTouch+1","Slimebound:SplitAcid"],"picked":"Slimebound:FormOfPuddle","floor":32.0},{"not_picked":["Slimebound:MassRepurpose","Slimebound:MinionMaster"],"picked":"Slimebound:SelfFormingGoo","floor":33.0},{"not_picked":["Slimebound:ComboTackle+1","Slimebound:RollThrough"],"picked":"Slimebound:Repurpose","floor":36.0},{"not_picked":["Slimebound:HauntingLick","Slimebound:Chomp","Slimebound:DisruptingSlam"],"picked":"SKIP","floor":37.0},{"not_picked":["Slimebound:Chomp","Slimebound:LeechEnergy","Slimebound:Equalize"],"picked":"SKIP","floor":38.0},{"not_picked":["Slimebound:Schlurp+1","Slimebound:HauntingLick"],"picked":"Slimebound:Overexert","floor":39.0},{"not_picked":["Slimebound:SplitLeeching+1","Slimebound:LivingWall","Slimebound:Prepare"],"picked":"SKIP","floor":40.0},{"not_picked":["Slimebound:Schlurp","Slimebound:GrowthPunch"],"picked":"Slimebound:SlimeTap+1","floor":42.0},{"not_picked":["Slimebound:SplitMire","Slimebound:RollThrough"],"picked":"Slimebound:Prepare+1","floor":43.0},{"not_picked":["Slimebound:Schlurp","Slimebound:DisruptingSlam+1","Slimebound:LivingWall+1"],"picked":"SKIP","floor":45.0},{"not_picked":["Slimebound:Prepare+1","Slimebound:GoopTackle"],"picked":"Slimebound:SamplingLick+1","floor":48},{"not_picked":["Slimebound:ProtectTheBoss","Slimebound:SplitLeeching","Slimebound:SplitAcid"],"picked":"SKIP","floor":49},{"not_picked":["Slimebound:MinionMaster","Slimebound:HauntingLick","Slimebound:Repurpose"],"picked":"SKIP","floor":52}],"player_experience":110317,"relics_obtained":[{"floor":7.0,"key":"Juzu Bracelet"},{"floor":12.0,"key":"Toy Ornithopter"},{"floor":14.0,"key":"Shovel"},{"floor":26.0,"key":"Pantograph"},{"floor":28.0,"key":"Orichalcum"},{"floor":34.0,"key":"Happy Flower"},{"floor":34.0,"key":"The Courier"},{"floor":34.0,"key":"Dead Branch"},{"floor":41.0,"key":"Ornamental Fan"},{"floor":43.0,"key":"Mango"},{"floor":52,"key":"HornCleat"}],"event_choices":[{"cards_removed":["Slimebound:Strike_Slimebound"],"damage_healed":0.0,"max_hp_gain":0.0,"max_hp_loss":0.0,"gold_gain":0.0,"event_name":"Bonfire Elementals","player_choice":"Offered Basic","floor":5.0,"gold_loss":0.0,"damage_taken":0.0}],"is_beta":false,"boss_relics":[{"not_picked":["bronze:MakeshiftBattery","Runic Dome"],"picked":"Cursed Key"},{"not_picked":["Velvet Choker","Coffee Dripper"],"picked":"Calling Bell"}],"items_purged_floors":[13,27,38],"is_endless":false,"potions_floor_spawned":[3,6,10,14,15,20,22,25,31,32,36,39,43,48,49],"ascension_level":0}}