{"host":"36mulxq349byzoa2","time":1613093337,"event":{"mods":["AchievementEnabler","BaseMod","Block Reminder","Colored Map","Colored Powertips","Minty Spire (QoL Compilation)","Rare Cards Sparkle","StSLib","SuperFastMode"],"gold_per_floor":[109,129,129,145,220,231,156,156,156],"floor_reached":8,"language":"ENG","playtime":118,"items_purged":[],"score":91,"play_id":"62cc7675-7242-40f9-a8a4-85403f89ead9","local_time":"20210211202857","is_ascension_mode":true,"campfire_choices":[],"circlet_count":0,"master_deck":["AscendersBane","Strike_B","Strike_B","Strike_B","Defend_B","Defend_B","Defend_B","Defend_B","Zap","Dualcast","Rebound","Ball Lightning","Ball Lightning","Barrage"],"relics":["Cracked Core","NeowsBlessing"],"acts_visited":["Exordium"],"potions_floor_usage":[6,8,8],"damage_taken":[{"damage":0,"enemies":"2 Louse","floor":1,"turns":1},{"damage":0,"enemies":"Jaw Worm","floor":2,"turns":1},{"damage":0,"enemies":"Small Slimes","floor":4,"turns":1},{"damage":12,"enemies":"Gremlin Gang","floor":6,"turns":4},{"damage":56,"enemies":"Gremlin Nob","floor":8,"turns":4}],"seed_played":"5886862745139614040","potions_obtained":[{"floor":2,"key":"EssenceOfDarkness"},{"floor":4,"key":"Regen Potion"},{"floor":6,"key":"FocusPotion"}],"is_trial":false,"path_per_floor":["M","M","?","M","?","M","?","E"],"character_chosen":"DEFECT","items_purchased":[],"campfire_rested":0,"item_purchase_floors":[],"current_hp_per_floor":[64,64,69,69,58,46,46,0,0],"gold":156,"neow_bonus":"THREE_ENEMY_KILL","is_daily":false,"chose_seed":false,"campfire_upgraded":0,"win_rate":0.0,"timestamp":1613093337,"path_taken":["M","M","?","M","?","M","?","E"],"items_purchased_type":[],"build_version":"2020-12-22","purchased_purges":0,"victory":false,"max_hp_per_floor":[71,71,76,76,76,76,76,76,76],"card_choices":[{"not_picked":["Leap","Aggregate"],"picked":"Rebound","floor":1},{"not_picked":["Force Field","Barrage"],"picked":"Ball Lightning","floor":2},{"not_picked":["Steam Power","Redo"],"picked":"Ball Lightning","floor":4},{"not_picked":["Steam Power","Rebound"],"picked":"Barrage","floor":6}],"player_experience":1042092,"relics_obtained":[],"event_choices":[{"damage_healed":0,"gold_gain":0,"player_choice":"Donut","damage_taken":0,"max_hp_gain":5,"max_hp_loss":0,"event_name":"Big Fish","floor":3,"gold_loss":0},{"damage_healed":0,"gold_gain":75,"player_choice":"Gather Gold","damage_taken":11,"max_hp_gain":0,"max_hp_loss":0,"event_name":"World of Goop","floor":5,"gold_loss":0},{"cards_removed":["Strike_B"],"damage_healed":0,"gold_gain":0,"player_choice":"Card Removal","damage_taken":0,"max_hp_gain":0,"max_hp_loss":0,"event_name":"The Cleric","floor":7,"gold_loss":75}],"is_beta":false,"boss_relics":[],"items_purged_floors":[],"is_endless":false,"potions_floor_spawned":[2,4,6],"killed_by":"Gremlin Nob","ascension_level":18}}