{"host":"grpjhwjd167m6b3a","time":1613131828,"event":{"mods":["BaseMod","Bossed Relics","LagranYue(拉格朗・月)","Minty Spire (QoL Compilation)","Prisma Mod","Reliquary","SOS（斯巴达之子）","StSLib","The Alterego","The Saiyan","The Senshi"],"gold_per_floor":[161,187,187,205,11,11,67,92,92,142,142,210,210,190,190,320,320,358,374,374,395,65,131,179,257,283,283,369,369,392,408,408,538,538,601,666,666,666,679,679,679],"floor_reached":40,"language":"ZHS","playtime":3518,"items_purged":[],"score":475,"play_id":"513ca58a-2d14-40ae-a2e6-0ef1d46f491e","local_time":"20210212221028","is_ascension_mode":false,"campfire_choices":[{"data":"Redorb","floor":6.0,"key":"SMITH"},{"data":"Swordcombo","floor":13.0,"key":"SMITH"},{"floor":15.0,"key":"REST"},{"floor":27.0,"key":"REST"},{"data":"Swordcombo","floor":32,"key":"SMITH"}],"circlet_count":0,"master_deck":["Attack_a","Attack_a","Attack_b","Shoot","Shoot","Provocation","Defend_Dante","Defend_Dante","Defend_Dante","Defend_Dante","Redorb+1","LucifercomboC","Chargeshoot","Kick13","Lucifer","Swordcombo+1","LucifercomboB","Gunstinger","LucifercomboA","Parasite","Greenorb","Trickster","Chargeshoot","Whiteorb","SSScard+1","LucifercomboC","Honeycombofire","Swordcombo+1","BeastUppercut","Pandora","Weaponchange","Doubleshoot","Airhike+1","Stylechange","Honeycombofire+1","GilgameshcomboA+1","Madness","Madness","Chargeshoot2"],"relics":["SSS","Combocheck","LagranYue:RandomDrawCardRelic","Golden Idol","Mercury Hourglass","Letter Opener","Astrolabe","alterego_mod:SomeoneToFightFor","HornCleat","reliquary:TuningFork","Shuriken","Ancient Tea Set","reliquary:NewFriend","MutagenicStrength","Black Star"],"acts_visited":["Exordium","TheCity","TheBeyond"],"potions_floor_usage":[33,33,40,40],"damage_taken":[{"damage":0.0,"enemies":"Small Slimes","floor":1.0,"turns":4.0},{"damage":1.0,"enemies":"2 Louse","floor":2.0,"turns":4.0},{"damage":0.0,"enemies":"Cultist","floor":4.0,"turns":2.0},{"damage":28.0,"enemies":"Lagavulin","floor":7.0,"turns":5.0},{"damage":5.0,"enemies":"Blue Slaver","floor":8.0,"turns":3.0},{"damage":0.0,"enemies":"Looter","floor":10.0,"turns":2.0},{"damage":0.0,"enemies":"Gremlin Gang","floor":12.0,"turns":3.0},{"damage":34.0,"enemies":"Slime Boss","floor":16.0,"turns":8.0},{"damage":8.0,"enemies":"Spheric Guardian","floor":18.0,"turns":3.0},{"damage":3.0,"enemies":"Chosen","floor":19.0,"turns":2.0},{"damage":16.0,"enemies":"Sentry and Sphere","floor":21.0,"turns":3.0},{"damage":22.0,"enemies":"Book of Stabbing","floor":23.0,"turns":4.0},{"damage":0.0,"enemies":"3 Cultists","floor":24.0,"turns":3.0},{"damage":10.0,"enemies":"Gremlin Leader","floor":25.0,"turns":2.0},{"damage":25.0,"enemies":"Book of Stabbing","floor":28.0,"turns":5.0},{"damage":0.0,"enemies":"Shelled Parasite and Fungi","floor":30.0,"turns":1.0},{"damage":2.0,"enemies":"Snake Plant","floor":31.0,"turns":3.0},{"damage":45,"enemies":"Champ","floor":33,"turns":6},{"damage":10,"enemies":"Orb Walker","floor":35,"turns":2},{"damage":10,"enemies":"3 Darklings","floor":36,"turns":5},{"damage":5,"enemies":"Maw","floor":39,"turns":4},{"damage":95,"enemies":"Giant Head","floor":40,"turns":7}],"seed_played":"-1269454910265916769","potions_obtained":[{"floor":2.0,"key":"BlessingOfTheForge"},{"floor":7.0,"key":"Fire Potion"},{"floor":12.0,"key":"Energy Potion"},{"floor":14.0,"key":"SkillPotion"},{"floor":16.0,"key":"SteroidPotion"},{"floor":19.0,"key":"LiquidMemories"},{"floor":25.0,"key":"Fruit Juice"},{"floor":28.0,"key":"Weak Potion"},{"floor":33,"key":"SteroidPotion"}],"is_trial":false,"path_per_floor":["M","M","?","M","$","R","E","M","T","M","?","M","R","?","R","B",null,"M","M","?","M","$","E","M","E","T","R","E","?","M","M","R","B",null,"M","M","?","?","M","E"],"character_chosen":"DANTE","items_purchased":["Lucifer","Swordcombo","LucifercomboC","Honeycombofire","HornCleat"],"campfire_rested":2,"item_purchase_floors":[5,5,22,22,22],"current_hp_per_floor":[88,87,65,65,65,65,37,32,32,32,54,54,54,54,80,46,88,83,80,80,67,67,50,50,45,45,72,47,47,56,67,67,24,93,93,83,83,71,74,0,0],"gold":679,"neow_bonus":"TEN_PERCENT_HP_BONUS","is_daily":false,"chose_seed":false,"campfire_upgraded":3,"win_rate":0.0,"timestamp":1613131828,"path_taken":["M","M","?","M","$","R","E","M","T","M","?","M","R","?","R","BOSS","M","?","?","M","$","E","M","E","T","R","E","?","M","M","R","BOSS","M","M","?","?","M","E"],"items_purchased_type":["Card","Card","Card","Card","Relic"],"build_version":"2020-12-22","purchased_purges":0,"victory":false,"max_hp_per_floor":[88,88,88,88,88,88,88,88,88,88,88,88,88,88,88,88,88,88,88,88,88,88,88,88,93,93,93,93,93,93,93,93,93,93,93,93,93,93,93,93,93],"card_choices":[{"not_picked":["Chargeshoot2","DevilstarS"],"picked":"LucifercomboC","floor":1.0},{"not_picked":["BeastUppercut","Fullhouse"],"picked":"Chargeshoot","floor":2.0},{"not_picked":["Hightime","Fullhouse"],"picked":"Kick13","floor":4.0},{"not_picked":["Dash2","Gunstinger"],"picked":"LucifercomboB","floor":7.0},{"not_picked":["DT","Millionstab"],"picked":"Gunstinger","floor":8.0},{"not_picked":["Splesh","Dash2"],"picked":"LucifercomboA","floor":10.0},{"not_picked":["EbonyIvory","Blueorb"],"picked":"Greenorb","floor":12.0},{"not_picked":["Goldorb","Swordcombo"],"picked":"Trickster","floor":16.0},{"not_picked":["VitalstarM","Gunstinger"],"picked":"Chargeshoot","floor":18.0},{"not_picked":["Lucifer","Chargeshoot2"],"picked":"Whiteorb","floor":19.0},{"not_picked":["Dash2","Greenorb+1"],"picked":"SSScard+1","floor":21.0},{"not_picked":["Kick13","Greenorb+1"],"picked":"Swordcombo","floor":23.0},{"not_picked":["Greenorb+1","Doubleshoot+1"],"picked":"BeastUppercut","floor":24.0},{"not_picked":["Dash2","GilgameshcomboA"],"picked":"Pandora","floor":25.0},{"not_picked":["Greenorb+1","Whiteorb"],"picked":"Weaponchange","floor":28.0},{"not_picked":["VitalstarM","CoyoteA"],"picked":"Doubleshoot","floor":30.0},{"not_picked":["Stinger","Swordcombo"],"picked":"Airhike+1","floor":31.0},{"not_picked":["Goldorb","Purpleorb"],"picked":"Stylechange","floor":33},{"not_picked":["VitalstarM+1","Whiteorb"],"picked":"Honeycombofire+1","floor":35},{"not_picked":["VitalstarS","BeastUppercut"],"picked":"GilgameshcomboA+1","floor":36},{"not_picked":["Ecstasy","EbonyIvory"],"picked":"Chargeshoot2","floor":39}],"player_experience":294483,"relics_obtained":[{"floor":7.0,"key":"Mercury Hourglass"},{"floor":9.0,"key":"Letter Opener"},{"floor":23.0,"key":"reliquary:TuningFork"},{"floor":25.0,"key":"Shuriken"},{"floor":26.0,"key":"Ancient Tea Set"},{"floor":28.0,"key":"reliquary:NewFriend"}],"event_choices":[{"damage_healed":0.0,"max_hp_gain":0.0,"max_hp_loss":0.0,"gold_gain":0.0,"event_name":"Golden Idol","player_choice":"Take Damage","floor":3.0,"gold_loss":0.0,"damage_taken":22.0,"relics_obtained":["Golden Idol"]},{"damage_healed":22.0,"max_hp_gain":0.0,"max_hp_loss":0.0,"gold_gain":0.0,"event_name":"Mushrooms","player_choice":"Healed and dodged fight","floor":11.0,"gold_loss":0.0,"damage_taken":0.0,"cards_obtained":["Parasite"]},{"damage_healed":0.0,"max_hp_gain":0.0,"max_hp_loss":0.0,"gold_gain":0.0,"event_name":"The Woman in Blue","player_choice":"Bought 1 Potion","floor":14.0,"gold_loss":0.0,"damage_taken":0.0},{"damage_healed":0.0,"max_hp_gain":0.0,"max_hp_loss":0.0,"gold_gain":0.0,"event_name":"爱的神圣花园","player_choice":"Choice 2","floor":20.0,"gold_loss":0.0,"damage_taken":0.0,"relics_obtained":["alterego_mod:SomeoneToFightFor"]},{"damage_healed":0.0,"max_hp_gain":0.0,"max_hp_loss":0.0,"gold_gain":0.0,"event_name":"Drug Dealer","player_choice":"Inject Mutagens","floor":29.0,"gold_loss":0.0,"damage_taken":0.0,"relics_obtained":["MutagenicStrength"]},{"damage_healed":0,"gold_gain":0,"player_choice":"Ignored","damage_taken":0,"max_hp_gain":0,"max_hp_loss":0,"event_name":"Tomb of Lord Red Mask","floor":37,"gold_loss":0},{"damage_healed":0,"gold_gain":0,"player_choice":"Embrace Madness","damage_taken":12,"max_hp_gain":0,"max_hp_loss":0,"event_name":"Winding Halls","floor":38,"gold_loss":0,"cards_obtained":["Madness","Madness"]}],"is_beta":false,"boss_relics":[{"not_picked":["Coffee Dripper","reliquary:RedCape"],"picked":"Astrolabe"},{"not_picked":["reliquary:WritOfMandamus","Runic Dome"],"picked":"Black Star"}],"items_purged_floors":[],"is_endless":false,"potions_floor_spawned":[2,7,12,16,19,25,28,33],"killed_by":"Giant Head","ascension_level":0}}