{"host":"2l3i55whvwk76mom","time":1613144500,"event":{"mods":["BaseMod","Googly Eyes","Hubris","Minty Spire (QoL Compilation)","Replay The Spire","StSLib"],"gold_per_floor":[111,111,167,167,128,155,169,169,169,169,186,186,219,235,235,330,330,348,348,204,219,67,67,99,99,147,21,48,65,65,83,83,184,184,198,198,0,0,12,12,12,12],"floor_reached":41,"language":"ENG","playtime":1489,"items_purged":["Strike_R"],"score":885,"play_id":"6135de5e-85e8-4f4e-981a-629f29a15f52","local_time":"20210212074140","is_ascension_mode":true,"campfire_choices":[{"data":"Disarm","floor":8.0,"key":"SMITH"},{"data":"Bash","floor":10.0,"key":"SMITH"},{"data":"Searing Blow+1","floor":12.0,"key":"SMITH"},{"data":"Hemogenesis","floor":15.0,"key":"SMITH"},{"data":"Uppercut","floor":23.0,"key":"SMITH"},{"floor":25.0,"key":"REST"},{"floor":30.0,"key":"REST"},{"data":"ReplayTheSpireMod:Limb From Limb","floor":32.0,"key":"SMITH"},{"data":"Impervious","floor":40,"key":"SMITH"}],"circlet_count":0,"master_deck":["Strike_R","Strike_R","Strike_R+1","Strike_R","Defend_R+1","Defend_R","Defend_R","Defend_R","Bash+1","Searing Blow+3","Disarm+1","Cleave","Pommel Strike","Run Through","Anger","Hemogenesis+1","Brutality","Headbutt","Metallicize+1","Uppercut+1","Ghostly Armor","Inflame+1","Bludgeon","Spot Weakness+1","Combust+1","ReplayTheSpireMod:Limb From Limb+1","Twin Strike","Impervious+1","Ghostly Armor"],"relics":["Burning Blood","NeowsBlessing","hubris:Towel","hubris:BottledRain","Bronze Scales","Simple Rune","hubris:RunicObelisk","Frozen Egg 2","Paper Frog","Replay:Mystery Machine","Pen Nib","hubris:TerracottaHorce","ReplayTheSpireMod:Ring of Collecting","Ring of Chaos","Red Mask"],"acts_visited":["Exordium","TheCity","TheBeyond"],"potions_floor_usage":[41],"damage_taken":[{"damage":0.0,"enemies":"Small Slimes","floor":1.0,"turns":1.0},{"damage":0.0,"enemies":"3 Sentries","floor":6.0,"turns":2.0},{"damage":0.0,"enemies":"2 Louse","floor":7.0,"turns":1.0},{"damage":4.0,"enemies":"Jaw Worm","floor":11.0,"turns":3.0},{"damage":30.0,"enemies":"Gremlin Nob","floor":13.0,"turns":4.0},{"damage":9.0,"enemies":"Looter","floor":14.0,"turns":3.0},{"damage":53.0,"enemies":"Hexaghost","floor":16.0,"turns":9.0},{"damage":36.0,"enemies":"2 Thieves","floor":18.0,"turns":4.0},{"damage":3.0,"enemies":"3 Byrds","floor":21.0,"turns":4.0},{"damage":51.0,"enemies":"Gremlin Leader","floor":24.0,"turns":8.0},{"damage":31.0,"enemies":"Book of Stabbing","floor":28.0,"turns":5.0},{"damage":27.0,"enemies":"Centurion and Healer","floor":29.0,"turns":5.0},{"damage":15.0,"enemies":"3 Cultists","floor":31.0,"turns":5.0},{"damage":36.0,"enemies":"Pondfish","floor":33.0,"turns":7.0},{"damage":11,"enemies":"3 Shapes","floor":35,"turns":6},{"damage":5,"enemies":"Orb Walker","floor":39,"turns":2},{"damage":88,"enemies":"Reptomancer","floor":41,"turns":4}],"seed_played":"-9064176917507812109","potions_obtained":[{"floor":11.0,"key":"Adrenaline Potion"},{"floor":14.0,"key":"Swift Potion"},{"floor":21.0,"key":"PowerPotion"},{"floor":29.0,"key":"Elixir"},{"floor":39,"key":"Regen Potion"}],"is_trial":false,"path_per_floor":["M","?","?","?","$","E","M","R","T","R","M","R","E","M","R","B",null,"M","?","$","M","$","R","E","R","T","$","E","M","R","M","R","B",null,"M","?","?","?","M","R","E"],"character_chosen":"IRONCLAD","items_purchased":["Disarm","Metallicize+1","Uppercut","Inflame+1","Spot Weakness+1","Combust+1"],"campfire_rested":2,"item_purchase_floors":[5,20,20,22,27,27],"current_hp_per_floor":[78,78,78,78,78,80,80,80,80,80,80,80,56,53,53,14,64,42,42,42,56,56,56,25,49,49,49,41,28,52,43,43,24,66,69,69,69,69,70,70,0,0],"gold":12,"neow_bonus":"THREE_ENEMY_KILL","is_daily":false,"chose_seed":false,"campfire_upgraded":7,"win_rate":0.0,"timestamp":1613144500,"path_taken":["M","?","?","?","$","E","M","R","T","R","M","R","E","M","R","BOSS","M","?","$","M","$","R","E","R","T","$","E","M","R","M","R","BOSS","M","?","?","?","?","R","E"],"items_purchased_type":["Card","Card","Card","Card","Card","Card"],"build_version":"2020-12-22","purchased_purges":1,"victory":false,"max_hp_per_floor":[80,80,80,80,80,80,80,80,80,80,80,80,80,80,80,80,80,80,80,80,80,80,80,80,80,80,80,80,80,80,80,80,80,80,80,80,80,80,80,80,80,80],"card_choices":[{"not_picked":["Flex","True Grit"],"picked":"Anger","floor":1.0},{"not_picked":["hubris:SharpeningStone","Shrug It Off"],"picked":"Cleave","floor":6.0},{"not_picked":["Entrench","Fiend Fire"],"picked":"Pommel Strike","floor":7.0},{"not_picked":["Clothesline","Flex"],"picked":"Run Through","floor":11.0},{"not_picked":["Cleave","Evolve"],"picked":"Anger","floor":13.0},{"not_picked":["Flex","Heavy Blade"],"picked":"Hemogenesis","floor":14.0},{"not_picked":["Fiend Fire","Limit Break"],"picked":"Brutality","floor":16.0},{"not_picked":["Body Slam","Havoc"],"picked":"Headbutt","floor":18.0},{"not_picked":["Havoc","Demonic Infusion"],"picked":"Ghostly Armor","floor":21.0},{"not_picked":["Pommel Strike","Wild Strike"],"picked":"Bludgeon","floor":24.0},{"not_picked":["Perfected Strike+1","Thunderclap+1"],"picked":"ReplayTheSpireMod:Limb From Limb","floor":28.0},{"not_picked":["Clothesline+1","ReplayTheSpireMod:Strike From Hell+1","True Grit"],"picked":"SKIP","floor":29.0},{"not_picked":["Replay:Undeath\u0027s Touch","Sever Soul"],"picked":"Twin Strike","floor":31.0},{"not_picked":["Fiend Fire","Replay:Many Hands"],"picked":"Impervious","floor":33.0},{"not_picked":["Replay:Undeath\u0027s Touch+1","Clash+1","Warcry"],"picked":"SKIP","floor":35},{"not_picked":["hubris:SharpeningStone+1","Thunderclap"],"picked":"Ghostly Armor","floor":39}],"player_experience":365846,"relics_obtained":[{"floor":6.0,"key":"hubris:BottledRain"},{"floor":9.0,"key":"Bronze Scales"},{"floor":13.0,"key":"Simple Rune"},{"floor":24.0,"key":"Paper Frog"},{"floor":26.0,"key":"Replay:Mystery Machine"},{"floor":28.0,"key":"Pen Nib"},{"floor":36,"key":"ReplayTheSpireMod:Ring of Collecting"},{"floor":36,"key":"Ring of Chaos"}],"event_choices":[{"damage_healed":0.0,"max_hp_gain":0.0,"max_hp_loss":0.0,"gold_gain":56.0,"event_name":"Golden Wing","player_choice":"Gained Gold","floor":3.0,"gold_loss":0.0,"damage_taken":0.0},{"damage_healed":0,"gold_gain":0,"player_choice":"Paid","damage_taken":0,"relics_obtained":["Red Mask"],"max_hp_gain":0,"max_hp_loss":0,"event_name":"Tomb of Lord Red Mask","floor":37,"gold_loss":198}],"is_beta":false,"boss_relics":[{"not_picked":["hubris:BlackHole","Calling Bell"],"picked":"hubris:RunicObelisk"},{"not_picked":["Runic Cube","Mark of Pain"],"picked":"hubris:TerracottaHorce"}],"items_purged_floors":[22],"is_endless":false,"potions_floor_spawned":[6,11,14,21,29,39],"killed_by":"Reptomancer","ascension_level":9}}