{"host":"2x189hkb4impm2gi","time":1613159199,"event":{"mods":["AchievementEnabler","BaseMod","Colored Map","Colored Powertips","Downfall","Minty Spire (QoL Compilation)","StSLib"],"gold_per_floor":[99,118,138,53,53,66,66,86,111,111,127,147,147,161,173,276,276,276,294,286,204,237,237,237,237],"floor_reached":23,"language":"ENG","playtime":2524,"items_purged":["hexamod:Strike"],"score":193,"play_id":"a276d697-b731-439b-aa88-00edb224fc01","local_time":"20210212144639","is_ascension_mode":false,"campfire_choices":[{"floor":1,"key":"RECALL"},{"data":"hexamod:RadiantFlame","floor":10,"key":"SMITH"},{"data":"hexamod:Hexaguard","floor":13,"key":"SMITH"},{"data":"hexamod:ExtraCrispy","floor":18,"key":"SMITH"}],"circlet_count":0,"master_deck":["hexamod:Strike","hexamod:Strike","hexamod:Strike","hexamod:Defend","hexamod:Defend","hexamod:Defend+1","hexamod:Defend","hexamod:Sear","hexamod:Float+1","hexamod:GhostOfSpireFuture","hexamod:AdvancingGuard","hexamod:BurningTouch","hexamod:RadiantFlame+1","hexamod:ThermalTransfer","hexamod:ThirdSeal","hexamod:TimeWarp+1","hexamod:BacktrackSmack+1","hexamod:Firestarter","hexamod:Hexaguard+1","hexamod:ExtraCrispy+1","hexamod:HeatCrush","hexamod:RecurringNightmare","hexamod:TimeOfNeed","hexamod:SixthSeal","hexamod:SixthSeal","hexamod:EmpoweredFlame","hexamod:ParanormalForm","hexamod:FirstSeal","hexamod:SecondSeal","hexamod:FourthSeal","hexamod:Incineration+1","hexamod:NightmareGuise+1","hexamod:PhantomFireball"],"relics":["hexamod:SpiritBrand","HornCleat","Oddly Smooth Stone","Philosopher\u0027s Stone","Red Mask"],"acts_visited":["Exordium","TheCity"],"potions_floor_usage":[16,22,23,23],"damage_taken":[{"damage":0,"enemies":"Cultist","floor":2,"turns":3},{"damage":4,"enemies":"Small Slimes","floor":3,"turns":4},{"damage":0,"enemies":"downfall:FleeingMerchant","floor":4,"turns":4},{"damage":0,"enemies":"Jaw Worm","floor":6,"turns":4},{"damage":0,"enemies":"Large Slime","floor":8,"turns":4},{"damage":4,"enemies":"Lagavulin","floor":9,"turns":8},{"damage":7,"enemies":"3 Louse","floor":11,"turns":5},{"damage":14,"enemies":"Exordium Wildlife","floor":12,"turns":5},{"damage":2,"enemies":"Red Slaver","floor":14,"turns":3},{"damage":7,"enemies":"Blue Slaver","floor":15,"turns":3},{"damage":19,"enemies":"IC_STATUS_ARCHETYPE","floor":16,"turns":9},{"damage":26,"enemies":"Spheric Guardian","floor":19,"turns":6},{"damage":0,"enemies":"downfall:FleeingMerchant","floor":21,"turns":4},{"damage":15,"enemies":"Masked Bandits","floor":22,"turns":6},{"damage":45,"enemies":"Book of Stabbing","floor":23,"turns":6}],"seed_played":"-6381690915554215137","potions_obtained":[{"floor":3,"key":"sneckomod:MuddlingPotion"},{"floor":6,"key":"sneckomod:MuddlingPotion"},{"floor":9,"key":"DuplicationPotion"},{"floor":11,"key":"hexamod:EctoCoolerPotion"},{"floor":15,"key":"Strength Potion"},{"floor":22,"key":"Explosive Potion"},{"floor":22,"key":"BlessingOfTheForge"}],"is_trial":false,"path_per_floor":["R","M","M","$","?","M","T","M","E","R","M","M","R","M","M","B",null,"R","M","?","$","?","E"],"character_chosen":"THE_SPIRIT","items_purchased":["hexamod:RadiantFlame"],"campfire_rested":0,"item_purchase_floors":[4],"current_hp_per_floor":[77,77,73,73,73,73,73,73,69,69,62,48,48,46,39,20,77,77,51,44,51,43,0,0,0],"gold":237,"neow_bonus":"TEN_PERCENT_HP_BONUS","is_daily":false,"chose_seed":false,"campfire_upgraded":3,"win_rate":0.0,"timestamp":1613159199,"path_taken":["R","?","M","$","?","M","T","M","E","R","M","?","R","M","M","BOSS","R","M","?","$","?","E"],"items_purchased_type":["Card"],"build_version":"2020-12-22","purchased_purges":1,"victory":false,"max_hp_per_floor":[77,77,77,77,77,77,77,77,77,77,77,77,77,77,77,77,77,77,77,77,77,77,77,77,77],"card_choices":[{"not_picked":["hexamod:BacktrackSmack","hexamod:SpectersWail"],"picked":"hexamod:GhostOfSpireFuture","floor":2},{"not_picked":["hexamod:EtherealExpedition","hexamod:SwordOfDarkness"],"picked":"hexamod:AdvancingGuard","floor":3},{"not_picked":["hexamod:SkipABeat","hexamod:CatchUp"],"picked":"hexamod:BurningTouch","floor":4},{"not_picked":["hexamod:StepThrough","hexamod:CatchUp"],"picked":"hexamod:ThermalTransfer","floor":6},{"not_picked":["hexamod:GhostShield","hexamod:Firestarter"],"picked":"hexamod:ThirdSeal","floor":8},{"not_picked":["hexamod:SpectersWail","hexamod:Firestarter"],"picked":"hexamod:TimeWarp","floor":9},{"not_picked":["hexamod:ThermalTransfer","hexamod:NecessarySacrifice","hexamod:SwordOfDarkness"],"picked":"SKIP","floor":9},{"not_picked":["hexamod:FastForward","hexamod:PhantomCloak"],"picked":"hexamod:BacktrackSmack","floor":11},{"not_picked":["hexamod:SpectersWail","hexamod:SkipABeat"],"picked":"hexamod:Firestarter","floor":11},{"not_picked":["hexamod:RainOfEmbers","hexamod:FastForward"],"picked":"hexamod:Hexaguard","floor":12},{"not_picked":["hexamod:NightmareGuise","hexamod:GhostLash","hexamod:PhantomCloak"],"picked":"SKIP","floor":12},{"not_picked":["hexamod:InspiringFlames","hexamod:RainOfEmbers"],"picked":"hexamod:ExtraCrispy","floor":14},{"not_picked":["hexamod:RetreatToShadows","hexamod:NightmareGuise"],"picked":"hexamod:HeatCrush","floor":14},{"not_picked":["hexamod:HauntingEcho","hexamod:SwordOfDarkness"],"picked":"hexamod:RecurringNightmare","floor":15},{"not_picked":["hexamod:Hexaguard","hexamod:PhantomFireball"],"picked":"hexamod:TimeOfNeed","floor":15},{"not_picked":["hexamod:ForkedFlame","hexamod:UnlimitedPower"],"picked":"hexamod:SixthSeal","floor":16},{"not_picked":["hexamod:GhostOfSpirePresent","hexamod:TimeWarp"],"picked":"hexamod:SixthSeal","floor":16},{"not_picked":["hexamod:GhostLash","hexamod:HauntingEcho+1"],"picked":"hexamod:EmpoweredFlame","floor":19},{"not_picked":["hexamod:HeatMetal","hexamod:Rewind"],"picked":"hexamod:ParanormalForm","floor":19},{"not_picked":["hexamod:Hexaguard","hexamod:NightmareStrike"],"picked":"hexamod:Incineration+1","floor":21},{"not_picked":["hexamod:InspiringFlames","hexamod:FourthSeal"],"picked":"hexamod:NightmareGuise+1","floor":22},{"not_picked":["hexamod:Hexaguard","hexamod:NightmareGuise"],"picked":"hexamod:PhantomFireball","floor":22}],"player_experience":92460,"relics_obtained":[{"floor":7,"key":"HornCleat"},{"floor":9,"key":"Oddly Smooth Stone"},{"floor":22,"key":"Red Mask"}],"event_choices":[{"damage_healed":0,"gold_gain":0,"player_choice":"Ignored","damage_taken":0,"max_hp_gain":0,"max_hp_loss":0,"event_name":"NoteForYourself","floor":5,"gold_loss":0},{"damage_healed":0,"gold_gain":0,"player_choice":"Fought Bandits","damage_taken":0,"max_hp_gain":0,"max_hp_loss":0,"event_name":"Masked Bandits","floor":22,"gold_loss":0}],"is_beta":false,"boss_relics":[{"not_picked":["Cursed Key","Snecko Eye"],"picked":"Philosopher\u0027s Stone"}],"items_purged_floors":[21],"is_endless":false,"potions_floor_spawned":[3,6,9,11,15,22],"killed_by":"Book of Stabbing","ascension_level":0}}