{"host":"clf2hd4adhiiw0zf","time":1613127848,"event":{"mods":["AchievementEnabler","BaseMod","Beaked The Cultist","Bestiary","Dark Map","Downfall","Gremlin Mod","Hermit","Jorbs\u0027s Wanderer Trilogy","Marisa????????","Minty Spire (QoL Compilation)","Shop Mod","StSLib","The Cursed","The Servant 0.9.4","Wide Potions"],"gold_per_floor":[349,368,210,210,226,255,281,281,307,326,326,342,367,367,378,474,474,174,186,197,197,297,297,323,323,340,340,369,369,120,120,135,239,239,239,253,273,273,321,321,321,321,331,331,356,239,258,284,297,297,297,297,297,297],"floor_reached":52,"language":"ENG","playtime":1669,"items_purged":["Writhe"],"score":979,"play_id":"4d42a8ad-74b2-4717-9bb8-10e2c52c4193","local_time":"20210212040408","is_ascension_mode":true,"campfire_choices":[{"floor":1.0,"key":"RECALL"},{"data":"champ:FanOfKnives","floor":18.0,"key":"SMITH"},{"data":"champ:PerfectedStrike","floor":23.0,"key":"SMITH"},{"data":"champ:Taunt","floor":25.0,"key":"SMITH"},{"data":"champ:PerfectedStrike","floor":27.0,"key":"SMITH"},{"data":"champ:StrikeOfGenius","floor":35.0,"key":"SMITH"},{"data":"champ:Devastate","floor":42,"key":"SMITH"},{"data":"champ:Devastate","floor":44,"key":"SMITH"}],"circlet_count":0,"master_deck":["champ:Strike","champ:Strike","champ:Strike","champ:Strike","champ:Defend","champ:Defend","champ:Defend+1","champ:Defend","champ:Execute","champ:Taunt+1","champ:RisingSlash","champ:FanOfKnives+1","champ:PerfectedStrike+1","champ:ShieldSlam","champ:RapidStrikes","champ:Haymaker","champ:Endure+1","champ:GladiatorForm","champ:VampiricStrike","champ:EnGarde","champ:CrownThrow+1","champ:PerfectedStrike+1","champ:PerfectedStrike","RitualDagger+1","champ:ShieldWall+1","champ:Devastate+1","champ:Devastate+1","champ:CalledShot","champ:StrikeOfGenius+1","champ:PerfectedStrike+1","champ:FlashCut+1","Wraith","champ:Backstep","TheCursedMod:Dregs","champ:SwordSigil+1","champ:ShieldThrow","champ:FanOfKnives+1","champ:StanceDance+1","champ:PerfectedStrike","champ:PerfectedStrike"],"relics":["champ:ChampionCrownUpgraded","Strange Spoon","Bottled Flame","champ:FightingForDummies","champ:LiftRelic","Akabeko","Cursed Key","downfall:HeartBlessingRed","downfall:HeartBlessingBlue","downfall:HeartBlessingGreen","champ:DefensiveTrainingManual","War Paint","hexamod:Sixitude","Thread and Needle","Toxic Egg 2","Art of War","champ:SignatureFinisher","Bag of Marbles","Happy Flower"],"acts_visited":["Exordium","TheCity","TheBeyond","TheEnding"],"potions_floor_usage":[50],"damage_taken":[{"damage":10.0,"enemies":"2 Louse","floor":2.0,"turns":3.0},{"damage":30.0,"enemies":"downfall:FleeingMerchant","floor":3.0,"turns":4.0},{"damage":5.0,"enemies":"Small Slimes","floor":5.0,"turns":2.0},{"damage":25.0,"enemies":"Lagavulin","floor":6.0,"turns":7.0},{"damage":0.0,"enemies":"Cultist","floor":8.0,"turns":1.0},{"damage":36.0,"enemies":"Gremlin Nob","floor":9.0,"turns":5.0},{"damage":10.0,"enemies":"Exordium Thugs","floor":10.0,"turns":4.0},{"damage":16.0,"enemies":"Large Slime","floor":12.0,"turns":6.0},{"damage":20.0,"enemies":"Lagavulin","floor":13.0,"turns":6.0},{"damage":0.0,"enemies":"2 Fungi Beasts","floor":15.0,"turns":1.0},{"damage":51.0,"enemies":"SI_SHIV_ARCHETYPE","floor":16.0,"turns":12.0},{"damage":8.0,"enemies":"Chosen","floor":19.0,"turns":2.0},{"damage":32.0,"enemies":"Chosen and Byrds","floor":20.0,"turns":6.0},{"damage":26.0,"enemies":"Shelled Parasite and Fungi","floor":26.0,"turns":3.0},{"damage":18.0,"enemies":"Slavers","floor":28.0,"turns":2.0},{"damage":20.0,"enemies":"downfall:FleeingMerchant","floor":30.0,"turns":4.0},{"damage":10.0,"enemies":"Cultist and Chosen","floor":32.0,"turns":3.0},{"damage":22.0,"enemies":"DF_ARCHETYPE_CLAW","floor":33.0,"turns":8.0},{"damage":15.0,"enemies":"3 Darklings","floor":36.0,"turns":2.0},{"damage":0.0,"enemies":"Orb Walker","floor":37.0,"turns":1.0},{"damage":64,"enemies":"2 Orb Walkers","floor":39,"turns":5},{"damage":0,"enemies":"4 Shapes","floor":43,"turns":1},{"damage":28,"enemies":"Nemesis","floor":45,"turns":5},{"damage":15,"enemies":"downfall:FleeingMerchant","floor":46,"turns":4},{"damage":8,"enemies":"Sphere and 2 Shapes","floor":47,"turns":1},{"damage":23,"enemies":"Giant Head","floor":48,"turns":6},{"damage":0,"enemies":"Jaw Worm Horde","floor":49,"turns":1},{"damage":39,"enemies":"WA_ARCHETYPE_DIVINITY","floor":50,"turns":6},{"damage":113,"enemies":"downfall:CharBossMerchant","floor":52,"turns":6}],"seed_played":"4592321471240129290","potions_obtained":[{"floor":6.0,"key":"sneckomod:MuddlingPotion"},{"floor":9.0,"key":"sneckomod:MuddlingPotion"},{"floor":10.0,"key":"PowerPotion"},{"floor":13.0,"key":"Guardian:BlockOnCardUsePotion"},{"floor":20.0,"key":"GamblersBrew"},{"floor":29.0,"key":"CultistPotion"},{"floor":33.0,"key":"Strength Potion"},{"floor":37.0,"key":"Fire Potion"},{"floor":39,"key":"DuplicationPotion"}],"is_trial":false,"path_per_floor":["R","M","$","?","M","E","T","M","E","M","?","M","E","?","M","B",null,"R","M","M","?","?","R","T","R","M","R","E","?","$","?","M","B",null,"R","M","M","?","?","?","T","R","M","R","E","$","M","E","M","B",null,"E"],"character_chosen":"THE_CHAMP","items_purchased":["Strange Spoon","champ:Devastate","champ:SignatureFinisher","Bag of Marbles"],"campfire_rested":0,"item_purchase_floors":[3,30,46,46],"current_hp_per_floor":[81,81,81,81,81,56,56,56,20,20,20,19,19,91,91,55,82,92,84,72,72,72,72,72,72,56,56,48,48,48,48,48,26,82,82,82,82,82,33,88,88,88,88,88,80,80,77,74,74,45,77,0,0,0],"gold":297,"neow_bonus":"TWO_FIFTY_GOLD","is_daily":false,"chose_seed":false,"campfire_upgraded":7,"win_rate":0.0,"timestamp":1613127848,"path_taken":["R","M","$","?","M","E","T","M","E","M","?","M","E","?","M","BOSS","R","M","?","?","?","R","T","R","M","R","E","?","$","?","M","BOSS","R","M","M","?","?","?","T","R","M","R","E","$","M","E","M","BOSS","E"],"items_purchased_type":["Relic","Card","Relic","Relic"],"build_version":"2020-12-22","purchased_purges":1,"victory":false,"max_hp_per_floor":[81,81,81,81,81,81,81,81,81,81,81,81,81,91,91,91,91,101,101,101,101,101,101,101,101,101,101,101,101,101,101,101,101,101,101,101,101,101,101,88,88,88,88,88,88,88,88,88,88,88,88,88,88,88],"card_choices":[{"not_picked":["champ:EnGarde","champ:SetATrap"],"picked":"champ:RisingSlash","floor":2.0},{"not_picked":["champ:RageSigil","champ:SetATrap"],"picked":"champ:FanOfKnives","floor":3.0},{"not_picked":["champ:TornadoPunch","champ:SetATrap"],"picked":"champ:PerfectedStrike","floor":5.0},{"not_picked":["champ:EndlessRage","champ:PreciseThrust"],"picked":"champ:ShieldSlam","floor":6.0},{"not_picked":["champ:StanceDance","champ:AdrenalArmor"],"picked":"champ:GladiatorForm","floor":8.0},{"not_picked":["champ:Backstep","champ:ShieldSlam"],"picked":"champ:RapidStrikes","floor":9.0},{"not_picked":["champ:RecklessLeap","champ:FanOfKnives"],"picked":"champ:Haymaker","floor":10.0},{"not_picked":["champ:PreciseThrust","champ:BringItOn"],"picked":"champ:Endure","floor":12.0},{"not_picked":["champ:EndlessRage","champ:Endure","champ:RageSigil"],"picked":"SKIP","floor":13.0},{"not_picked":["champ:BringItOn","champ:Circumvent"],"picked":"champ:GladiatorForm","floor":15.0},{"not_picked":["champ:EnchantSword","champ:DancingMaster"],"picked":"champ:VampiricStrike","floor":16.0},{"not_picked":["champ:CrookedStrike","champ:ShieldSigil"],"picked":"champ:EnGarde","floor":19.0},{"not_picked":["champ:PreemptiveStrike","champ:BerserkersShout"],"picked":"champ:CrownThrow+1","floor":20.0},{"not_picked":["champ:Haymaker","champ:FlashCut"],"picked":"champ:PerfectedStrike","floor":26.0},{"not_picked":["champ:BringItOn","champ:ShieldSlam"],"picked":"champ:PerfectedStrike","floor":28.0},{"not_picked":["champ:FanOfKnives+1","champ:PerfectedStrike"],"picked":"champ:ShieldWall+1","floor":30.0},{"not_picked":["champ:EnGarde","champ:ShieldWall"],"picked":"champ:CalledShot","floor":32.0},{"not_picked":["champ:GladiatorForm","champ:EnchantSword"],"picked":"champ:StrikeOfGenius","floor":33.0},{"not_picked":["champ:Circumvent","champ:GutPunch+1"],"picked":"champ:PerfectedStrike+1","floor":36.0},{"not_picked":["champ:SetATrap+1","champ:Shatter+1"],"picked":"champ:FlashCut+1","floor":37.0},{"not_picked":["champ:EnragedBash","champ:CrownThrow"],"picked":"champ:Backstep","floor":39},{"not_picked":["champ:PreciseThrust","champ:GutPunch+1"],"picked":"champ:SwordSigil+1","floor":43},{"not_picked":["champ:CrownThrow","champ:Haymaker"],"picked":"champ:ShieldThrow","floor":45},{"not_picked":["champ:ShieldSigil+1","champ:DefensiveShout+1"],"picked":"champ:FanOfKnives+1","floor":46},{"not_picked":["champ:Shatter","champ:BerserkersShout+1"],"picked":"champ:StanceDance+1","floor":47},{"not_picked":["champ:DeathBlow","champ:Circumvent+1"],"picked":"champ:PerfectedStrike","floor":48},{"not_picked":["champ:EnragedBash","champ:GutPunch"],"picked":"champ:PerfectedStrike","floor":49}],"player_experience":237982,"relics_obtained":[{"floor":6.0,"key":"Bottled Flame"},{"floor":9.0,"key":"champ:FightingForDummies"},{"floor":13.0,"key":"Akabeko"},{"floor":24.0,"key":"War Paint"},{"floor":28.0,"key":"hexamod:Sixitude"},{"floor":39,"key":"Thread and Needle"},{"floor":41,"key":"Toxic Egg 2"},{"floor":45,"key":"Art of War"},{"floor":48,"key":"Happy Flower"}],"event_choices":[{"cards_removed":["champ:GladiatorForm"],"damage_healed":62.0,"max_hp_gain":10.0,"max_hp_loss":0.0,"gold_gain":0.0,"event_name":"Bonfire Elementals","player_choice":"Offered Rare","floor":14.0,"gold_loss":0.0,"damage_taken":0.0},{"damage_healed":0,"gold_gain":0,"player_choice":"Ignored","damage_taken":0,"max_hp_gain":0,"max_hp_loss":0,"event_name":"OrinTheCat","floor":38,"gold_loss":0},{"damage_healed":0,"gold_gain":0,"player_choice":"Fight","damage_taken":0,"max_hp_gain":0,"max_hp_loss":0,"event_name":"Mysterious Sphere","floor":39,"gold_loss":0}],"is_beta":false,"boss_relics":[{"not_picked":["champ:PowerArmor","Tiny House"],"picked":"Cursed Key"},{"not_picked":["Fusion Hammer","SacredBark"],"picked":"champ:ChampionCrownUpgraded"}],"items_purged_floors":[30],"is_endless":false,"potions_floor_spawned":[6,9,10,12,13,20,33,37,39,45,47],"killed_by":"downfall:CharBossMerchant","ascension_level":5}}