{"host":"40vzoph344nwp0en","time":1613122076,"event":{"mods":["2.2 Compatiblity","Act Like it!","BaseMod","Bestiary","Challenge The Spire","Colored Map","DeckTracker","Downfall","Friendly Minions","GifTheSpireLib","Hermit","Highlight Path","Infinite Spire","Marisa????????","Minty Spire (QoL Compilation)","Permanent Neow","Relic Sorter","Replay The Spire","Spicy Shops","StSLib","SuperFastMode","The Bug Knight","The Cursed","The Disciple","The Elementalist","The Marked","The Servant 0.9.4","??????REMEMod"],"gold_per_floor":[100017,100032,98737,98823,98851,98881,97439,97439,97439,96085,96085,94837,94864,94882,94882,94993,94993,94993],"floor_reached":17,"language":"ENG","playtime":841,"items_purged":["Defend_MRS","Strike_MRS","Strike_MRS","Defend_MRS","Impatience","EarthLightRay"],"score":355,"play_id":"764c6ac3-ff77-4ba5-99ab-cc07bc847dfb","local_time":"20210212022756","is_ascension_mode":false,"campfire_choices":[{"data":"MysteriousBeam","floor":8,"key":"SMITH"},{"data":"MagicChant","floor":15,"key":"SMITH"}],"circlet_count":0,"master_deck":["MasterSpark","UpSweep","DarkMatter","DoubleSpark","DarkMatter","StarBarrage","EarthLightRay","FinalSpark","MilkyWay","Mayhem","Panacea","EnergyFlow","EnergyFlow","DoubleSpark","MysteriousBeam+1","MysteriousBeam","ChargeUpSpray","AbsoluteMagnitude+1","REME_Flogging+1","MachineGunSpark+1","MagicChant+1","CasketOfStar+1"],"relics":["MiniHakkero","REME_ComplimentaryCards","Gremlin Horn","ReplayTheSpireMod:ShopPack","CeramicFish","infinitespire:Satchel","Orrery","Replay:Wax Seal","Mercury Hourglass","Replay:Multitool","Blue Doll","TheAbacus","Golden Egg","ClockworkSouvenir","Juzu Bracelet","Eternal Feather","Toolbox","Shovel","Omamori","PreservedInsect","REME_HourglassOfDeath","Lee\u0027s Waffle","Replay:Rubber Ducky","Snack Pack","Empty Cage"],"acts_visited":["Exordium","TheCity"],"potions_floor_usage":[6],"damage_taken":[{"damage":1,"enemies":"Cultist","floor":1,"turns":4},{"damage":3,"enemies":"Small Slimes","floor":2,"turns":3},{"damage":6,"enemies":"Jaw Worm","floor":5,"turns":2},{"damage":0,"enemies":"Gremlin Nob","floor":6,"turns":2},{"damage":0,"enemies":"3 Louse","floor":13,"turns":1},{"damage":0,"enemies":"2 Fungi Beasts","floor":14,"turns":1},{"damage":0,"enemies":"Slime Boss","floor":16,"turns":3}],"seed_played":"-1644528037300634972","potions_obtained":[{"floor":2,"key":"DuplicationPotion"},{"floor":4,"key":"infinitespire:BlackPotion"},{"floor":4,"key":"BottledSpark"},{"floor":6,"key":"Venom Potion"}],"is_trial":false,"path_per_floor":["M","M","$","?","M","E","$","R","T","$","?","$","M","M","R","B",null],"character_chosen":"MARISA","items_purchased":["Gremlin Horn","ReplayTheSpireMod:ShopPack","CeramicFish","infinitespire:Satchel","Orrery","EnergyFlow","EarthLightRay","DoubleSpark","MysteriousBeam","Replay:Multitool","Blue Doll","TheAbacus","Golden Egg","ClockworkSouvenir","AbsoluteMagnitude","Eternal Feather","Toolbox","Shovel","Omamori","REME_Flogging","PreservedInsect","REME_HourglassOfDeath","Lee\u0027s Waffle","Replay:Rubber Ducky","Snack Pack","MachineGunSpark"],"campfire_rested":0,"item_purchase_floors":[3,3,3,3,3,3,3,3,3,7,7,7,7,7,7,10,10,10,10,10,12,12,12,12,12,12],"current_hp_per_floor":[74,71,71,53,47,59,59,59,59,59,59,82,82,82,82,82,82,82],"gold":94993,"neow_bonus":"REMOVE_TWO","is_daily":false,"chose_seed":false,"campfire_upgraded":2,"win_rate":0.0,"timestamp":1613122076,"path_taken":["M","M","$","?","M","E","?","R","T","?","?","$","M","M","R","BOSS"],"items_purchased_type":["Relic","Relic","Relic","Relic","Relic","Card","Card","Card","Card","Relic","Relic","Relic","Relic","Relic","Card","Relic","Relic","Relic","Relic","Card","Relic","Relic","Relic","Relic","Relic","Card"],"build_version":"2020-12-22","purchased_purges":6,"victory":false,"max_hp_per_floor":[75,75,75,75,75,75,75,75,75,75,75,82,82,82,82,82,82,82],"card_choices":[{"not_picked":["DC","Robbery"],"picked":"DarkMatter","floor":1},{"not_picked":["GrandCross","NonDirectionalLaser"],"picked":"DoubleSpark","floor":2},{"not_picked":["ShootingEcho","MaximisePower"],"picked":"DarkMatter","floor":3},{"not_picked":["AsteroidBelt","DoubleSpark"],"picked":"StarBarrage","floor":3},{"not_picked":["GalacticHalo","ShootingEcho"],"picked":"EarthLightRay","floor":3},{"not_picked":["Acceleration","ManaConvection"],"picked":"FinalSpark","floor":3},{"not_picked":["6A","WitchLeyline"],"picked":"MilkyWay","floor":3},{"not_picked":["REME_BattleFury","REME_PuzzleBox"],"picked":"Mayhem","floor":3},{"not_picked":["Jack Of All Trades","Mind Blast"],"picked":"Impatience","floor":3},{"not_picked":["REME_TheoryOfElimination","REME_EyeOfCthun"],"picked":"Panacea","floor":3},{"not_picked":["NonDirectionalLaser","ChargingUp"],"picked":"MysteriousBeam","floor":4},{"not_picked":["WitchLeyline","IllusionStar"],"picked":"ChargeUpSpray","floor":5},{"not_picked":["GrandCross","SporeBomb","WitchLeyline"],"picked":"SKIP","floor":6},{"not_picked":["ChargingUp","EnergyFlow"],"picked":"MagicChant","floor":13},{"not_picked":["LuminesStrike","DoubleSpark","ManaConvection"],"picked":"SKIP","floor":14},{"not_picked":["BlazingStar","BigCrunch"],"picked":"CasketOfStar","floor":16}],"player_experience":646111,"relics_obtained":[{"floor":4,"key":"Replay:Wax Seal"},{"floor":6,"key":"Mercury Hourglass"},{"floor":9,"key":"Juzu Bracelet"}],"event_choices":[{"damage_healed":0,"gold_gain":0,"player_choice":"Ignored","damage_taken":0,"max_hp_gain":0,"max_hp_loss":0,"event_name":"Golden Wing","floor":11,"gold_loss":0}],"is_beta":false,"boss_relics":[{"not_picked":["Replay:Ancient Bell","Ring of Chaos"],"picked":"Empty Cage"}],"items_purged_floors":[3,3,7,7,10,12],"is_endless":false,"potions_floor_spawned":[2,6,14],"ascension_level":0}}