{"host":"61ejhfsushs0xmcl","time":1613131488,"event":{"mods":["ATMod(∞¢Ë™Mod)","Act Like it!","BaseMod","Colored Map","Gold Saver","HumanHunterMod(π÷ŒÔ…±»Àmod)","Minty Spire (QoL Compilation)","MostiFishMod","Remilia£®¿Ÿ√◊¿Ú—«£©","Spicy Shops","StSLib","TestMod","[IsaacMod]“‘»ˆº‚À˛","°æ“≈ŒÔø®≈∆°øREMEMod","ÛÙª÷∏ƒœ"],"gold_per_floor":[111,126,126,144,164,200,200,202,202],"floor_reached":8,"language":"ZHS","playtime":229,"items_purged":[],"score":78,"play_id":"ebb3834a-5e62-45b9-a6af-60fda506961c","local_time":"20210212200448","is_ascension_mode":true,"campfire_choices":[{"data":"AT_FocusSwordFire","floor":7,"key":"SMITH"}],"circlet_count":0,"master_deck":["Strike_RM","Strike_RM","Strike_RM","Strike_RM","Defend_RM","Defend_RM","Defend_RM","Defend_RM","RedMoon","ScarletShoot","MostiFishMod:FrostNova","MostiFishMod:WinterMarkForm","AT_FocusSwordFire+1","MastersStateliness","MostiFishMod:FrostNova","HeartBreak","ScarletMeister"],"relics":["ScarletHat","AT_ATBox","REME_ComplimentaryCards","DaveBox","testmod-TestBox","HushsDoor","Damocles","testmod-InjuryResistance","FrostBlade","NeowsBlessing","AT_RedTearstoneRing","SynthV:TestCard","testmod-Acrobat","AT_SilverBalance","Toxic Egg 2","TheBible","testmod-Brilliant"],"acts_visited":["Exordium"],"potions_floor_usage":[5,8],"damage_taken":[{"damage":0.0,"enemies":"Jaw Worm","floor":1.0,"turns":1.0},{"damage":0.0,"enemies":"Cultist","floor":2.0,"turns":1.0},{"damage":0.0,"enemies":"Small Slimes","floor":4.0,"turns":1.0},{"damage":0,"enemies":"Gremlin Gang","floor":5,"turns":2},{"damage":13,"enemies":"Gremlin Nob","floor":6,"turns":3},{"damage":5,"enemies":"3 Sentries","floor":8,"turns":1}],"seed_played":"-3881710483145179565","potions_obtained":[{"floor":2.0,"key":"Regen Potion"},{"floor":4.0,"key":"ColorlessPotion"}],"is_trial":false,"path_per_floor":["M","M","?","M","M","E","R","E"],"character_chosen":"REMILIA","items_purchased":[],"campfire_rested":0,"item_purchase_floors":[],"current_hp_per_floor":[68,68,68,68,37,25,25,0,0],"gold":202,"neow_bonus":"THREE_ENEMY_KILL","is_daily":false,"chose_seed":false,"campfire_upgraded":1,"win_rate":0.0,"timestamp":1613131488,"path_taken":["M","M","?","M","M","E","R","E"],"items_purchased_type":[],"build_version":"2020-12-22","purchased_purges":0,"victory":false,"max_hp_per_floor":[75,75,75,75,75,75,75,75,75],"card_choices":[{"not_picked":["FavorOfDestiny","NightDance","BloodyHallows"],"picked":"SKIP","floor":1.0},{"not_picked":["ScarletDream","UnstableMagic","ScarletSymphony","UnderTheZenith"],"picked":"MastersStateliness","floor":2.0},{"not_picked":["DevilSight","ScarletSymphony","ScarletDevil","MillenniumVampire","StarOfDavid"],"picked":"SKIP","floor":4.0},{"not_picked":["DiffusionOfMisfortune","ReincarnationDial+1","StarOfDavid","BombardNight"],"picked":"HeartBreak","floor":5},{"not_picked":["BlasphemousPunishment+1","VampireKiss","DiffusionOfMisfortune","FitfulNightmare"],"picked":"ScarletMeister","floor":6}],"player_experience":892421,"relics_obtained":[{"floor":1.0,"key":"AT_RedTearstoneRing"},{"floor":1.0,"key":"SynthV:TestCard"},{"floor":2.0,"key":"testmod-Acrobat"},{"floor":4.0,"key":"AT_SilverBalance"},{"floor":5,"key":"Toxic Egg 2"},{"floor":6,"key":"TheBible"},{"floor":6,"key":"testmod-Brilliant"}],"event_choices":[],"is_beta":false,"boss_relics":[],"items_purged_floors":[],"is_endless":false,"potions_floor_spawned":[2,4],"killed_by":"3 Sentries","ascension_level":7}}