{"host":"g2yp6paluzgljz05","time":1613103810,"event":{"mods":["BaseMod","Bestiary","Colored Powertips","DeckTracker","Highlight Path","Minty Spire (QoL Compilation)","Quick Restart"],"gold_per_floor":[112,112,112,37,57,57,84,84,84,84,32,42,55,115,115,115,115],"floor_reached":16,"language":"ENG","playtime":1452,"items_purged":["Strike_B"],"score":118,"play_id":"acff85c4-9a69-45dc-89d4-700e9029cad1","local_time":"20210212152330","is_ascension_mode":true,"campfire_choices":[{"data":"Buffer","floor":6,"key":"SMITH"},{"data":"Zap","floor":8,"key":"SMITH"},{"data":"Dualcast","floor":10,"key":"SMITH"},{"data":"Buffer","floor":15,"key":"SMITH"}],"circlet_count":0,"master_deck":["Strike_B","Defend_B","Defend_B","Defend_B","Defend_B","Zap+1","Dualcast+1","Buffer+1","Self Repair","Genetic Algorithm","Coolheaded","Coolheaded","Buffer+1"],"relics":["Cracked Core","Centennial Puzzle","Eternal Feather","Meat on the Bone"],"acts_visited":["Exordium"],"potions_floor_usage":[14,16],"damage_taken":[{"damage":3,"enemies":"2 Louse","floor":1,"turns":2},{"damage":1,"enemies":"Cultist","floor":5,"turns":4},{"damage":28,"enemies":"Lagavulin","floor":7,"turns":10},{"damage":0,"enemies":"Jaw Worm","floor":12,"turns":3},{"damage":3,"enemies":"2 Fungi Beasts","floor":13,"turns":4},{"damage":21,"enemies":"3 Sentries","floor":14,"turns":11},{"damage":23,"enemies":"Hexaghost","floor":16,"turns":14}],"seed_played":"-6534320756399295590","potions_obtained":[{"floor":1,"key":"Energy Potion"},{"floor":12,"key":"SkillPotion"},{"floor":14,"key":"ColorlessPotion"}],"is_trial":false,"path_per_floor":["M","?","?","$","M","R","E","R","T","R","$","M","M","?","R","B"],"character_chosen":"DEFECT","items_purchased":["Coolheaded"],"campfire_rested":0,"item_purchase_floors":[11],"current_hp_per_floor":[51,44,44,44,50,50,29,29,29,35,35,42,46,32,38,15,15],"gold":115,"neow_bonus":"THREE_RARE_CARDS","is_daily":false,"chose_seed":false,"campfire_upgraded":4,"win_rate":0.0,"timestamp":1613103810,"path_taken":["M","?","?","$","?","R","E","R","T","R","$","M","?","?","R","BOSS"],"items_purchased_type":["Card"],"build_version":"2020-12-22","purchased_purges":1,"victory":false,"max_hp_per_floor":[75,75,75,75,75,75,75,75,75,75,75,75,75,75,75,75,75],"card_choices":[{"not_picked":["Rainbow","Multi-Cast"],"picked":"Buffer","floor":0},{"not_picked":["Beam Cell","Cold Snap"],"picked":"Self Repair","floor":1},{"not_picked":["Hologram","Barrage","Storm"],"picked":"SKIP","floor":5},{"not_picked":["Redo","Auto Shields","Ball Lightning"],"picked":"SKIP","floor":7},{"not_picked":["Streamline","Barrage","Tempest"],"picked":"SKIP","floor":12},{"not_picked":["Cold Snap","Streamline"],"picked":"Coolheaded","floor":13},{"not_picked":["Ball Lightning","Lockon"],"picked":"Buffer","floor":14}],"player_experience":362859,"relics_obtained":[{"floor":7,"key":"Centennial Puzzle"},{"floor":9,"key":"Eternal Feather"},{"floor":14,"key":"Meat on the Bone"}],"event_choices":[{"cards_removed":["Strike_B"],"damage_healed":0,"gold_gain":0,"player_choice":"Card Removal","damage_taken":7,"max_hp_gain":0,"max_hp_loss":0,"event_name":"Golden Wing","floor":2,"gold_loss":0},{"damage_healed":0,"gold_gain":0,"cards_transformed":["Strike_B"],"player_choice":"Transformed","damage_taken":0,"max_hp_gain":0,"max_hp_loss":0,"event_name":"Transmorgrifier","floor":3,"gold_loss":0,"cards_obtained":["Genetic Algorithm"]},{"damage_healed":0,"gold_gain":0,"player_choice":"Searched \u00271\u0027 times","damage_taken":0,"max_hp_gain":0,"max_hp_loss":0,"event_name":"Dead Adventurer","floor":14,"gold_loss":0}],"is_beta":false,"boss_relics":[],"items_purged_floors":[4],"is_endless":false,"potions_floor_spawned":[1,12,14],"killed_by":"Hexaghost","ascension_level":4}}