{"host":"clf2hd4adhiiw0zf","time":1613125520,"event":{"mods":["AchievementEnabler","BaseMod","Beaked The Cultist","Bestiary","Dark Map","Downfall","Gremlin Mod","Hermit","Jorbs\u0027s Wanderer Trilogy","Marisa????????","Minty Spire (QoL Compilation)","Shop Mod","StSLib","The Cursed","The Servant 0.9.4","Wide Potions"],"gold_per_floor":[99,114,114,289,309,309,309,4,4,24,24,74,74,374,393,496,496,296,307,307,320,99,119,119,119,154,170,170,70,81,109,124,227,227,227,242,317,406,30,57,69,111,136,175,287,299,330,353,383,395,407,445,98,98,98,98],"floor_reached":57,"language":"ENG","playtime":2747,"items_purged":["Normality","Doubt"],"score":1739,"play_id":"5463a83f-2ca3-4c93-977b-a33cd80933b3","local_time":"20210212032520","is_ascension_mode":true,"campfire_choices":[{"data":"champ:CheapShot","floor":1.0,"key":"SMITH"},{"floor":9.0,"key":"RECALL"},{"data":"champ:ShieldWall","floor":11.0,"key":"SMITH"},{"data":"champ:LastStand","floor":18.0,"key":"SMITH"},{"data":"champ:CalledShot","floor":25.0,"key":"SMITH"},{"data":"champ:EnchantSword","floor":29.0,"key":"SMITH"},{"data":"champ:CheapShot","floor":35.0,"key":"SMITH"},{"data":"champ:HeavySlash","floor":46.0,"key":"SMITH"},{"data":"Apotheosis","floor":54.0,"key":"SMITH"}],"circlet_count":0,"master_deck":["champ:Strike","champ:Strike","champ:Strike","champ:Defend","champ:Defend","champ:Defend","champ:Defend","champ:Execute","champ:Taunt","champ:CheapShot+1","champ:SetATrap","champ:ShieldWall+1","champ:ShieldSigil","champ:ArenaPreparation","CurseOfTheBell","CurseOfTheBell","TheCursedMod:Dregs","champ:CheapShot","champ:BringItOn","champ:LastStand+1","champ:GutPunch+1","champ:Duel","champ:Shatter","champ:RapidStrikes+1","champ:CalledShot+1","champ:EnchantSword+1","Writhe","champ:ViciousMockery","champ:Haymaker","champ:HoldFirm","champ:CheapShot+1","champ:IronFortress","champ:StanceDance","Apotheosis+1","champ:HeavySlash+1","champ:FanOfKnives+1","champ:EnchantSword"],"relics":["champ:ChampionCrown","champ:LiftRelic","The Courier","Guardian:PocketSentry","hexamod:BolsterEngine","bronze:BronzeIdol","downfall:ExtraCursedBell","Potion Belt","bronze:DecasWashers","Old Coin","bronze:MakeshiftBattery","downfall:HeartBlessingRed","downfall:HeartBlessingBlue","Blood Vial","champ:SpectersHand","Gremlin Horn","MealTicket","downfall:HeartBlessingGreen","Pocketwatch","SlaversCollar","champ:DeflectingBracers","hexamod:Sixitude","MawBank","HornCleat","Anchor","hexamod:CandleOfCauterizing","White Beast Statue","InkBottle","Ice Cream","Pen Nib"],"acts_visited":["Exordium","TheCity","TheBeyond","TheEnding"],"potions_floor_usage":[56,56],"damage_taken":[{"damage":10.0,"enemies":"Jaw Worm","floor":2.0,"turns":4.0},{"damage":10.0,"enemies":"2 Louse","floor":5.0,"turns":3.0},{"damage":20.0,"enemies":"downfall:FleeingMerchant","floor":8.0,"turns":5.0},{"damage":10.0,"enemies":"Cultist","floor":10.0,"turns":3.0},{"damage":14.0,"enemies":"Exordium Wildlife","floor":15.0,"turns":4.0},{"damage":0.0,"enemies":"SI_SHIV_ARCHETYPE","floor":16.0,"turns":5.0},{"damage":27.0,"enemies":"3 Byrds","floor":19.0,"turns":5.0},{"damage":0.0,"enemies":"Chosen","floor":21.0,"turns":3.0},{"damage":24.0,"enemies":"downfall:FleeingMerchant","floor":22.0,"turns":6.0},{"damage":52.0,"enemies":"Centurion and Healer","floor":23.0,"turns":4.0},{"damage":10.0,"enemies":"Book of Stabbing","floor":26.0,"turns":3.0},{"damage":4.0,"enemies":"3 Cultists","floor":27.0,"turns":4.0},{"damage":0.0,"enemies":"Snecko","floor":30.0,"turns":4.0},{"damage":8.0,"enemies":"Slavers","floor":31.0,"turns":6.0},{"damage":17.0,"enemies":"Snake Plant","floor":32.0,"turns":3.0},{"damage":75.0,"enemies":"DF_ARCHETYPE_CLAW","floor":33.0,"turns":7.0},{"damage":40.0,"enemies":"3 Shapes","floor":36.0,"turns":4.0},{"damage":45.0,"enemies":"downfall:FleeingMerchant","floor":38.0,"turns":6.0},{"damage":72.0,"enemies":"Giant Head","floor":40.0,"turns":5.0},{"damage":10.0,"enemies":"Nemesis","floor":42.0,"turns":5.0},{"damage":10.0,"enemies":"Orb Walker","floor":43.0,"turns":2.0},{"damage":60.0,"enemies":"Giant Head","floor":44.0,"turns":7.0},{"damage":10.0,"enemies":"downfall:LadyInBlue","floor":45.0,"turns":4.0},{"damage":15.0,"enemies":"Jaw Worm Horde","floor":47.0,"turns":4.0},{"damage":2.0,"enemies":"Sphere and 2 Shapes","floor":48.0,"turns":3.0},{"damage":16.0,"enemies":"Transient","floor":49.0,"turns":5.0},{"damage":127.0,"enemies":"IC_BLOCK_ARCHETYPE","floor":50.0,"turns":10.0},{"damage":69.0,"enemies":"downfall:CharBossMerchant","floor":52.0,"turns":8.0},{"damage":121,"enemies":"downfall:NeowBoss","floor":55,"turns":12},{"damage":48,"enemies":"downfall:NeowBossFinal","floor":56,"turns":6}],"seed_played":"8622088790815914035","potions_obtained":[{"floor":2.0,"key":"hexamod:SoulburnPotion"},{"floor":10.0,"key":"champ:UltimateStancePotion"},{"floor":15.0,"key":"BlessingOfTheForge"},{"floor":16.0,"key":"SkillPotion"},{"floor":26.0,"key":"Guardian:BlockOnCardUsePotion"},{"floor":30.0,"key":"Fruit Juice"},{"floor":31.0,"key":"LiquidBronze"},{"floor":33.0,"key":"Fruit Juice"},{"floor":36.0,"key":"Explosive Potion"},{"floor":37.0,"key":"downfall:CursedFountainPotion"},{"floor":40.0,"key":"hexamod:SoulburnPotion"},{"floor":44.0,"key":"hexamod:SoulburnPotion"},{"floor":45.0,"key":"BlessingOfTheForge"},{"floor":45.0,"key":"SpeedPotion"},{"floor":45.0,"key":"BlessingOfTheForge"},{"floor":47.0,"key":"Strength Potion"},{"floor":52.0,"key":"bronze:BurnAndBuffPotion"}],"is_trial":false,"path_per_floor":["R","M","?","?","M","?","T","$","R","M","R","T","?","?","M","B",null,"R","M","?","M","$","M","T","R","E","M","?","R","M","E","M","B",null,"R","M","?","$","$","E","T","E","M","E","?","R","M","M","M","B",null,"E","$","R","B","B",null],"character_chosen":"THE_CHAMP","items_purchased":["Guardian:PocketSentry","hexamod:BolsterEngine","Blood Vial","champ:DeflectingBracers","Apotheosis","hexamod:Sixitude","Ice Cream","Pen Nib"],"campfire_rested":0,"item_purchase_floors":[8,8,22,38,39,39,53,53],"current_hp_per_floor":[90,90,90,90,90,85,85,85,85,85,85,85,85,85,76,76,90,100,93,93,93,89,84,84,84,86,84,84,84,98,97,97,86,124,124,119,124,124,124,117,117,119,121,123,124,124,124,122,118,83,124,95,110,110,61,35],"gold":98,"neow_bonus":"THREE_RARE_CARDS","is_daily":false,"chose_seed":false,"campfire_upgraded":8,"win_rate":0.0,"timestamp":1613125520,"path_taken":["R","M","?","?","M","?","T","$","R","?","R","?","?","?","M","BOSS","R","M","?","M","?","M","T","R","E","M","?","R","M","E","M","BOSS","R","M","?","?","$","E","T","E","?","E","?","R","M","M","M","BOSS","E","$","R","BOSS","BOSS"],"items_purchased_type":["Relic","Relic","Relic","Relic","Card","Relic","Relic","Relic"],"build_version":"2020-12-22","purchased_purges":2,"victory":true,"max_hp_per_floor":[90,90,90,90,90,90,90,90,90,90,90,90,90,90,90,90,90,100,100,100,100,100,100,100,100,100,100,100,100,112,112,112,124,124,124,124,124,124,124,124,124,124,124,124,124,124,124,124,124,124,124,124,124,124,124,124],"card_choices":[{"not_picked":["champ:StrikeOfGenius","champ:GladiatorForm"],"picked":"champ:CheapShot","floor":0.0},{"not_picked":["champ:BladeFlurry","champ:BerserkersShout"],"picked":"champ:SetATrap","floor":2.0},{"not_picked":["champ:FanOfKnives","champ:Backstep"],"picked":"champ:ShieldWall","floor":5.0},{"not_picked":["champ:HeartStrike","champ:FocusedDefense"],"picked":"champ:ShieldSigil","floor":8.0},{"not_picked":["champ:BerserkerStyle","champ:FlashCut"],"picked":"champ:ArenaPreparation","floor":10.0},{"not_picked":["champ:FanOfKnives","champ:FocusedBerserking"],"picked":"champ:BringItOn","floor":15.0},{"not_picked":["champ:DancingMaster","champ:EnchantSword"],"picked":"champ:LastStand","floor":16.0},{"not_picked":["champ:FanOfKnives","champ:EndlessRage"],"picked":"champ:GutPunch+1","floor":19.0},{"not_picked":["champ:GutPunch","champ:Circumvent"],"picked":"champ:Shatter","floor":21.0},{"not_picked":["champ:BerserkersShout","champ:FanOfKnives"],"picked":"champ:RapidStrikes+1","floor":22.0},{"not_picked":["champ:Circumvent","champ:Parry"],"picked":"champ:CalledShot","floor":23.0},{"not_picked":["champ:Shatter","champ:AdrenalArmor+1"],"picked":"champ:EnchantSword","floor":26.0},{"not_picked":["champ:DefensiveShout","champ:FalseCounter","champ:ShieldSigil"],"picked":"SKIP","floor":27.0},{"not_picked":["champ:RageSigil","champ:BringItOn+1"],"picked":"champ:ViciousMockery","floor":30.0},{"not_picked":["champ:RageSigil","champ:BerserkersShout+1"],"picked":"champ:Haymaker","floor":31.0},{"not_picked":["champ:CrownThrow","champ:ShieldSigil+1"],"picked":"champ:HoldFirm","floor":32.0},{"not_picked":["champ:DancingMaster","champ:SteelEdge"],"picked":"champ:CheapShot","floor":33.0},{"not_picked":["champ:Haymaker+1","champ:Shatter"],"picked":"champ:IronFortress","floor":36.0},{"not_picked":["champ:Duel+1","champ:RisingSlash+1"],"picked":"champ:StanceDance","floor":38.0},{"not_picked":["champ:TornadoPunch","champ:BringItOn","champ:RisingSlash+1"],"picked":"SKIP","floor":40.0},{"not_picked":["champ:EndlessRage","champ:ArenaPreparation+1","champ:Lariat+1"],"picked":"SKIP","floor":42.0},{"not_picked":["champ:DefensiveShout+1","champ:PreciseThrust","champ:EndlessRage"],"picked":"SKIP","floor":43.0},{"not_picked":["champ:DefensiveShout","champ:BerserkersShout+1"],"picked":"champ:HeavySlash","floor":44.0},{"not_picked":["champ:PerfectedStrike+1","champ:DefensiveShout"],"picked":"champ:FanOfKnives+1","floor":45.0},{"not_picked":["champ:CrownThrow+1","champ:EnGarde+1","champ:BerserkersShout+1"],"picked":"SKIP","floor":47.0},{"not_picked":["champ:Shatter","champ:GutPunch","champ:Haymaker+1"],"picked":"SKIP","floor":48.0},{"not_picked":["champ:HeartStrike","champ:RageSigil","champ:FancyFootwork+1"],"picked":"SKIP","floor":49.0},{"not_picked":["champ:GutPunch+1","champ:Lariat+1"],"picked":"champ:EnchantSword","floor":52.0}],"player_experience":235235,"relics_obtained":[{"floor":7.0,"key":"The Courier"},{"floor":14.0,"key":"Potion Belt"},{"floor":14.0,"key":"bronze:DecasWashers"},{"floor":14.0,"key":"Old Coin"},{"floor":24.0,"key":"champ:SpectersHand"},{"floor":26.0,"key":"Gremlin Horn"},{"floor":31.0,"key":"Pocketwatch"},{"floor":40.0,"key":"MawBank"},{"floor":41.0,"key":"HornCleat"},{"floor":42.0,"key":"Anchor"},{"floor":44.0,"key":"hexamod:CandleOfCauterizing"},{"floor":45.0,"key":"White Beast Statue"},{"floor":52.0,"key":"InkBottle"}],"event_choices":[],"is_beta":false,"boss_relics":[{"not_picked":["expansioncontent:StudyCardRelic","Empty Cage"],"picked":"bronze:MakeshiftBattery"},{"not_picked":["Runic Pyramid","Coffee Dripper"],"picked":"SlaversCollar"}],"items_purged_floors":[8,22],"is_endless":false,"potions_floor_spawned":[2,10,15,16,26,30,31,33,36,40,44,45,47,48,49,52],"ascension_level":4}}