{"host":"cbu6enf2xtq4r7r3","time":1613148650,"event":{"mods":["2.2 Compatiblity","AlwaysNeverKeys","BaseMod","Better Match","Better Note","Better Sensory Stone","Better Skull","Better Third Choice","Colored Map","Colored Powertips","Defuse TimeMaze Blight","Emptier Cage","Minty Spire (QoL Compilation)","Permanent Neow","Quick Restart","Random Character Button","Relic Sorter","Reorder Act Four","Shop Mod","StSLib"],"gold_per_floor":[116,136,136,136,159,159,202,202,227,227,102,102,142,163,163,289,289,303,303,319,333,349,349,41,41,68,68,111,124,124,145,145,264,264,282,282,615,615,632,632,646,646,646,646,263,297,297,310,310,310],"floor_reached":51,"language":"ENG","playtime":3997,"items_purged":["Strike_P"],"score":862,"play_id":"08435a3e-8fdc-4a91-8ccd-0ed578bacff4","local_time":"20210212175050","is_ascension_mode":true,"campfire_choices":[{"data":"Vigilance","floor":6.0,"key":"SMITH"},{"data":"WindmillStrike","floor":10.0,"key":"SMITH"},{"data":"Crescendo","floor":12.0,"key":"SMITH"},{"data":"Protect","floor":15,"key":"SMITH"},{"data":"Ragnarok","floor":23,"key":"SMITH"},{"data":"Establishment","floor":25,"key":"SMITH"},{"data":"DeceiveReality","floor":32,"key":"SMITH"},{"data":"EmptyBody","floor":40,"key":"SMITH"},{"data":"JustLucky","floor":42,"key":"SMITH"},{"data":"EmptyBody","floor":47,"key":"SMITH"}],"circlet_count":0,"master_deck":["Defend_P+1","Defend_P+1","Defend_P+1","Eruption+1","Vigilance+1","ReachHeaven+1","CutThroughFate+1","CutThroughFate+1","Crescendo+1","EmptyFist+1","Protect+1","Ragnarok+1","Reboot+1","JustLucky+1","JustLucky+1","Establishment+1","Consecrate+1","EmptyBody+1","DeceiveReality+1","Alpha+1","Evaluate+1","Dark Shackles+1","ClearTheMind+1","EmptyBody+1","Indignation+1"],"relics":["Empty Cage","Whetstone","Singing Bowl","Lantern","Regal Pillow","Coffee Dripper","White Beast Statue","Anchor","Potion Belt","SlaversCollar","Mercury Hourglass","Mark of the Bloom","Sling","StoneCalendar"],"acts_visited":["Exordium","TheCity","TheBeyond"],"potions_floor_usage":[14,14,14,16,18,21,29,29,33,35,41,48,48,50,50],"damage_taken":[{"damage":4.0,"enemies":"2 Louse","floor":1.0,"turns":3.0},{"damage":1.0,"enemies":"Small Slimes","floor":2.0,"turns":3.0},{"damage":0.0,"enemies":"Jaw Worm","floor":5.0,"turns":2.0},{"damage":16.0,"enemies":"Gremlin Nob","floor":7.0,"turns":3.0},{"damage":3.0,"enemies":"3 Sentries","floor":13.0,"turns":4.0},{"damage":0,"enemies":"Lots of Slimes","floor":14,"turns":2},{"damage":14,"enemies":"Hexaghost","floor":16,"turns":6},{"damage":7,"enemies":"Shell Parasite","floor":18,"turns":3},{"damage":6,"enemies":"3 Byrds","floor":20,"turns":4},{"damage":18,"enemies":"Snake Plant","floor":21,"turns":3},{"damage":0,"enemies":"Centurion and Healer","floor":22,"turns":3},{"damage":13,"enemies":"Book of Stabbing","floor":28,"turns":4},{"damage":0,"enemies":"Chosen and Byrds","floor":29,"turns":3},{"damage":0,"enemies":"Snake Plant","floor":31,"turns":3},{"damage":0,"enemies":"Champ","floor":33,"turns":8},{"damage":0,"enemies":"3 Shapes","floor":35,"turns":6},{"damage":1,"enemies":"Orb Walker","floor":39,"turns":4},{"damage":3,"enemies":"3 Darklings","floor":41,"turns":5},{"damage":6,"enemies":"Giant Head","floor":46,"turns":7},{"damage":0,"enemies":"Jaw Worm Horde","floor":48,"turns":2},{"damage":44,"enemies":"Awakened One","floor":50,"turns":9}],"seed_played":"5870260569303735229","potions_obtained":[{"floor":2.0,"key":"Fire Potion"},{"floor":7.0,"key":"SneckoOil"},{"floor":13.0,"key":"EntropicBrew"},{"floor":14,"key":"SteroidPotion"},{"floor":18,"key":"FearPotion"},{"floor":22,"key":"Explosive Potion"},{"floor":28,"key":"LiquidMemories"},{"floor":29,"key":"Explosive Potion"},{"floor":31,"key":"FearPotion"},{"floor":33,"key":"CultistPotion"},{"floor":35,"key":"SpeedPotion"},{"floor":39,"key":"Energy Potion"},{"floor":41,"key":"StancePotion"},{"floor":46,"key":"ColorlessPotion"},{"floor":48,"key":"FearPotion"}],"is_trial":false,"path_per_floor":["M","M","?","?","M","R","E","?","T","R","$","R","E","M","R","B",null,"M","?","M","M","M","R","$","R","T","?","E","M","?","M","R","B",null,"M","?","?","?","M","R","M","R","T","?","$","E","R","M","R","B",null],"character_chosen":"WATCHER","items_purchased":["Crescendo","White Beast Statue","Establishment","Sling","EmptyBody","Ambrosia","StancePotion"],"campfire_rested":0,"item_purchase_floors":[11,24,24,45,45,45,45],"current_hp_per_floor":[68,67,67,67,67,67,51,51,51,51,51,51,48,48,48,34,67,62,62,56,38,40,40,40,40,40,44,31,31,31,31,31,31,71,71,73,73,73,74,74,71,71,71,71,71,65,65,65,65,21],"gold":310,"neow_bonus":"BOSS_RELIC","is_daily":false,"chose_seed":false,"campfire_upgraded":10,"win_rate":0.0,"timestamp":1613148650,"path_taken":["M","M","?","?","M","R","E","?","T","R","$","R","E","M","R","BOSS","M","?","?","M","M","R","$","R","T","?","E","?","?","M","R","BOSS","M","?","?","?","M","R","M","R","T","?","$","E","R","M","R","BOSS"],"items_purchased_type":["Card","Relic","Card","Relic","Card","Potion","Potion"],"build_version":"2020-12-22","purchased_purges":1,"victory":true,"max_hp_per_floor":[72,72,72,67,67,67,67,67,67,67,67,67,67,67,67,67,67,69,69,69,69,71,71,71,71,71,71,71,71,71,71,71,71,71,71,73,73,73,75,75,75,75,75,75,75,77,77,77,77,77],"card_choices":[{"not_picked":["Protect","Sanctity"],"picked":"WindmillStrike","floor":1.0},{"not_picked":["PathToVictory","Indignation"],"picked":"ReachHeaven","floor":2.0},{"not_picked":["Halt","SashWhip"],"picked":"CutThroughFate","floor":5.0},{"not_picked":["Judgement","PathToVictory"],"picked":"CutThroughFate","floor":7.0},{"not_picked":["Halt","ReachHeaven"],"picked":"EmptyFist","floor":13.0},{"not_picked":["Study","JustLucky"],"picked":"Protect","floor":14},{"not_picked":["Scrawl","Judgement"],"picked":"Ragnarok","floor":16},{"not_picked":["CutThroughFate","BowlingBash","PathToVictory"],"picked":"Singing Bowl","floor":18},{"not_picked":["Fasting2","EmptyFist"],"picked":"JustLucky+1","floor":20},{"not_picked":["FollowUp","EmptyFist+1"],"picked":"JustLucky","floor":21},{"not_picked":["JustLucky","FollowUp","FlyingSleeves"],"picked":"Singing Bowl","floor":22},{"not_picked":["JustLucky","Ragnarok"],"picked":"Consecrate+1","floor":28},{"not_picked":["CrushJoints","Crescendo"],"picked":"EmptyBody","floor":29},{"not_picked":["WaveOfTheHand","FlyingSleeves"],"picked":"DeceiveReality","floor":31},{"not_picked":["Establishment","Scrawl"],"picked":"Alpha","floor":33},{"not_picked":["ReachHeaven+1","EmptyFist"],"picked":"Evaluate+1","floor":35},{"not_picked":["Jack Of All Trades","Mind Blast"],"picked":"Dark Shackles","floor":36},{"not_picked":["Violence","Sadistic Nature","HandOfGreed"],"picked":"Singing Bowl","floor":36},{"not_picked":["ClearTheMind","Indignation+1","PathToVictory"],"picked":"Singing Bowl","floor":39},{"not_picked":["Conclude","BattleHymn+1"],"picked":"ClearTheMind+1","floor":41},{"not_picked":["FlurryOfBlows","Wireheading+1","CrushJoints"],"picked":"Singing Bowl","floor":46},{"not_picked":["Pray","FollowUp+1"],"picked":"Indignation+1","floor":48}],"player_experience":139485,"relics_obtained":[{"floor":7.0,"key":"Whetstone"},{"floor":9.0,"key":"Lantern"},{"floor":13.0,"key":"Regal Pillow"},{"floor":26,"key":"Anchor"},{"floor":28,"key":"Potion Belt"},{"floor":43,"key":"Mercury Hourglass"},{"floor":46,"key":"StoneCalendar"}],"event_choices":[{"damage_healed":0.0,"max_hp_gain":0.0,"max_hp_loss":0.0,"gold_gain":0.0,"event_name":"Living Wall","player_choice":"Grow","floor":3.0,"gold_loss":0.0,"damage_taken":0.0,"cards_upgraded":["Eruption"]},{"damage_healed":0.0,"max_hp_gain":0.0,"max_hp_loss":5.0,"gold_gain":0.0,"event_name":"Golden Idol","player_choice":"Lose Max HP","floor":4.0,"gold_loss":0.0,"damage_taken":0.0,"relics_obtained":["Golden Idol"]},{"damage_healed":0.0,"max_hp_gain":0.0,"max_hp_loss":0.0,"gold_gain":0.0,"event_name":"Dead Adventurer","player_choice":"Searched \u00271\u0027 times","floor":8.0,"gold_loss":0.0,"damage_taken":0.0,"relics_obtained":["Singing Bowl"]},{"cards_removed":["Ragnarok"],"damage_healed":0,"gold_gain":0,"player_choice":"Take \u0026 Give","damage_taken":0,"max_hp_gain":0,"max_hp_loss":0,"event_name":"betterNote:BetterNote","floor":19,"gold_loss":0,"cards_obtained":["Reboot"]},{"damage_healed":4,"gold_gain":0,"player_choice":"LEAVE ","damage_taken":0,"relics_obtained":[],"max_hp_gain":0,"max_hp_loss":0,"event_name":"betterSkull:BetterSkull","floor":27,"gold_loss":0,"cards_upgraded":[]},{"cards_removed":["Strike_P"],"damage_healed":0,"gold_gain":0,"player_choice":"Purged","damage_taken":0,"max_hp_gain":0,"max_hp_loss":0,"event_name":"Purifier","floor":30,"gold_loss":0},{"damage_healed":0,"gold_gain":3,"player_choice":"1","damage_taken":0,"max_hp_gain":0,"max_hp_loss":0,"event_name":"betterStone:BetterStone","floor":36,"gold_loss":0},{"damage_healed":0,"gold_gain":333,"player_choice":"Gave Idol","damage_taken":0,"max_hp_gain":0,"max_hp_loss":0,"event_name":"The Moai Head","floor":37,"relics_lost":["Golden Idol"],"gold_loss":0},{"cards_removed":["WindmillStrike"],"damage_healed":0,"gold_gain":0,"player_choice":"Removed Attack","damage_taken":0,"max_hp_gain":0,"max_hp_loss":0,"event_name":"Falling","floor":38,"gold_loss":0},{"damage_healed":0,"gold_gain":0,"player_choice":"Upgrade","damage_taken":0,"relics_obtained":["Mark of the Bloom"],"max_hp_gain":0,"max_hp_loss":0,"event_name":"MindBloom","floor":44,"gold_loss":0,"cards_upgraded":["Defend_P","Defend_P","Defend_P","CutThroughFate","CutThroughFate","EmptyFist","Alpha","Dark Shackles"]}],"is_beta":false,"boss_relics":[{"not_picked":["Sozu","Busted Crown"],"picked":"Coffee Dripper"},{"not_picked":["Astrolabe","Philosopher\u0027s Stone"],"picked":"SlaversCollar"}],"items_purged_floors":[11],"is_endless":false,"potions_floor_spawned":[2,7,13,14,18,22,28,29,31,33,35,39,41,46,48],"ascension_level":3}}