{"host":"rtw1tnr74gozsrw1","time":1613104415,"event":{"mods":["BaseMod","Colored Map","Colored Powertips","Highlight Path","Infinite Spire","Minty Spire (QoL Compilation)","StSLib","The Cursed","The Jungle"],"gold_per_floor":[110,110,155,5,5,5,30,30,30,46,79,79,108,108,108,208,208,223,223,237,137,52,52,52,85,154,165,181,181,209,222,222,234,234],"floor_reached":33,"language":"ENG","playtime":950,"items_purged":["Strike_B","Strike_B","Strike_B"],"score":383,"play_id":"c5ded6f3-c15b-4974-8b0d-e4064c49e09e","local_time":"20210212053335","is_ascension_mode":true,"campfire_choices":[{"data":"Zap","floor":6,"key":"SMITH"},{"data":"Dualcast","floor":8,"key":"SMITH"},{"data":"Defragment","floor":15,"key":"SMITH"},{"data":"Defragment","floor":23,"key":"SMITH"},{"floor":29,"key":"REST"},{"floor":32,"key":"REST"}],"circlet_count":0,"master_deck":["Defend_B","Defend_B","Defend_B","Defend_B","Zap+1","Dualcast+1","Go for the Eyes","Machine Learning","Scrape","Rebound","BootSequence","Defragment+1","Beam Cell","Defragment+1","Redo+1","Defragment+1","Go for the Eyes+1","Gash+1","Beam Cell+1","Scrape+1","BootSequence+1"],"relics":["Cracked Core","NeowsBlessing","Boot","infinitespire:EmpoweringShard","CaptainsWheel","Dead Branch","PreservedInsect","Philosopher\u0027s Stone","infinitespire:Midas Blood","Molten Egg 2","Blue Candle","Bottled Lightning"],"acts_visited":["Exordium","TheCity"],"potions_floor_usage":[27,33,33,33],"damage_taken":[{"damage":0,"enemies":"Small Slimes","floor":1,"turns":1},{"damage":0,"enemies":"3 Sentries","floor":7,"turns":1},{"damage":0,"enemies":"Jaw Worm","floor":10,"turns":1},{"damage":10,"enemies":"Lagavulin","floor":11,"turns":4},{"damage":10,"enemies":"Gremlin Nob","floor":13,"turns":4},{"damage":26,"enemies":"The Guardian","floor":16,"turns":7},{"damage":7,"enemies":"Shell Parasite","floor":18,"turns":5},{"damage":12,"enemies":"Spheric Guardian","floor":20,"turns":3},{"damage":14,"enemies":"Book of Stabbing","floor":25,"turns":4},{"damage":0,"enemies":"Cultist and Chosen","floor":27,"turns":4},{"damage":10,"enemies":"Centurion and Healer","floor":28,"turns":4},{"damage":16,"enemies":"Snake Plant","floor":30,"turns":3},{"damage":4,"enemies":"Chosen and Byrds","floor":31,"turns":3},{"damage":79,"enemies":"Automaton","floor":33,"turns":6}],"seed_played":"7254118398765343155","potions_obtained":[{"floor":11,"key":"Fire Potion"},{"floor":13,"key":"EntropicBrew"},{"floor":25,"key":"Block Potion"},{"floor":27,"key":"LiquidMemories"},{"floor":30,"key":"DuplicationPotion"}],"is_trial":false,"path_per_floor":["M","?","T","$","?","R","E","R","T","M","E","$","E","?","R","B",null,"M","?","M","$","?","R","AVR","E","T","M","M","R","M","M","R","B"],"character_chosen":"DEFECT","items_purchased":["Scrape"],"campfire_rested":2,"item_purchase_floors":[4],"current_hp_per_floor":[75,75,75,75,75,75,75,75,75,75,65,65,55,75,75,49,69,62,62,50,50,50,50,50,36,36,36,26,48,32,28,50,0,0],"gold":234,"neow_bonus":"THREE_ENEMY_KILL","is_daily":false,"chose_seed":false,"campfire_upgraded":4,"win_rate":0.0,"timestamp":1613104415,"path_taken":["M","?","?","$","?","R","E","R","T","?","E","$","E","?","R","BOSS","M","?","M","$","?","R","AVR","E","T","M","M","R","M","M","R","BOSS"],"items_purchased_type":["Card"],"build_version":"2020-12-22","purchased_purges":3,"victory":false,"max_hp_per_floor":[75,75,75,75,75,75,75,75,75,75,75,75,75,75,75,75,75,75,75,75,75,75,75,75,75,75,75,75,75,75,75,75,75,75],"card_choices":[{"not_picked":["Doom and Gloom","Coolheaded"],"picked":"Go for the Eyes","floor":1},{"not_picked":["Barrage","Hologram"],"picked":"BootSequence","floor":7},{"not_picked":["Rebound","Stack"],"picked":"Defragment","floor":10},{"not_picked":["Barrage","Darkness"],"picked":"Beam Cell","floor":11},{"not_picked":["Sweeping Beam","Leap"],"picked":"Defragment","floor":13},{"not_picked":["Melter+1","Double Energy"],"picked":"Redo+1","floor":18},{"not_picked":["Loop","Barrage"],"picked":"Defragment+1","floor":20},{"not_picked":["Rebound+1","Sunder+1"],"picked":"Go for the Eyes+1","floor":25},{"not_picked":["Genetic Algorithm+1","Conserve Battery"],"picked":"Gash+1","floor":27},{"not_picked":["Coolheaded","Buffer"],"picked":"Beam Cell+1","floor":28},{"not_picked":["Go for the Eyes+1","Skim"],"picked":"Scrape+1","floor":30},{"not_picked":["Barrage+1","Auto Shields"],"picked":"BootSequence+1","floor":31}],"player_experience":148929,"relics_obtained":[{"floor":3,"key":"Boot"},{"floor":7,"key":"infinitespire:EmpoweringShard"},{"floor":9,"key":"CaptainsWheel"},{"floor":11,"key":"Dead Branch"},{"floor":13,"key":"PreservedInsect"},{"floor":25,"key":"Blue Candle"},{"floor":26,"key":"Bottled Lightning"}],"event_choices":[{"damage_healed":0,"gold_gain":0,"cards_transformed":["Strike_B"],"player_choice":"Change","damage_taken":0,"max_hp_gain":0,"max_hp_loss":0,"event_name":"Living Wall","floor":2,"gold_loss":0,"cards_obtained":["Machine Learning"]},{"damage_healed":0,"gold_gain":0,"player_choice":"1 cards matched","damage_taken":0,"max_hp_gain":0,"max_hp_loss":0,"event_name":"Match and Keep!","floor":5,"gold_loss":0,"cards_obtained":["Rebound"]},{"damage_healed":25,"gold_gain":0,"player_choice":"Banana","damage_taken":0,"max_hp_gain":0,"max_hp_loss":0,"event_name":"Big Fish","floor":14,"gold_loss":0},{"damage_healed":0,"gold_gain":0,"player_choice":"Obtained Relic","damage_taken":0,"relics_obtained":["infinitespire:Midas Blood"],"max_hp_gain":0,"max_hp_loss":0,"event_name":"Addict","floor":22,"gold_loss":85}],"is_beta":false,"boss_relics":[{"not_picked":["Busted Crown","FrozenCore"],"picked":"Philosopher\u0027s Stone"}],"items_purged_floors":[4,21,24],"is_endless":false,"potions_floor_spawned":[11,13,25,27,28,30],"killed_by":"Automaton","ascension_level":5}}