{"host":"m0bekkrd201b63ug","time":1613144842,"event":{"mods":["AchievementEnabler","BaseMod","Colored Powertips","Highlight Path","Minty Spire (QoL Compilation)","Rare Cards Sparkle","StSLib","SuperFastMode","everything is the same but u backflip on backflip","slay the spire mod where everything is the same but ironclad has a cowboy hat"],"gold_per_floor":[111,111,131,141,66,66,66,66,66,80,93,122,122,43,43,138,138,162,77,77,115,135,135,175,175,175,218,218,242,292,31,31,31,31],"floor_reached":33,"language":"ENG","playtime":857,"items_purged":["Strike_G","Normality"],"score":548,"play_id":"866accd9-1486-4720-92ef-7108bc9097b9","local_time":"20210212134722","is_ascension_mode":true,"campfire_choices":[{"data":"Riddle With Holes","floor":6.0,"key":"SMITH"},{"data":"Skewer","floor":8.0,"key":"SMITH"},{"floor":15.0,"key":"REST"},{"data":"Wraith Form v2","floor":23.0,"key":"SMITH"},{"data":"Bouncing Flask","floor":25.0,"key":"SMITH"},{"data":"Survivor","floor":28.0,"key":"SMITH"},{"data":"Dash","floor":32.0,"key":"SMITH"}],"circlet_count":0,"master_deck":["AscendersBane","Strike_G","Strike_G","Strike_G","Defend_G","Defend_G","Defend_G","Defend_G","Defend_G","Survivor+1","Neutralize","Skewer+1","Riddle With Holes+1","Underhanded Strike","Underhanded Strike","Bouncing Flask+1","Wraith Form v2+1","Underhanded Strike","Dash+1"],"relics":["Snecko Eye","Pen Nib","Ninja Scroll","Dream Catcher","Golden Idol","Cursed Key","Juzu Bracelet","Red Mask","Paper Crane","Lantern","PreservedInsect","Vajra"],"acts_visited":["Exordium","TheCity"],"potions_floor_usage":[],"damage_taken":[{"damage":7.0,"enemies":"2 Louse","floor":1.0,"turns":4.0},{"damage":9.0,"enemies":"Cultist","floor":3.0,"turns":4.0},{"damage":6.0,"enemies":"Jaw Worm","floor":4.0,"turns":4.0},{"damage":0.0,"enemies":"Looter","floor":10.0,"turns":2.0},{"damage":0.0,"enemies":"3 Louse","floor":11.0,"turns":2.0},{"damage":8.0,"enemies":"Gremlin Nob","floor":12.0,"turns":3.0},{"damage":25.0,"enemies":"The Guardian","floor":16.0,"turns":7.0},{"damage":7.0,"enemies":"2 Thieves","floor":18.0,"turns":3.0},{"damage":0.0,"enemies":"Masked Bandits","floor":21.0,"turns":2.0},{"damage":0.0,"enemies":"Spheric Guardian","floor":22.0,"turns":1.0},{"damage":4.0,"enemies":"Gremlin Leader","floor":24.0,"turns":4.0},{"damage":1.0,"enemies":"Book of Stabbing","floor":27.0,"turns":4.0},{"damage":0.0,"enemies":"Snecko","floor":29.0,"turns":4.0},{"damage":85,"enemies":"Collector","floor":33,"turns":6}],"seed_played":"5241309518303078686","potions_obtained":[{"floor":3.0,"key":"Energy Potion"},{"floor":11.0,"key":"CultistPotion"}],"is_trial":false,"path_per_floor":["M","?","M","M","$","R","?","R","T","M","M","E","?","$","R","B",null,"M","?","?","?","M","R","E","R","T","E","R","M","?","$","R","B"],"character_chosen":"THE_SILENT","items_purchased":["Bouncing Flask","Vajra"],"campfire_rested":1,"item_purchase_floors":[14,31],"current_hp_per_floor":[52,52,43,37,37,37,37,37,37,37,37,29,29,29,47,22,51,44,44,70,70,70,70,66,66,66,65,65,65,65,65,65,0,0],"gold":31,"neow_bonus":"BOSS_RELIC","is_daily":false,"chose_seed":false,"campfire_upgraded":6,"win_rate":0.0,"timestamp":1613144842,"path_taken":["M","?","?","M","$","R","?","R","T","?","M","E","?","$","R","BOSS","M","?","?","?","M","R","E","R","T","E","R","M","?","$","R","BOSS"],"items_purchased_type":["Card","Relic"],"build_version":"2020-12-22","purchased_purges":2,"victory":false,"max_hp_per_floor":[66,66,66,66,66,66,66,66,66,66,66,66,60,60,60,60,60,60,60,70,70,70,70,70,70,70,70,70,70,70,70,70,70,70],"card_choices":[{"not_picked":["Backflip","Cloak And Dagger"],"picked":"Choke","floor":1.0},{"not_picked":["Footwork","Dagger Throw"],"picked":"Riddle With Holes","floor":3.0},{"not_picked":["Masterful Stab","Blur","Sucker Punch"],"picked":"SKIP","floor":4.0},{"not_picked":["Cloak And Dagger","Reflex"],"picked":"Underhanded Strike","floor":10.0},{"not_picked":["Finisher","Outmaneuver"],"picked":"Underhanded Strike","floor":11.0},{"not_picked":["Poisoned Stab","Underhanded Strike"],"picked":"Unload","floor":12.0},{"not_picked":["Unload","Storm of Steel"],"picked":"Wraith Form v2","floor":16.0},{"not_picked":["Deflect","Acrobatics"],"picked":"Underhanded Strike","floor":18.0},{"not_picked":["Blade Dance","Grand Finale","Prepared"],"picked":"SKIP","floor":22.0},{"not_picked":["Quick Slash","Dagger Throw","Deadly Poison"],"picked":"SKIP","floor":24.0},{"not_picked":["Calculated Gamble","Poisoned Stab","Blade Dance"],"picked":"SKIP","floor":27.0},{"not_picked":["Finisher","Acrobatics"],"picked":"Dash","floor":29.0}],"player_experience":251186,"relics_obtained":[{"floor":9.0,"key":"Ninja Scroll"},{"floor":12.0,"key":"Dream Catcher"},{"floor":21.0,"key":"Red Mask"},{"floor":24.0,"key":"Paper Crane"},{"floor":26.0,"key":"Lantern"},{"floor":27.0,"key":"PreservedInsect"}],"event_choices":[{"damage_healed":0.0,"max_hp_gain":0.0,"max_hp_loss":0.0,"gold_gain":0.0,"cards_transformed":["Strike_G"],"event_name":"Transmorgrifier","player_choice":"Transformed","floor":2.0,"gold_loss":0.0,"damage_taken":0.0,"cards_obtained":["Skewer"]},{"cards_removed":["Choke"],"damage_healed":0.0,"max_hp_gain":0.0,"max_hp_loss":0.0,"gold_gain":0.0,"event_name":"WeMeetAgain","player_choice":"Gave Card","floor":7.0,"gold_loss":0.0,"damage_taken":0.0,"relics_obtained":["Pen Nib"]},{"damage_healed":0.0,"max_hp_gain":0.0,"max_hp_loss":6.0,"gold_gain":0.0,"event_name":"Golden Idol","player_choice":"Lose Max HP","floor":13.0,"gold_loss":0.0,"damage_taken":0.0,"relics_obtained":["Golden Idol"]},{"damage_healed":0.0,"max_hp_gain":0.0,"max_hp_loss":0.0,"gold_gain":0.0,"event_name":"Addict","player_choice":"Obtained Relic","floor":19.0,"gold_loss":85.0,"damage_taken":0.0,"relics_obtained":["Juzu Bracelet"]},{"cards_removed":["Unload"],"damage_healed":16.0,"max_hp_gain":10.0,"max_hp_loss":0.0,"gold_gain":0.0,"event_name":"Bonfire Elementals","player_choice":"Offered Rare","floor":20.0,"gold_loss":0.0,"damage_taken":0.0},{"damage_healed":0.0,"max_hp_gain":0.0,"max_hp_loss":0.0,"gold_gain":0.0,"event_name":"Masked Bandits","player_choice":"Fought Bandits","floor":21.0,"gold_loss":0.0,"damage_taken":0.0},{"damage_healed":0.0,"max_hp_gain":0.0,"max_hp_loss":0.0,"gold_gain":50.0,"event_name":"Nest","player_choice":"Stole From Cult","floor":30.0,"gold_loss":0.0,"damage_taken":0.0}],"is_beta":false,"boss_relics":[{"not_picked":["Runic Pyramid","Ectoplasm"],"picked":"Cursed Key"}],"items_purged_floors":[5,31],"is_endless":false,"potions_floor_spawned":[3,11,12,16,18,21,22],"killed_by":"Collector","ascension_level":19}}