{"host":"yx5rao87132cy5xq","time":1613151561,"event":{"mods":["2.2 Compatiblity","AchievementEnabler","BaseMod","Bestiary","Colored Map","Colored Powertips","Minty Spire (QoL Compilation)","Quick Restart","Relic Stats","Slay-I","SuperFastMode"],"gold_per_floor":[114,114,124,135,135,160,160,188,188,188,238,238,268,282,282,282,282],"floor_reached":16,"language":"ENG","playtime":853,"items_purged":[],"score":218,"play_id":"854d4ca0-c1a0-459e-bb0d-c210de5556e1","local_time":"20210212183921","is_ascension_mode":true,"campfire_choices":[{"data":"Wild Strike","floor":7,"key":"SMITH"},{"data":"1","floor":10,"key":"LIFT"},{"data":"2","floor":12,"key":"LIFT"},{"floor":15,"key":"REST"}],"circlet_count":0,"master_deck":["AscendersBane","Strike_R","Strike_R","Strike_R","Strike_R","Strike_R","Defend_R","Defend_R","Defend_R","Defend_R","Bash","Wild Strike+1","Wild Strike","Flex","Whirlwind","Iron Wave"],"relics":["Burning Blood","Turnip","Dead Branch","Girya","Bottled Lightning"],"acts_visited":["Exordium"],"potions_floor_usage":[8,13,16],"damage_taken":[{"damage":1,"enemies":"Cultist","floor":1,"turns":3},{"damage":12,"enemies":"Jaw Worm","floor":3,"turns":3},{"damage":10,"enemies":"2 Louse","floor":4,"turns":2},{"damage":38,"enemies":"Gremlin Nob","floor":6,"turns":5},{"damage":30,"enemies":"Lagavulin","floor":8,"turns":7},{"damage":4,"enemies":"Gremlin Nob","floor":13,"turns":3},{"damage":7,"enemies":"Exordium Thugs","floor":14,"turns":3},{"damage":50,"enemies":"The Guardian","floor":16,"turns":9}],"seed_played":"1785616538525155661","potions_obtained":[{"floor":6,"key":"DistilledChaos"},{"floor":8,"key":"Block Potion"},{"floor":14,"key":"GamblersBrew"}],"is_trial":false,"path_per_floor":["M","?","M","M","?","E","R","E","T","R","?","R","E","M","R","B"],"character_chosen":"IRONCLAD","items_purchased":[],"campfire_rested":1,"item_purchase_floors":[],"current_hp_per_floor":[80,85,79,75,75,43,43,19,19,19,19,19,21,20,46,0,0],"gold":282,"neow_bonus":"TEN_PERCENT_HP_BONUS","is_daily":false,"chose_seed":false,"campfire_upgraded":1,"win_rate":0.0,"timestamp":1613151561,"path_taken":["M","?","M","M","?","E","R","E","T","R","?","R","E","?","R","BOSS"],"items_purchased_type":[],"build_version":"2020-12-22","purchased_purges":0,"victory":false,"max_hp_per_floor":[82,87,87,87,87,87,87,87,87,87,87,87,87,87,87,87,87],"relic_stats":{"counters":[8,35],"Dead Branch":[1],"Turnip":[1],"obtain_stats":[{"Girya":9,"Dead Branch":8,"Turnip":6,"Bottled Lightning":13,"Burning Blood":0},{"Girya":5,"Dead Branch":5,"Turnip":4,"Bottled Lightning":6,"Burning Blood":0},{"Girya":20,"Dead Branch":20,"Turnip":13,"Bottled Lightning":23,"Burning Blood":0}],"Burning Blood":42},"card_choices":[{"not_picked":["Headbutt","Anger"],"picked":"Wild Strike","floor":1},{"not_picked":["Twin Strike","Thunderclap"],"picked":"Wild Strike","floor":3},{"not_picked":["Havoc","Dropkick"],"picked":"Flex","floor":4},{"not_picked":["Wild Strike","Disarm"],"picked":"Whirlwind","floor":6},{"not_picked":["Combust","Headbutt","Perfected Strike"],"picked":"SKIP","floor":8},{"not_picked":["Thunderclap","Body Slam"],"picked":"Iron Wave","floor":13},{"not_picked":["Wild Strike","Flex","Pommel Strike"],"picked":"SKIP","floor":14}],"player_experience":994540,"relics_obtained":[{"floor":6,"key":"Turnip"},{"floor":8,"key":"Dead Branch"},{"floor":9,"key":"Girya"},{"floor":13,"key":"Bottled Lightning"}],"event_choices":[{"damage_healed":0,"gold_gain":0,"player_choice":"Donut","damage_taken":0,"max_hp_gain":5,"max_hp_loss":0,"event_name":"Big Fish","floor":2,"gold_loss":0},{"damage_healed":0,"gold_gain":0,"player_choice":"Ignored","damage_taken":0,"max_hp_gain":0,"max_hp_loss":0,"event_name":"Liars Game","floor":5,"gold_loss":0},{"damage_healed":0,"gold_gain":50,"player_choice":"Pray","damage_taken":0,"max_hp_gain":0,"max_hp_loss":0,"event_name":"Golden Shrine","floor":11,"gold_loss":0}],"is_beta":false,"boss_relics":[],"items_purged_floors":[],"is_endless":false,"potions_floor_spawned":[6,8,14],"killed_by":"The Guardian","ascension_level":17}}