{"host":"t4313i2190y6fz3q","time":1613091309,"event":{"mods":["2.2 Compatiblity","AchievementEnabler","Act Like it!","BaseMod","Colored Powertips","Minty Spire (QoL Compilation)","Permanent Neow","Quick Restart","Rare Cards Sparkle","StSLib"],"gold_per_floor":[113,113,132,82,82,107,107,124,124,156,184,200,234,249,249,346,346,358,358,370,32,32,32,62,62,131,131,149,160,160,177,177,275,275,291,309,54,54,104,104,134,180,180,195,205,205,220,237,237,237],"floor_reached":51,"language":"ENG","playtime":1950,"items_purged":[],"score":819,"play_id":"232180a8-92b0-4da4-b477-fa7514734733","local_time":"20210211165509","is_ascension_mode":false,"campfire_choices":[{"data":"BowlingBash","floor":7.0,"key":"SMITH"},{"data":"CutThroughFate","floor":15.0,"key":"SMITH"},{"data":"CutThroughFate","floor":23.0,"key":"SMITH"},{"data":"Consecrate","floor":25.0,"key":"SMITH"},{"data":"EmptyFist","floor":27.0,"key":"SMITH"},{"data":"EmptyFist","floor":32.0,"key":"SMITH"},{"data":"FollowUp","floor":40.0,"key":"SMITH"},{"floor":46,"key":"REST"},{"floor":49,"key":"REST"}],"circlet_count":0,"master_deck":["Strike_P","Strike_P","Defend_P","Defend_P","Eruption+1","Vigilance","FlurryOfBlows","BowlingBash+1","EmptyFist+1","CutThroughFate+1","Consecrate+1","FollowUp+1","Crescendo","FlurryOfBlows","CutThroughFate+1","FlurryOfBlows","EmptyFist+1","Evaluate","ClearTheMind","Evaluate+1","CrushJoints","ThirdEye+1","Crescendo+1","FlurryOfBlows+1","EmptyBody+1"],"relics":["PureWater","HornCleat","Lantern","TeardropLocket","Odd Mushroom","Dream Catcher","Philosopher\u0027s Stone","Thread and Needle","Centennial Puzzle","Eternal Feather","Empty Cage","Kunai","Bird Faced Urn","The Courier","Pocketwatch","Sundial"],"acts_visited":["Exordium","TheCity","TheBeyond"],"potions_floor_usage":[41,50],"damage_taken":[{"damage":0.0,"enemies":"2 Louse","floor":1.0,"turns":2.0},{"damage":0.0,"enemies":"Small Slimes","floor":3.0,"turns":2.0},{"damage":8.0,"enemies":"Gremlin Nob","floor":6.0,"turns":3.0},{"damage":0.0,"enemies":"Cultist","floor":8.0,"turns":3.0},{"damage":6.0,"enemies":"3 Sentries","floor":10.0,"turns":4.0},{"damage":0.0,"enemies":"The Mushroom Lair","floor":11.0,"turns":3.0},{"damage":0.0,"enemies":"Gremlin Gang","floor":12.0,"turns":2.0},{"damage":0.0,"enemies":"Gremlin Nob","floor":13.0,"turns":2.0},{"damage":0.0,"enemies":"Looter","floor":14.0,"turns":2.0},{"damage":29.0,"enemies":"The Guardian","floor":16.0,"turns":8.0},{"damage":0.0,"enemies":"Chosen","floor":18.0,"turns":3.0},{"damage":0.0,"enemies":"3 Byrds","floor":20.0,"turns":3.0},{"damage":5.0,"enemies":"Slavers","floor":24.0,"turns":3.0},{"damage":0.0,"enemies":"Centurion and Healer","floor":28.0,"turns":2.0},{"damage":0.0,"enemies":"Snake Plant","floor":29.0,"turns":2.0},{"damage":0.0,"enemies":"Sentry and Sphere","floor":31.0,"turns":2.0},{"damage":59.0,"enemies":"Champ","floor":33.0,"turns":6.0},{"damage":7.0,"enemies":"Orb Walker","floor":35.0,"turns":2.0},{"damage":3.0,"enemies":"3 Shapes","floor":36.0,"turns":2.0},{"damage":0.0,"enemies":"Transient","floor":38.0,"turns":5.0},{"damage":23.0,"enemies":"Mind Bloom Boss Battle","floor":39.0,"turns":5.0},{"damage":10,"enemies":"Reptomancer","floor":41,"turns":4},{"damage":12,"enemies":"2 Orb Walkers","floor":42,"turns":4},{"damage":14,"enemies":"Writhing Mass","floor":44,"turns":6},{"damage":0,"enemies":"3 Darklings","floor":45,"turns":4},{"damage":13,"enemies":"Sphere and 2 Shapes","floor":47,"turns":7},{"damage":7,"enemies":"Maw","floor":48,"turns":6},{"damage":16,"enemies":"Awakened One","floor":50,"turns":11}],"seed_played":"8306809192596331660","potions_obtained":[{"floor":1.0,"key":"BlessingOfTheForge"},{"floor":6.0,"key":"SneckoOil"},{"floor":11.0,"key":"Ambrosia"},{"floor":13.0,"key":"EssenceOfSteel"},{"floor":16.0,"key":"BlessingOfTheForge"},{"floor":22.0,"key":"FairyPotion"},{"floor":22.0,"key":"Block Potion"},{"floor":28.0,"key":"SmokeBomb"},{"floor":42,"key":"Energy Potion"},{"floor":44,"key":"FearPotion"}],"is_trial":false,"path_per_floor":["M","$","M","?","?","E","R","M","T","E","?","M","E","M","R","B",null,"M","?","M","$","?","R","E","R","T","R","M","M","?","M","R","B",null,"M","M","$","M","?","R","E","?","T","M","M","R","M","M","R","B",null],"character_chosen":"WATCHER","items_purchased":["Thread and Needle","FlurryOfBlows","Kunai"],"campfire_rested":2,"item_purchase_floors":[21,21,37],"current_hp_per_floor":[72,72,72,72,65,57,57,57,57,51,51,51,51,51,51,22,72,72,72,72,72,72,72,67,67,67,72,72,72,72,72,72,13,72,65,62,62,62,39,48,38,26,26,12,12,45,32,25,58,42],"gold":237,"neow_bonus":"UPGRADE_CARD","is_daily":false,"chose_seed":false,"campfire_upgraded":7,"win_rate":0.0,"timestamp":1613091309,"path_taken":["M","$","M","?","?","E","R","M","T","E","?","M","E","M","R","BOSS","M","?","M","$","?","R","E","R","T","R","?","?","?","M","R","BOSS","M","M","$","M","?","R","E","?","T","M","M","R","M","M","R","BOSS"],"items_purchased_type":["Relic","Card","Relic"],"build_version":"2020-12-22","purchased_purges":0,"victory":true,"max_hp_per_floor":[72,72,72,72,72,72,72,72,72,72,72,72,72,72,72,72,72,72,72,72,72,72,72,72,72,72,72,72,72,72,72,72,72,72,72,72,72,72,72,72,72,72,72,72,72,72,72,72,72,72],"card_choices":[{"not_picked":["MentalFortress","Collect"],"picked":"FlurryOfBlows","floor":1.0},{"not_picked":["ClearTheMind","CarveReality"],"picked":"BowlingBash","floor":3.0},{"not_picked":["CutThroughFate","FlyingSleeves"],"picked":"EmptyFist","floor":6.0},{"not_picked":["BowlingBash","Worship"],"picked":"CutThroughFate","floor":8.0},{"not_picked":["Nirvana","CarveReality"],"picked":"Consecrate","floor":10.0},{"not_picked":["TalkToTheHand","Adaptation","Consecrate"],"picked":"SKIP","floor":12.0},{"not_picked":["Evaluate","Wallop"],"picked":"FollowUp","floor":13.0},{"not_picked":["Sanctity","Nirvana"],"picked":"Crescendo","floor":14.0},{"not_picked":["Evaluate","Protect","JustLucky"],"picked":"SKIP","floor":18.0},{"not_picked":["SignatureMove+1","SashWhip"],"picked":"CutThroughFate","floor":20.0},{"not_picked":["Crescendo","Wallop"],"picked":"EmptyFist","floor":24.0},{"not_picked":["Conclude","Vengeance","JustLucky+1"],"picked":"SKIP","floor":28.0},{"not_picked":["JustLucky+1","Prostrate"],"picked":"Evaluate","floor":29.0},{"not_picked":["Ragnarok","Perseverance"],"picked":"ClearTheMind","floor":31.0},{"not_picked":["Indignation+1","WindmillStrike+1","SandsOfTime+1"],"picked":"SKIP","floor":35.0},{"not_picked":["Weave+1","CutThroughFate","Protect"],"picked":"SKIP","floor":36.0},{"not_picked":["WaveOfTheHand+1","Wireheading"],"picked":"Evaluate+1","floor":41},{"not_picked":["EmptyFist","ForeignInfluence+1","SashWhip"],"picked":"SKIP","floor":44},{"not_picked":["SpiritShield","CutThroughFate"],"picked":"CrushJoints","floor":45},{"not_picked":["FollowUp+1","CutThroughFate"],"picked":"ThirdEye+1","floor":46},{"not_picked":["Wallop+1","EmptyBody"],"picked":"Crescendo+1","floor":47},{"not_picked":["Prostrate","SashWhip+1"],"picked":"FlurryOfBlows+1","floor":48},{"not_picked":["SpiritShield","ClearTheMind"],"picked":"EmptyBody+1","floor":49}],"player_experience":194588,"relics_obtained":[{"floor":6.0,"key":"HornCleat"},{"floor":9.0,"key":"Lantern"},{"floor":10.0,"key":"TeardropLocket"},{"floor":11.0,"key":"Odd Mushroom"},{"floor":13.0,"key":"Dream Catcher"},{"floor":24.0,"key":"Centennial Puzzle"},{"floor":26.0,"key":"Eternal Feather"},{"floor":39.0,"key":"Bird Faced Urn"},{"floor":41,"key":"The Courier"},{"floor":42,"key":"Pocketwatch"},{"floor":43,"key":"Sundial"}],"event_choices":[{"cards_removed":["Strike_P"],"damage_healed":0.0,"max_hp_gain":0.0,"max_hp_loss":0.0,"gold_gain":0.0,"event_name":"The Cleric","player_choice":"Card Removal","floor":4.0,"gold_loss":50.0,"damage_taken":0.0},{"cards_removed":["Defend_P"],"damage_healed":0.0,"max_hp_gain":0.0,"max_hp_loss":0.0,"gold_gain":0.0,"event_name":"Golden Wing","player_choice":"Card Removal","floor":5.0,"gold_loss":0.0,"damage_taken":7.0},{"damage_healed":0.0,"max_hp_gain":0.0,"max_hp_loss":0.0,"gold_gain":0.0,"event_name":"Mushrooms","player_choice":"Fought Mushrooms","floor":11.0,"gold_loss":0.0,"damage_taken":0.0},{"damage_healed":0.0,"max_hp_gain":0.0,"max_hp_loss":0.0,"gold_gain":0.0,"event_name":"The Library","player_choice":"Read","floor":19.0,"gold_loss":0.0,"damage_taken":0.0,"cards_obtained":["FlurryOfBlows"]},{"damage_healed":0.0,"max_hp_gain":0.0,"max_hp_loss":0.0,"gold_gain":0.0,"event_name":"Lab","player_choice":"Got Potions","floor":22.0,"gold_loss":0.0,"damage_taken":0.0},{"damage_healed":0.0,"max_hp_gain":0.0,"max_hp_loss":0.0,"gold_gain":0.0,"event_name":"Cursed Tome","player_choice":"Ignored","floor":30.0,"gold_loss":0.0,"damage_taken":0.0},{"damage_healed":0.0,"max_hp_gain":0.0,"max_hp_loss":0.0,"gold_gain":0.0,"event_name":"MindBloom","player_choice":"Fight","floor":39.0,"gold_loss":0.0,"damage_taken":0.0},{"damage_healed":0,"gold_gain":0,"player_choice":"Fight","damage_taken":0,"max_hp_gain":0,"max_hp_loss":0,"event_name":"Mysterious Sphere","floor":42,"gold_loss":0}],"is_beta":false,"boss_relics":[{"not_picked":["Snecko Eye","Fusion Hammer"],"picked":"Philosopher\u0027s Stone"},{"not_picked":["Runic Pyramid","Cursed Key"],"picked":"Empty Cage"}],"items_purged_floors":[],"is_endless":false,"potions_floor_spawned":[1,6,11,13,16,28,33,36,42,44,48],"ascension_level":0}}