{"host":"5y2vm16xfq9gfmb2","time":1613108186,"event":{"mods":["AchievementEnabler","BaseMod","Better Third Choice","Colored Map","Colored Powertips","DeckTracker","Marisa????????","Minty Spire (QoL Compilation)","Rare Cards Sparkle","Relic Stats","StSLib","The Alterego","The Animator","The Marked","The Servant 0.9.4"],"gold_per_floor":[116,291,68,82,5,35,35,62,62,97,18,30,43,69,69,169,169,181,205,225,50,50,50,81,6,6,16,84,102,102,127,127,127,127],"floor_reached":33,"language":"ENG","playtime":3351,"items_purged":[],"score":430,"play_id":"bfd7d9e3-fff4-496e-80e8-4fc8a8380c1d","local_time":"20210212003626","is_ascension_mode":false,"campfire_choices":[{"floor":7.0,"key":"RECALL"},{"floor":15.0,"key":"REST"},{"floor":23.0,"key":"REST"},{"data":"animator:Evileye","floor":30.0,"key":"SMITH"},{"floor":32.0,"key":"REST"}],"circlet_count":0,"master_deck":["animator:Strike_Konosuba","animator:Defend_Konosuba","animator:Strike","animator:Strike","animator:Strike","animator:Defend","animator:Defend","animator:Defend","animator:Kazuma","animator:Aqua","animator:Shuna","animator:Verdia","animator:Vanir","animator:Aqua","animator:YunYun","animator:Evileye+1","animator:Mitsurugi","animator:Entoma+2","animator:MadokaKaname","animator:Shion","animator:Shalltear","animator:Mitsurugi","animator:Evileye","animator:Jibril","animator:DolaSchwi","animator:Shuna","animator:Shalltear","animator:SilverFang","theMarked:MuscleMemory","alterego_mod:HighServant+1"],"relics":["animator:LivingPicture","animator:TheMissingPiece","NeowsBlessing","Toolbox","Torii","Incense Burner","Blood Vial","animator:HolyGrailRelic","PrismaticShard","alterego_mod:SomeoneToFightFor","Paper Crane","Paper Frog","Letter Opener","Pear"],"acts_visited":["Exordium","TheCity"],"potions_floor_usage":[33],"damage_taken":[{"damage":0.0,"enemies":"Small Slimes","floor":1.0,"turns":1.0},{"damage":0.0,"enemies":"Jaw Worm","floor":4.0,"turns":1.0},{"damage":0.0,"enemies":"Lagavulin","floor":6.0,"turns":1.0},{"damage":2.0,"enemies":"Cultist","floor":8.0,"turns":4.0},{"damage":13.0,"enemies":"Gremlin Nob","floor":10.0,"turns":4.0},{"damage":3.0,"enemies":"Gremlin Gang","floor":12.0,"turns":3.0},{"damage":2.0,"enemies":"Exordium Wildlife","floor":13.0,"turns":3.0},{"damage":27.0,"enemies":"3 Sentries","floor":14.0,"turns":8.0},{"damage":0.0,"enemies":"Slime Boss","floor":16.0,"turns":8.0},{"damage":20.0,"enemies":"Chosen","floor":18.0,"turns":6.0},{"damage":29.0,"enemies":"Shell Parasite","floor":19.0,"turns":6.0},{"damage":1.0,"enemies":"Snecko","floor":20.0,"turns":4.0},{"damage":6.0,"enemies":"animator:HornedBat","floor":24.0,"turns":9.0},{"damage":15.0,"enemies":"Centurion and Healer","floor":27.0,"turns":10.0},{"damage":1.0,"enemies":"3 Cultists","floor":29.0,"turns":4.0},{"damage":19.0,"enemies":"Gremlin Leader","floor":31.0,"turns":7.0},{"damage":144,"enemies":"Collector","floor":33,"turns":9}],"seed_played":"-2675099535663629341","potions_obtained":[{"floor":1.0,"key":"DistilledChaos"},{"floor":12.0,"key":"Regen Potion"},{"floor":13.0,"key":"LiquidMemories"},{"floor":14.0,"key":"LiquidBronze"},{"floor":19.0,"key":"ColorlessPotion"},{"floor":27.0,"key":"PowerPotion"},{"floor":31.0,"key":"BlessingOfTheForge"}],"is_trial":false,"path_per_floor":["M","?","$","M","$","E","R","M","T","E","$","M","M","E","R","B",null,"M","M","M","$","?","R","E","?","T","M","T","M","R","E","R","B"],"character_chosen":"THE_ANIMATOR","items_purchased":["Toolbox","animator:Verdia","animator:Vanir","animator:YunYun","animator:MadokaKaname","PrismaticShard","animator:Shuna"],"campfire_rested":3,"item_purchase_floors":[3,3,3,5,11,21,21],"current_hp_per_floor":[66,66,66,66,66,66,66,66,66,56,56,59,59,39,59,71,79,64,49,58,58,58,83,88,88,88,77,77,87,87,86,104,0,0],"gold":127,"neow_bonus":"THREE_ENEMY_KILL","is_daily":false,"chose_seed":false,"campfire_upgraded":1,"win_rate":0.0,"timestamp":1613108186,"path_taken":["M","?","$","M","$","E","R","M","T","E","?","?","M","E","R","BOSS","M","M","?","$","?","R","E","?","T","M","?","M","R","E","R","BOSS"],"items_purchased_type":["Relic","Card","Card","Card","Card","Relic","Card"],"build_version":"2020-12-22","purchased_purges":0,"victory":false,"max_hp_per_floor":[66,66,66,66,66,66,66,66,66,66,66,68,68,68,68,71,79,81,83,86,86,86,86,88,88,88,90,90,92,92,104,104,104,104],"relic_stats":{"Blood Vial":12,"Torii":48,"counters":[17,88],"Letter Opener":[30],"obtain_stats":[{"Pear":31,"NeowsBlessing":0,"Torii":6,"animator:TheMissingPiece":0,"Incense Burner":10,"Letter Opener":28,"alterego_mod:SomeoneToFightFor":22,"Paper Crane":24,"PrismaticShard":21,"Blood Vial":14,"animator:HolyGrailRelic":17,"Toolbox":3,"animator:LivingPicture":0,"Paper Frog":26},{"Pear":16,"NeowsBlessing":0,"Torii":3,"animator:TheMissingPiece":0,"Incense Burner":5,"Letter Opener":14,"alterego_mod:SomeoneToFightFor":12,"Paper Crane":13,"PrismaticShard":12,"Blood Vial":8,"animator:HolyGrailRelic":9,"Toolbox":1,"animator:LivingPicture":0,"Paper Frog":13},{"Pear":79,"NeowsBlessing":0,"Torii":3,"animator:TheMissingPiece":0,"Incense Burner":11,"Letter Opener":68,"alterego_mod:SomeoneToFightFor":49,"Paper Crane":58,"PrismaticShard":49,"Blood Vial":25,"animator:HolyGrailRelic":33,"Toolbox":1,"animator:LivingPicture":0,"Paper Frog":58}]},"card_choices":[{"not_picked":["animator:SayakaMiki","animator:Hakurou"],"picked":"animator:Shuna","floor":1.0},{"not_picked":["animator:Verdia","animator:Shuna"],"picked":"animator:Aqua","floor":4.0},{"not_picked":["animator:OrikoMikuni","animator:SilverFang"],"picked":"animator:Evileye","floor":6.0},{"not_picked":["animator:Verdia","animator:Chris"],"picked":"animator:Mitsurugi","floor":8.0},{"not_picked":["animator:MamiTomoe","animator:MumenRider"],"picked":"animator:Entoma","floor":10.0},{"not_picked":["animator:GuildGirl","animator:IzunaHatsuse"],"picked":"animator:Shion","floor":12.0},{"not_picked":["animator:OrikoMikuni","animator:GazelDwargon"],"picked":"animator:Shalltear","floor":13.0},{"not_picked":["animator:Vanir","animator:Verdia"],"picked":"animator:Mitsurugi","floor":14.0},{"not_picked":["animator:MadokaKaname","animator:Wiz"],"picked":"animator:Eris","floor":16.0},{"not_picked":["animator:SuzuneAmano","animator:Vanir"],"picked":"animator:Evileye","floor":18.0},{"not_picked":["animator:IrohaTamaki+1","animator:Priestess"],"picked":"animator:Jibril","floor":19.0},{"not_picked":["animator:Millim","animator:ChlammyZell"],"picked":"animator:DolaSchwi","floor":20.0},{"not_picked":["animator:Demiurge","animator:Entoma"],"picked":"animator:Shalltear","floor":24.0},{"not_picked":["WindmillStrike","animator:DolaCouronne+1"],"picked":"animator:SilverFang","floor":27.0},{"not_picked":["Perfected Strike+1","Indignation"],"picked":"theMarked:MuscleMemory","floor":29.0},{"not_picked":["theMarked:ParalyzingBlade","alterego_mod:Undulate"],"picked":"alterego_mod:HighServant+1","floor":31.0}],"player_experience":47723,"relics_obtained":[{"floor":6.0,"key":"Torii"},{"floor":10.0,"key":"Incense Burner"},{"floor":14.0,"key":"Blood Vial"},{"floor":24.0,"key":"Paper Crane"},{"floor":26.0,"key":"Paper Frog"},{"floor":28.0,"key":"Letter Opener"},{"floor":31.0,"key":"Pear"}],"event_choices":[{"damage_healed":0.0,"max_hp_gain":0.0,"max_hp_loss":0.0,"gold_gain":175.0,"event_name":"betterThird:BetterSerpent","player_choice":"AGREE","floor":2.0,"gold_loss":0.0,"damage_taken":116.0},{"damage_healed":0.0,"max_hp_gain":0.0,"max_hp_loss":0.0,"gold_gain":0.0,"event_name":"Secret Garden","player_choice":"Choice 2","floor":22.0,"gold_loss":0.0,"damage_taken":0.0,"relics_obtained":["alterego_mod:SomeoneToFightFor"]},{"cards_removed":["Doubt"],"damage_healed":0.0,"max_hp_gain":0.0,"max_hp_loss":0.0,"gold_gain":0.0,"event_name":"Beggar","player_choice":"Gave Gold","floor":25.0,"gold_loss":75.0,"damage_taken":0.0}],"is_beta":false,"boss_relics":[{"not_picked":["Philosopher\u0027s Stone","SlaversCollar"],"picked":"animator:HolyGrailRelic"}],"items_purged_floors":[],"is_endless":false,"potions_floor_spawned":[1,12,13,14,19,27,31],"killed_by":"Collector","ascension_level":0}}