{"host":"qy1e0kd24tpj3i2m","time":1613166188,"event":{"mods":["Act Like it!","BaseMod","Better Skull","Better Vampires","Colored Map","Colored Powertips","Custom Start","Faster Ascension Climbing","Friendly Minions","GifTheSpireLib","Gremlin Skip","Highlight Path","Minty Spire (QoL Compilation)","Permanent Neow","Poor People Problems","Quick Restart","Red Circlet Mod","Relic Filter Mod","Relic Sorter","Reorder Act Four","SacredBarkPlus","Shop Mod","StSLib","SuperFastMode","Transform Curses","没有小屋子和绿帽子啦"],"gold_per_floor":[113,137,151,151,66,66,76,109,160,173,199,212,287,318,318,395,395,412,337,352,381,391,391,341,354,406,434,434,434,449,449,449,527,527,540,540,550,772,791,791,805,805,805,805,824,836,848,848,848,848,848],"floor_reached":50,"language":"ZHS","playtime":2286,"items_purged":[],"score":968,"play_id":"b9bd864a-4573-4cab-a0ec-b689b12fb363","local_time":"20210213064308","is_ascension_mode":true,"campfire_choices":[{"data":"Whirlwind","floor":6.0,"key":"SMITH"},{"data":"Entrench","floor":15.0,"key":"SMITH"},{"data":"True Grit","floor":23.0,"key":"SMITH"},{"data":"Uppercut","floor":28.0,"key":"SMITH"},{"data":"Dark Embrace","floor":32.0,"key":"SMITH"},{"data":"Body Slam","floor":40.0,"key":"SMITH"},{"floor":42.0,"key":"RECALL"},{"floor":49.0,"key":"REST"}],"circlet_count":0,"master_deck":["AscendersBane","Defend_R","Defend_R","Defend_R","Defend_R","Reckless Charge","Whirlwind+1","Evolve","True Grit+1","Entrench+1","Pommel Strike","Berserk+1","Disarm","Disarm+1","Uppercut+1","Wild Strike+1","Pommel Strike","Dark Embrace+1","Intimidate","Offering","Flame Barrier+1","Spot Weakness+1","Burning Pact+1","Madness","Madness","Wild Strike+1","Body Slam+1","Reckless Charge+1","Rage+1"],"relics":["Burning Blood","Red Skull","Bronze Scales","Meat on the Bone","Nunchaku","Matryoshka","Juzu Bracelet","Velvet Choker","Red Mask","Strawberry","PreservedInsect","Bag of Preparation","Enchiridion","Astrolabe","Sundial","Molten Egg 2"],"acts_visited":["Exordium","TheCity","TheBeyond"],"potions_floor_usage":[],"damage_taken":[{"damage":1.0,"enemies":"Cultist","floor":1.0,"turns":3.0},{"damage":6.0,"enemies":"2 Louse","floor":3.0,"turns":3.0},{"damage":2.0,"enemies":"Jaw Worm","floor":7.0,"turns":3.0},{"damage":20.0,"enemies":"3 Sentries","floor":8.0,"turns":4.0},{"damage":9.0,"enemies":"Exordium Wildlife","floor":10.0,"turns":3.0},{"damage":10.0,"enemies":"Gremlin Nob","floor":11.0,"turns":3.0},{"damage":32.0,"enemies":"Large Slime","floor":12.0,"turns":5.0},{"damage":13.0,"enemies":"3 Sentries","floor":14.0,"turns":5.0},{"damage":25.0,"enemies":"Hexaghost","floor":16.0,"turns":7.0},{"damage":28.0,"enemies":"Spheric Guardian","floor":18.0,"turns":4.0},{"damage":29.0,"enemies":"Shell Parasite","floor":20.0,"turns":4.0},{"damage":35.0,"enemies":"Masked Bandits","floor":21.0,"turns":3.0},{"damage":19.0,"enemies":"Centurion and Healer","floor":22.0,"turns":5.0},{"damage":12.0,"enemies":"Cultist and Chosen","floor":25.0,"turns":6.0},{"damage":32.0,"enemies":"Slavers","floor":27.0,"turns":3.0},{"damage":3.0,"enemies":"Chosen and Byrds","floor":30.0,"turns":5.0},{"damage":19.0,"enemies":"Automaton","floor":33.0,"turns":10.0},{"damage":24.0,"enemies":"Orb Walker","floor":35.0,"turns":4.0},{"damage":8.0,"enemies":"3 Shapes","floor":37.0,"turns":5.0},{"damage":32.0,"enemies":"Spire Growth","floor":39.0,"turns":5.0},{"damage":0.0,"enemies":"Jaw Worm Horde","floor":41.0,"turns":1.0},{"damage":22.0,"enemies":"3 Darklings","floor":45.0,"turns":4.0},{"damage":27.0,"enemies":"Sphere and 2 Shapes","floor":46.0,"turns":4.0},{"damage":22.0,"enemies":"4 Shapes","floor":47.0,"turns":8.0},{"damage":0,"enemies":"Donu and Deca","floor":50,"turns":1}],"seed_played":"5118059066363711336","potions_obtained":[{"floor":1.0,"key":"PowerPotion"},{"floor":3.0,"key":"GamblersBrew"},{"floor":12.0,"key":"FearPotion"},{"floor":14.0,"key":"Block Potion"},{"floor":20.0,"key":"Swift Potion"},{"floor":22.0,"key":"BloodPotion"},{"floor":27.0,"key":"BlessingOfTheForge"},{"floor":33.0,"key":"SteroidPotion"},{"floor":45.0,"key":"SteroidPotion"},{"floor":46.0,"key":"Strength Potion"},{"floor":47.0,"key":"Dexterity Potion"}],"is_trial":false,"path_per_floor":["M","T","M","?","$","R","M","E","T","M","E","M","?","E","R","B",null,"M","?","M","?","M","R","?","M","T","E","R","?","M","?","R","B",null,"M","?","M","?","M","R","M","R","T","?","M","M","M","?","R","B"],"character_chosen":"IRONCLAD","items_purchased":["Evolve"],"campfire_rested":1,"item_purchase_floors":[5],"current_hp_per_floor":[73,73,73,68,68,68,72,58,58,55,51,37,26,31,31,24,62,52,52,41,24,38,38,38,44,51,37,37,16,31,31,31,30,69,51,36,46,46,32,32,50,50,50,50,46,37,33,33,57,57,57],"gold":848,"neow_bonus":"RANDOM_COMMON_RELIC","is_daily":false,"chose_seed":false,"campfire_upgraded":6,"win_rate":0.0,"timestamp":1613166188,"path_taken":["M","?","M","?","?","R","M","E","T","?","E","M","?","E","R","BOSS","M","?","M","?","M","R","?","M","T","E","R","?","M","?","R","BOSS","M","?","M","?","M","R","M","R","T","?","M","M","M","?","R","BOSS"],"items_purchased_type":["Card"],"build_version":"2020-12-22","purchased_purges":0,"victory":false,"max_hp_per_floor":[75,75,75,75,75,75,75,75,75,75,75,75,75,75,75,75,75,75,75,75,75,75,75,75,75,82,82,82,82,82,82,82,82,82,82,82,82,82,82,82,82,82,82,82,82,82,82,82,82,82,82],"card_choices":[{"not_picked":["Body Slam","Perfected Strike"],"picked":"Reckless Charge","floor":1.0},{"not_picked":["Reckless Charge","Headbutt"],"picked":"Whirlwind","floor":3.0},{"not_picked":["Flex","Ghostly Armor"],"picked":"True Grit","floor":7.0},{"not_picked":["Shockwave","Infernal Blade","Thunderclap"],"picked":"SKIP","floor":8.0},{"not_picked":["Clothesline","Shockwave","Thunderclap"],"picked":"SKIP","floor":10.0},{"not_picked":["Dropkick","Headbutt"],"picked":"Entrench","floor":11.0},{"not_picked":["Wild Strike","Headbutt"],"picked":"Pommel Strike","floor":12.0},{"not_picked":["Twin Strike","Thunderclap","Heavy Blade"],"picked":"SKIP","floor":14.0},{"not_picked":["Limit Break","Brutality"],"picked":"Berserk","floor":16.0},{"not_picked":["Battle Trance+1","Shrug It Off"],"picked":"Disarm","floor":18.0},{"not_picked":["Armaments","Anger","Heavy Blade"],"picked":"SKIP","floor":20.0},{"not_picked":["Searing Blow","Headbutt+1"],"picked":"Disarm","floor":21.0},{"not_picked":["Wild Strike","Cleave","Headbutt"],"picked":"SKIP","floor":22.0},{"not_picked":["Thunderclap","Sentinel"],"picked":"Uppercut","floor":25.0},{"not_picked":["Carnage","Clash"],"picked":"Wild Strike+1","floor":27.0},{"not_picked":["Armaments","Wild Strike"],"picked":"Pommel Strike","floor":30.0},{"not_picked":["Bludgeon","Immolate"],"picked":"Offering","floor":33.0},{"not_picked":["Armaments","Flex","Headbutt"],"picked":"SKIP","floor":35.0},{"not_picked":["Uppercut","Iron Wave"],"picked":"Wild Strike+1","floor":37.0},{"not_picked":["Thunderclap","Bloodletting"],"picked":"Body Slam","floor":39.0},{"not_picked":["Armaments+1","Berserk","Blood for Blood"],"picked":"SKIP","floor":41.0},{"not_picked":["Clash+1","Wild Strike+1"],"picked":"Reckless Charge+1","floor":45.0},{"not_picked":["Clothesline+1","Whirlwind+1"],"picked":"Rage+1","floor":46.0},{"not_picked":["True Grit","Intimidate+1","Havoc+1"],"picked":"SKIP","floor":47.0}],"player_experience":1030024,"relics_obtained":[{"floor":8.0,"key":"Meat on the Bone"},{"floor":9.0,"key":"Nunchaku"},{"floor":11.0,"key":"Matryoshka"},{"floor":14.0,"key":"Juzu Bracelet"},{"floor":21.0,"key":"Red Mask"},{"floor":26.0,"key":"Strawberry"},{"floor":26.0,"key":"PreservedInsect"},{"floor":27.0,"key":"Bag of Preparation"},{"floor":29.0,"key":"Enchiridion"},{"floor":43.0,"key":"Sundial"},{"floor":43.0,"key":"Molten Egg 2"}],"event_choices":[{"damage_healed":0.0,"max_hp_gain":0.0,"max_hp_loss":0.0,"gold_gain":0.0,"event_name":"Scrap Ooze","player_choice":"Success","floor":4.0,"gold_loss":0.0,"damage_taken":5.0,"relics_obtained":["Bronze Scales"]},{"damage_healed":0.0,"max_hp_gain":0.0,"max_hp_loss":0.0,"gold_gain":75.0,"event_name":"World of Goop","player_choice":"Gather Gold","floor":13.0,"gold_loss":0.0,"damage_taken":11.0},{"cards_removed":["Bash"],"damage_healed":0.0,"max_hp_gain":0.0,"max_hp_loss":0.0,"gold_gain":0.0,"event_name":"Beggar","player_choice":"Gave Gold","floor":19.0,"gold_loss":75.0,"damage_taken":0.0},{"damage_healed":0.0,"max_hp_gain":0.0,"max_hp_loss":0.0,"gold_gain":0.0,"event_name":"Masked Bandits","player_choice":"Fought Bandits","floor":21.0,"gold_loss":0.0,"damage_taken":0.0},{"damage_healed":0.0,"max_hp_gain":0.0,"max_hp_loss":0.0,"gold_gain":0.0,"event_name":"Designer","player_choice":"Upgraded Two","floor":24.0,"gold_loss":50.0,"damage_taken":0.0,"cards_upgraded":["Disarm","Berserk"]},{"damage_healed":0.0,"max_hp_gain":0.0,"max_hp_loss":0.0,"gold_gain":0.0,"event_name":"Cursed Tome","player_choice":"Obtained Book","floor":29.0,"gold_loss":0.0,"damage_taken":21.0},{"damage_healed":0.0,"max_hp_gain":0.0,"max_hp_loss":0.0,"gold_gain":0.0,"cards_transformed":["Strike_R","Strike_R"],"event_name":"Drug Dealer","player_choice":"Became Test Subject","floor":31.0,"gold_loss":0.0,"damage_taken":0.0,"cards_obtained":["Dark Embrace","Intimidate"]},{"damage_healed":0.0,"max_hp_gain":0.0,"max_hp_loss":0.0,"gold_gain":0.0,"event_name":"Winding Halls","player_choice":"Embrace Madness","floor":36.0,"gold_loss":0.0,"damage_taken":15.0,"cards_obtained":["Madness","Madness"]},{"damage_healed":0.0,"max_hp_gain":0.0,"max_hp_loss":0.0,"gold_gain":222.0,"event_name":"Tomb of Lord Red Mask","player_choice":"Wore Mask","floor":38.0,"gold_loss":0.0,"damage_taken":0.0},{"damage_healed":0.0,"max_hp_gain":0.0,"max_hp_loss":0.0,"gold_gain":0.0,"event_name":"SensoryStone","player_choice":"Memory 1","floor":44.0,"gold_loss":0.0,"damage_taken":0.0},{"damage_healed":0.0,"max_hp_gain":0.0,"max_hp_loss":0.0,"gold_gain":0.0,"event_name":"The Moai Head","player_choice":"Ignored","floor":48.0,"gold_loss":0.0,"damage_taken":0.0}],"is_beta":false,"boss_relics":[{"not_picked":["Black Blood","Snecko Eye"],"picked":"Velvet Choker"},{"not_picked":["Runic Pyramid","Pandora\u0027s Box"],"picked":"Astrolabe"}],"items_purged_floors":[],"is_endless":false,"potions_floor_spawned":[1,3,12,14,20,22,27,33,45,46,47],"killed_by":"Donu and Deca","ascension_level":20}}