{"host":"fauqrvll5t0ss0vm","time":1613146201,"event":{"mods":["2.2 Compatiblity","Act Like it!","Aspiration","Bard","BaseMod","Beaked The Cultist","Better Altar","Better Match","Better Note","Better Sensory Stone","Better Skull","Better Third Choice","Better Vampires","Card Filter","Clockwork Mod","Colored Map","Conspire","Displayed Cursed Tome","Downfall","Emptier Cage","Energized Spire","Friendly Minions","GifTheSpireLib","Glutton Mod","Gremlin Mod","Gremlin Skip","Halation","Hermit","Highlight Path","Hubris","Jorbs\u0027s Wanderer Trilogy","Mad Scientist","Marked Mod","Minty Spire (QoL Compilation)","Permanent Neow","Random Character Button","Relic Filter","Reorder Act Four","Replay The Spire","Shop Mod","Somnambulant","Spikes Relics","StSLib","Stuff the Spire","SuperFastMode","The Construct","The Cursed","The Disciple","The Elementalist","The Judge","The Juggle","The Mystic","The Runesmith","The Sage","The Servant 0.9.4","The Valiant","Trackpad","Uncapped"],"gold_per_floor":[169,185,199,199,349,249,249,249,249,249,249,249,249,267,286,386,386,480,500,520,538,549,578,578,578,578],"floor_reached":25,"language":"ENG","playtime":2653,"items_purged":[],"score":236,"play_id":"acaf1917-903b-4c0a-a1a8-0e8bf4d502e5","local_time":"20210212171001","is_ascension_mode":false,"campfire_choices":[{"floor":1,"key":"RECALL"},{"data":"sagemod:Upwards","floor":6,"key":"SMITH"},{"data":"sagemod:Fly","floor":9,"key":"SMITH"},{"data":"sagemod:Undermine","floor":11,"key":"SMITH"},{"data":"sagemod:Defend","floor":13,"key":"SMITH"}],"circlet_count":0,"master_deck":["sagemod:Altitude+1","sagemod:Strike","sagemod:Strike","sagemod:Strike","sagemod:Defend+1","sagemod:Defend","sagemod:Defend","sagemod:Fly+1","sagemod:Upwards+1","sagemod:Undermine+1","sagemod:Perpetuum_Mobile","Writhe","sagemod:Altitude","sagemod:How_To_Charm_A_Sentry","sagemod:Vigorous_Body","sagemod:Cane_Strike+1","sagemod:On_The_Head","JustLucky+1","JustLucky+1"],"relics":["aspiration:WatcherSkillbook","downfall:HeartBlessingRed","InkBottle","trackpad:WritersBlock","ReplayTheSpireMod:Ring of Collecting","Ring of Hypnosis","hubris:TerracottaHorce","Meat on the Bone","ReplayTheSpireMod:Ring of Exchange"],"acts_visited":["Exordium","TheCity"],"potions_floor_usage":[16,21,23],"damage_taken":[{"damage":0,"enemies":"Cultist","floor":2,"turns":6},{"damage":0,"enemies":"Small Slimes","floor":3,"turns":5},{"damage":0,"enemies":"Jaw Worm","floor":14,"turns":5},{"damage":3,"enemies":"2 Fungi Beasts","floor":15,"turns":5},{"damage":7,"enemies":"DF_ARCHETYPE_STREAMLINE","floor":16,"turns":10},{"damage":20,"enemies":"3 Byrds","floor":19,"turns":9},{"damage":0,"enemies":"Shell Parasite","floor":20,"turns":5},{"damage":3,"enemies":"Centurion and Healer","floor":21,"turns":7},{"damage":14,"enemies":"Chosen and Byrds","floor":22,"turns":5},{"damage":0,"enemies":"Book of Stabbing","floor":23,"turns":4},{"damage":19,"enemies":"Slavers","floor":25,"turns":1}],"seed_played":"-4174808663540036515","potions_obtained":[{"floor":3,"key":"Energy Potion"},{"floor":19,"key":"DuplicationPotion"},{"floor":20,"key":"EssenceOfSteel"},{"floor":23,"key":"Languid Potion"}],"is_trial":false,"path_per_floor":["R","M","M","?","?","R","T","?","R","?","R","?","R","M","M","B",null,"R_BF","M","M","M","M","E","T","E"],"character_chosen":"THE_SAGE","items_purchased":[],"campfire_rested":0,"item_purchase_floors":[],"current_hp_per_floor":[50,50,50,55,55,55,55,43,43,43,43,43,43,43,40,33,50,50,30,30,27,13,13,13,0,0],"gold":578,"neow_bonus":"BOSS_RELIC","is_daily":false,"chose_seed":false,"campfire_upgraded":4,"win_rate":0.0,"timestamp":1613146201,"path_taken":["R","M","M","?","?","R","T","?","R","?","R","?","R","M","M","BOSS","R_BF","M","M","?","M","E","T","E"],"items_purchased_type":[],"build_version":"2020-12-22","purchased_purges":0,"victory":false,"max_hp_per_floor":[50,50,50,55,55,55,55,55,55,55,55,55,55,55,55,55,55,55,55,55,55,55,55,55,55,55],"card_choices":[{"not_picked":["MarkedMod:Acupuncture","MarkedMod:GentlePulse","MarkedMod:FirstStrike"],"picked":"sagemod:Undermine","floor":2},{"not_picked":["EmptyFist","sagemod:Shatter","sagemod:Armor_Brew"],"picked":"sagemod:Perpetuum_Mobile","floor":3},{"not_picked":["sagemod:Crank","EmptyFist","Replay:ManipulateFuture"],"picked":"sagemod:Altitude","floor":14},{"not_picked":["sagemod:Spoon_Strike","sagemod:Armor_Brew","PathToVictory"],"picked":"sagemod:How_To_Charm_A_Sentry","floor":15},{"not_picked":["sagemod:Escape","sagemod:Swoop_Down","sagemod:Extra_Portion"],"picked":"sagemod:Vigorous_Body","floor":16},{"not_picked":["Crescendo","sagemod:Slalom+1","sagemod:Energetic_Brew"],"picked":"sagemod:Cane_Strike+1","floor":19},{"not_picked":["Replay:ManipulateFuture+1","sagemod:Poem","sagemod:Bookworm"],"picked":"sagemod:On_The_Head","floor":20},{"not_picked":["CarveReality+1","ReachHeaven","EmptyFist"],"picked":"JustLucky+1","floor":21},{"not_picked":["sagemod:Armor_Brew","sagemod:How_To_Warm_Elephants","Halt","sagemod:Salty_Strike"],"picked":"SKIP","floor":22},{"not_picked":["Meditate+1","sagemod:Shatter","sagemod:How_To_Poke_At_Slimes"],"picked":"JustLucky+1","floor":23}],"player_experience":7454403,"relics_obtained":[{"floor":7,"key":"InkBottle"},{"floor":10,"key":"ReplayTheSpireMod:Ring of Collecting"},{"floor":10,"key":"Ring of Hypnosis"},{"floor":23,"key":"Meat on the Bone"},{"floor":24,"key":"ReplayTheSpireMod:Ring of Exchange"}],"event_choices":[{"damage_healed":0,"gold_gain":0,"player_choice":"Donut","damage_taken":0,"max_hp_gain":5,"max_hp_loss":0,"event_name":"Big Fish","floor":4,"gold_loss":0},{"damage_healed":0,"gold_gain":0,"player_choice":"Relic ","damage_taken":12,"max_hp_gain":0,"max_hp_loss":0,"event_name":"betterThird:BetterScrap","floor":8,"gold_loss":0,"cards_obtained":["MarkedMod:OneThousandNeedles"]}],"is_beta":false,"boss_relics":[{"not_picked":["Replay:Cursed D8","conspire:SeveredTorchhead"],"picked":"hubris:TerracottaHorce"}],"items_purged_floors":[],"is_endless":false,"potions_floor_spawned":[3,19,20,23],"killed_by":"Slavers","ascension_level":0}}