{"host":"ajxvnmsjfcleb5r5","time":1613152404,"event":{"mods":["2.2 Compatiblity","AchievementEnabler","BaseMod","Beaked The Cultist","Better Note","BetterRewards","Card Forge","Colored Powertips","DNKmod","Friendly Minions","Infinite Spire","Minty Spire (QoL Compilation)","Quick Restart","Shop Mod","StSLib","SuperFastMode"],"gold_per_floor":[118,118,118,141,102,102,24,24,75,115,115,130,95,95,95,215,278,303,303,319,319,419,419,433,449,449,449,449,472,493,513,513,639,639,660,683,683,707,732,732,750,750,776,800,800,800,814,814,814,814,814],"floor_reached":50,"language":"KOR","playtime":1199,"items_purged":[],"score":519,"play_id":"6698689a-c0b4-4e33-b87d-a1e37aaa24b5","local_time":"20210213025324","is_ascension_mode":false,"campfire_choices":[{"data":"White Noise","floor":6.0,"key":"SMITH"},{"data":"Capacitor","floor":8.0,"key":"SMITH"},{"data":"Barrage","floor":11.0,"key":"SMITH"},{"data":"infinitespire:Gouge","floor":15.0,"key":"SMITH"},{"data":"White Noise","floor":23,"key":"SMITH"},{"data":"Consume","floor":27,"key":"SMITH"},{"floor":32,"key":"REST"},{"data":"Turbo","floor":40,"key":"SMITH"},{"data":"Hologram","floor":42,"key":"SMITH"},{"data":"Coolheaded","floor":46,"key":"SMITH"},{"data":"infinitespire:Collect","floor":49,"key":"SMITH"}],"circlet_count":0,"master_deck":["Defend_B","Defend_B+1","Defend_B","Defend_B","Zap+1","Dualcast+1","Ball Lightning+1","Ball Lightning+1","Ball Lightning+1","Ball Lightning+1","White Noise+1","Capacitor+1","Barrage+1","infinitespire:Gouge+1","Electrodynamics+1","Coolheaded+1","White Noise+1","Consume+1","Skim+1","Core Surge","Hologram+1","Turbo+1","Turbo+1","Darkness+1","Core Surge","infinitespire:Collect+1"],"relics":["Cracked Core","Hammer of Thor","Seething Fire","Anvil of the Gods","infinitespire:Satchel","White Beast Statue","Golden Idol","Vajra","Centennial Puzzle","Tiny House","Turnip","Nuclear Battery","infinitespire:Freezer","Orichalcum"],"acts_visited":["Exordium","TheCity","TheBeyond"],"potions_floor_usage":[25,30,30,30,33,36,36,36,47,47,50,50],"damage_taken":[{"damage":0.0,"enemies":"2 Louse","floor":1.0,"turns":1.0},{"damage":0.0,"enemies":"Small Slimes","floor":4.0,"turns":1.0},{"damage":4.0,"enemies":"3 Sentries","floor":10.0,"turns":3.0},{"damage":6.0,"enemies":"Jaw Worm","floor":12.0,"turns":2.0},{"damage":0.0,"enemies":"Slime Boss","floor":16.0,"turns":4.0},{"damage":1,"enemies":"Shell Parasite","floor":18,"turns":3},{"damage":25,"enemies":"2 Thieves","floor":20,"turns":3},{"damage":8,"enemies":"Centurion and Healer","floor":24,"turns":3},{"damage":4,"enemies":"Snecko","floor":25,"turns":3},{"damage":15,"enemies":"Sentry and Sphere","floor":29,"turns":4},{"damage":0,"enemies":"Snake Plant","floor":30,"turns":2},{"damage":8,"enemies":"Snecko","floor":31,"turns":3},{"damage":32,"enemies":"Collector","floor":33,"turns":6},{"damage":0,"enemies":"3 Shapes","floor":35,"turns":1},{"damage":0,"enemies":"Orb Walker","floor":36,"turns":1},{"damage":0,"enemies":"Jaw Worm Horde","floor":38,"turns":2},{"damage":17,"enemies":"Spire Growth","floor":39,"turns":4},{"damage":10,"enemies":"Maw","floor":41,"turns":3},{"damage":10,"enemies":"4 Shapes","floor":44,"turns":3},{"damage":13,"enemies":"infinitespire:Three Voidlings","floor":45,"turns":2},{"damage":15,"enemies":"Spire Growth","floor":47,"turns":3},{"damage":21,"enemies":"Time Eater","floor":50,"turns":4}],"seed_played":"-6097550703597991358","potions_obtained":[{"floor":4.0,"key":"EssenceOfSteel"},{"floor":10.0,"key":"GamblersBrew"},{"floor":12.0,"key":"Fruit Juice"},{"floor":16.0,"key":"Block Potion"},{"floor":20,"key":"Explosive Potion"},{"floor":24,"key":"PowerPotion"},{"floor":25,"key":"Swift Potion"},{"floor":30,"key":"Energy Potion"},{"floor":31,"key":"FearPotion"},{"floor":33,"key":"SteroidPotion"},{"floor":35,"key":"FearPotion"},{"floor":36,"key":"ColorlessPotion"},{"floor":38,"key":"LiquidMemories"},{"floor":39,"key":"FocusPotion"},{"floor":41,"key":"FocusPotion"},{"floor":47,"key":"SkillPotion"}],"is_trial":false,"path_per_floor":["M","?","?","M","$","R","$","R","T","E","R","M","?","?","R","B",null,"M","?","M","AVR","?","R","M","M","T","R","?","M","M","M","R","B",null,"M","M","?","M","M","R","M","R","T","M","?","R","M","AVR","R","B"],"character_chosen":"DEFECT","items_purchased":["White Noise","Capacitor"],"campfire_rested":1,"item_purchase_floors":[5,7],"current_hp_per_floor":[75,72,54,54,54,54,54,54,54,50,50,49,69,49,49,49,85,84,84,59,59,59,59,51,47,47,47,47,32,32,24,49,17,85,85,85,85,85,68,68,58,58,58,48,35,35,20,20,20,0,0],"gold":814,"neow_bonus":"RANDOM_COMMON_RELIC","is_daily":false,"chose_seed":false,"campfire_upgraded":10,"win_rate":0.0,"timestamp":1613152404,"path_taken":["M","?","?","M","$","R","?","R","T","E","R","?","?","?","R","BOSS","M","?","M","AVR","?","R","M","M","T","R","?","?","M","M","R","BOSS","M","?","?","M","?","R","M","R","T","M","?","R","M","AVR","R","BOSS"],"items_purchased_type":["Card","Card"],"build_version":"2020-12-22","purchased_purges":0,"victory":false,"max_hp_per_floor":[75,75,75,75,75,75,75,75,75,75,75,80,80,80,80,80,85,85,85,85,85,85,85,85,85,85,85,85,85,85,85,85,85,85,85,85,85,85,85,85,85,85,85,85,85,85,85,85,85,85,85],"card_choices":[{"not_picked":["Redo","Blizzard","Chill"],"picked":"SKIP","floor":1.0},{"not_picked":["Rip and Tear","Cold Snap","Turbo"],"picked":"SKIP","floor":4.0},{"not_picked":["Undo","Hologram"],"picked":"Barrage","floor":10.0},{"not_picked":["Beam Cell","Gash"],"picked":"Tempest","floor":12.0},{"not_picked":["infinitespire:Menacing","infinitespire:Oblivion"],"picked":"infinitespire:Gouge","floor":14.0},{"not_picked":["Reboot","Echo Form"],"picked":"Electrodynamics","floor":16.0},{"not_picked":["Turbo","Reinforced Body"],"picked":"Coolheaded","floor":17.0},{"not_picked":["Cold Snap","Gash"],"picked":"White Noise","floor":18},{"not_picked":["Streamline","Lockon+1","Hello World+1"],"picked":"SKIP","floor":20},{"not_picked":["Genetic Algorithm","Echo Form"],"picked":"Consume","floor":24},{"not_picked":["Undo","Gash","Ball Lightning+1"],"picked":"SKIP","floor":25},{"not_picked":["Stack+1","Lockon","Rainbow"],"picked":"SKIP","floor":29},{"not_picked":["Redo+1","Turbo+1","Doom and Gloom"],"picked":"SKIP","floor":30},{"not_picked":["Steam","Beam Cell"],"picked":"Skim+1","floor":31},{"not_picked":["Creative AI","Biased Cognition"],"picked":"Core Surge","floor":33},{"not_picked":["Compile Driver+1","Double Energy+1"],"picked":"Hologram","floor":35},{"not_picked":["Hello World+1","Cold Snap+1","Stack"],"picked":"SKIP","floor":36},{"not_picked":["Aggregate","Sweeping Beam","Compile Driver+1"],"picked":"SKIP","floor":38},{"not_picked":["Go for the Eyes+1","Chaos"],"picked":"Turbo","floor":39},{"not_picked":["Rebound+1","Force Field+1"],"picked":"Turbo+1","floor":41},{"not_picked":["Go for the Eyes","Force Field+1"],"picked":"Darkness+1","floor":44},{"not_picked":["Redo+1","Reprogram+1"],"picked":"Core Surge","floor":47}],"player_experience":178755,"relics_obtained":[{"floor":9.0,"key":"Vajra"},{"floor":10.0,"key":"Centennial Puzzle"},{"floor":26,"key":"Turnip"},{"floor":43,"key":"Orichalcum"}],"event_choices":[{"damage_healed":0.0,"max_hp_gain":0.0,"max_hp_loss":0.0,"gold_gain":0.0,"event_name":"Scrap Ooze","player_choice":"Success","floor":2.0,"gold_loss":0.0,"damage_taken":3.0,"relics_obtained":["White Beast Statue"]},{"damage_healed":0.0,"max_hp_gain":0.0,"max_hp_loss":0.0,"gold_gain":0.0,"event_name":"Golden Idol","player_choice":"Take Damage","floor":3.0,"gold_loss":0.0,"damage_taken":18.0,"relics_obtained":["Golden Idol"]},{"damage_healed":20.0,"max_hp_gain":0.0,"max_hp_loss":0.0,"gold_gain":0.0,"event_name":"The Cleric","player_choice":"Healed","floor":13.0,"gold_loss":35.0,"damage_taken":0.0},{"damage_healed":0,"gold_gain":0,"player_choice":"0 cards matched","damage_taken":0,"max_hp_gain":0,"max_hp_loss":0,"event_name":"Match and Keep!","floor":19,"gold_loss":0,"cards_obtained":[]},{"damage_healed":0,"gold_gain":100,"player_choice":"Pray","damage_taken":0,"max_hp_gain":0,"max_hp_loss":0,"event_name":"Golden Shrine","floor":22,"gold_loss":0},{"damage_healed":0,"gold_gain":0,"player_choice":"Forge","damage_taken":0,"max_hp_gain":0,"max_hp_loss":0,"event_name":"Accursed Blacksmith","floor":28,"gold_loss":0,"cards_upgraded":["Electrodynamics"]},{"damage_healed":0,"gold_gain":0,"player_choice":"Gave Potion","damage_taken":0,"relics_obtained":["infinitespire:Freezer"],"max_hp_gain":0,"max_hp_loss":0,"event_name":"WeMeetAgain","floor":37,"gold_loss":0}],"is_beta":false,"boss_relics":[{"not_picked":["SacredBark","Pandora\u0027s Box"],"picked":"Tiny House"},{"not_picked":["Fusion Hammer","Philosopher\u0027s Stone"],"picked":"Nuclear Battery"}],"items_purged_floors":[],"is_endless":false,"potions_floor_spawned":[4,10,12,16,18,20,24,25,29,30,31,33,35,36,38,39,41,44,45,47],"killed_by":"Time Eater","ascension_level":0}}