{"host":"szcsc05p6ieg5q76","time":1613148394,"event":{"mods":["ATMod(阿瑾Mod)","Act Like it!","Arknights","BaseMod","Minty Spire (QoL Compilation)","Reimu（博丽灵梦）","SOS（斯巴达之子）","StSLib","The Servant 0.9.4","【功能Mod】聪明的最终Boss"],"gold_per_floor":[111,111,124,143,157,157,182,200,249,249,269,269,125,139,139,240,240,250,112,131,145,145,145,156,156,156],"floor_reached":25,"language":"ZHS","playtime":1669,"items_purged":["ats:Strike C","ats:Absolute Focus"],"score":207,"play_id":"ea0e78bb-412e-4927-874f-731360a79eca","local_time":"20210212174634","is_ascension_mode":false,"campfire_choices":[{"data":"ats:Sword Rain","floor":6,"key":"SMITH"},{"data":"ats:Emotion Absorption","floor":12,"key":"SMITH"},{"floor":15,"key":"REST"},{"floor":23,"key":"REST"}],"circlet_count":0,"master_deck":["ats:Armor Crushing Shot","ats:Emotion Absorption+1","AT_FamilyPortrait","ats:Consecutive Shot Auto","ats:Poison Spread","ats:Sword Rain+1","ats:Automatic Cover","ats:Leaping Hammer","ats:Magnetic Hammer","ats:Calcification","ats:Overload","ats:Calcification","ats:Curse Doll","ats:Song Of Battle","ats:Absolute Focus","ats:Phantom","ats:Thorns","ats:Explosion Area Strengthen","ats:Ignite+1","ats:Sunburst","ats:Shell Defense+1","ats:Apocalypse","ats:Closed Bolt Burst Fire"],"relics":["ats:Sanity","AT_ATBox","NeowsBlessing","ats:Originium","StoneCalendar","Potion Belt","Pandora\u0027s Box"],"acts_visited":["Exordium","TheCity"],"potions_floor_usage":[7,7,8,16,16,16,16,16,16,21],"damage_taken":[{"damage":0,"enemies":"Small Slimes","floor":1,"turns":1},{"damage":0,"enemies":"Cultist","floor":3,"turns":1},{"damage":0,"enemies":"ats:Genji","floor":4,"turns":1},{"damage":3,"enemies":"Gremlin Gang","floor":5,"turns":2},{"damage":8,"enemies":"Gremlin Nob","floor":7,"turns":3},{"damage":16,"enemies":"Exordium Thugs","floor":8,"turns":3},{"damage":3,"enemies":"Looter","floor":11,"turns":3},{"damage":5,"enemies":"Blue Slaver","floor":14,"turns":5},{"damage":27,"enemies":"Hexaghost","floor":16,"turns":8},{"damage":11,"enemies":"Chosen","floor":18,"turns":5},{"damage":24,"enemies":"Spheric Guardian","floor":20,"turns":5},{"damage":30,"enemies":"Shelled Parasite and Fungi","floor":21,"turns":6},{"damage":31,"enemies":"Snecko","floor":24,"turns":6},{"damage":14,"enemies":"Centurion and Healer","floor":25,"turns":1}],"seed_played":"-223416827420087573","potions_obtained":[{"floor":2,"key":"MagicPotion:ReiMu"},{"floor":2,"key":"SteroidPotion"},{"floor":2,"key":"Explosive Potion"},{"floor":3,"key":"ats:Burn Big Potion"},{"floor":4,"key":"Swift Potion"},{"floor":7,"key":"ats:Burn Big Potion"},{"floor":8,"key":"SteroidPotion"},{"floor":11,"key":"Fire Potion"},{"floor":14,"key":"EntropicBrew"},{"floor":18,"key":"CultistPotion"}],"is_trial":false,"path_per_floor":["M","?","M","M","M","R","E","M","T","?","M","R","$","M","R","B",null,"M","$","M","M","?","R","M","M"],"character_chosen":"DOCTOR_CLASS","items_purchased":["ats:Overload","ats:Sunburst"],"campfire_rested":2,"item_purchase_floors":[13,19],"current_hp_per_floor":[72,72,72,72,69,69,61,45,45,45,42,42,42,38,59,35,72,64,64,42,18,18,39,10,0,0],"gold":156,"neow_bonus":"THREE_ENEMY_KILL","is_daily":false,"chose_seed":false,"campfire_upgraded":2,"win_rate":0.0,"timestamp":1613148394,"path_taken":["M","?","?","M","M","R","E","M","T","?","?","R","?","M","R","BOSS","M","$","M","M","?","R","M","M"],"items_purchased_type":["Card","Card"],"build_version":"2020-12-22","purchased_purges":2,"victory":false,"max_hp_per_floor":[72,72,72,72,72,72,72,72,72,72,72,72,72,72,72,72,72,72,72,72,72,72,72,72,72,72],"card_choices":[{"not_picked":["ats:Revitalization","ats:Blood Oath"],"picked":"ats:Consecutive Shot Auto","floor":1},{"not_picked":["ats:Powerful Strike","ats:Very Hot Blade"],"picked":"ats:Poison Spread","floor":3},{"not_picked":["ats:Overload","ats:Serious Mode"],"picked":"ats:Sword Rain","floor":4},{"not_picked":["ats:Consecutive Shot Auto","ats:Revitalization"],"picked":"ats:Automatic Cover","floor":5},{"not_picked":["ats:Mental Burst","ats:Consecutive Shot Auto"],"picked":"ats:Leaping Hammer","floor":7},{"not_picked":["ats:Beaten Up","ats:Defend Order"],"picked":"ats:Magnetic Hammer","floor":8},{"not_picked":["ats:Rapid Magazine","ats:Leaping Hammer"],"picked":"ats:Calcification","floor":11},{"not_picked":["ats:Mental Burst","ats:Powerful Strike"],"picked":"ats:Absolute Focus","floor":14},{"not_picked":["ats:Soul Rend","ats:Roar Of Ursus"],"picked":"ats:Calcification","floor":16},{"not_picked":["ats:Magnetic Hammer+1","ats:Explosion Area Strengthen"],"picked":"ats:Ignite+1","floor":18},{"not_picked":["ats:Consecutive Shot Auto","ats:Cat Scratch"],"picked":"ats:Shell Defense+1","floor":20},{"not_picked":["ats:Mental Burst+1","ats:Revitalization+1"],"picked":"ats:Apocalypse","floor":21},{"not_picked":["ats:Soul Absorption","ats:Sword Rain"],"picked":"ats:Closed Bolt Burst Fire","floor":24}],"player_experience":176390,"relics_obtained":[{"floor":7,"key":"ats:Originium"},{"floor":7,"key":"StoneCalendar"},{"floor":9,"key":"Potion Belt"}],"event_choices":[{"damage_healed":0,"gold_gain":0,"player_choice":"Got Potions","damage_taken":0,"max_hp_gain":0,"max_hp_loss":0,"event_name":"Lab","floor":2,"gold_loss":0},{"damage_healed":0,"gold_gain":0,"player_choice":"Ignored","damage_taken":0,"max_hp_gain":0,"max_hp_loss":0,"event_name":"NoteForYourself","floor":10,"gold_loss":0},{"cards_removed":["ats:Durian"],"damage_healed":0,"gold_gain":0,"player_choice":"Elegance","damage_taken":0,"max_hp_gain":0,"max_hp_loss":0,"event_name":"Back to Basics","floor":22,"gold_loss":0}],"is_beta":false,"boss_relics":[{"not_picked":["Coffee Dripper","Empty Cage"],"picked":"Pandora\u0027s Box"}],"items_purged_floors":[13,19],"is_endless":false,"potions_floor_spawned":[3,4,7,8,11,14,18],"killed_by":"Centurion and Healer","ascension_level":0}}