{"host":"ocll6kdfqxraqtza","time":1613133122,"event":{"mods":["2.2 Compatiblity","Act Like it!","Arknights","Aspiration","BaseMod","Better Third Choice","Gensokyo","Hallownest","Hermit","Hubris","Jorbs\u0027s Wanderer Trilogy","Luminous","Marisa（霧雨　魔理沙）","Minty Spire (QoL Compilation)","Reimu（博??梦）","Reliquary","Replay The Spire","Shade Mod","StSLib","The Alterego","The Bug Knight","The Cursed","The Hierophant","The Marked","The Runesmith","TheBandit","Wandering Minibosses"],"gold_per_floor":[114,114,114,23,74,74,100,100,100,135,135,163,163,180,180,180,180],"floor_reached":16,"language":"ENG","playtime":392,"items_purged":[],"score":171,"play_id":"d0e9da70-6271-41dd-bced-cf4a2a17a1f8","local_time":"20210212203202","is_ascension_mode":true,"campfire_choices":[{"data":"ats:Shell Defense","floor":6,"key":"SMITH"},{"data":"ats:Emotion Absorption","floor":11,"key":"SMITH"},{"data":"ats:Red Shift","floor":13,"key":"SMITH"},{"data":"ats:Armor Crushing Shot","floor":15,"key":"SMITH"}],"circlet_count":0,"master_deck":["ats:Strike C","ats:Strike G","ats:Strike S","ats:Strike V","ats:Armor Crushing Shot+1","ats:Defend","ats:Defend","ats:Defend","ats:Defend","ats:Emotion Absorption+1","ats:Shell Defense+1","Pain","ats:Red Shift+1","ats:Cat Scratch+1","ats:Curse Doll","ats:Hammer On","ats:Support Order"],"relics":["ats:Sanity","NeowsBlessing","Gensokyo:CelestialsFlawlessClothing","Gensokyo:LunaticRedEyes","ats:Originium","Smiling Mask","Ancient Tea Set","Pondfish Scales","Replay:Bottled Snecko","Blue Doll"],"acts_visited":["Gensokyo:Gensokyo"],"potions_floor_usage":[16],"damage_taken":[{"damage":0,"enemies":"Gensokyo:Gryphon","floor":1,"turns":1},{"damage":0,"enemies":"Gensokyo:Aya","floor":7,"turns":1},{"damage":0,"enemies":"Gensokyo:Cirno","floor":10,"turns":2},{"damage":16,"enemies":"Gensokyo:Mamizou","floor":12,"turns":8},{"damage":0,"enemies":"Gensokyo:2_Kodama","floor":14,"turns":2},{"damage":93,"enemies":"Gensokyo:Yukari","floor":16,"turns":12}],"seed_played":"-6677513932435261252","potions_obtained":[{"floor":10,"key":"PowerPotion"},{"floor":14,"key":"ats:Burn Small Potion"}],"is_trial":false,"path_per_floor":["M","?","?","COS","T","R","E","?","T","E","R","E","R","M","R","B"],"character_chosen":"DOCTOR_CLASS","items_purchased":[],"campfire_rested":0,"item_purchase_floors":[],"current_hp_per_floor":[72,54,54,54,54,54,54,54,54,54,54,38,38,38,38,72,72],"gold":180,"neow_bonus":"THREE_ENEMY_KILL","is_daily":false,"chose_seed":false,"campfire_upgraded":4,"win_rate":0.0,"timestamp":1613133122,"path_taken":["M","?","?","COS","?","R","E","?","T","E","R","E","R","?","R","BOSS"],"items_purchased_type":[],"build_version":"2020-12-22","purchased_purges":0,"victory":false,"max_hp_per_floor":[72,72,72,72,72,72,72,72,72,72,72,72,72,72,72,72,72],"card_choices":[{"not_picked":["ats:Red Shift","ats:Neurotoxin"],"picked":"ats:Shell Defense","floor":1},{"not_picked":["ats:Flexible Camouflage","ats:Shadow Raid"],"picked":"ats:Red Shift","floor":7},{"not_picked":["ats:Absolute Focus+1","ats:Neurotoxin+1"],"picked":"ats:Cat Scratch+1","floor":10},{"not_picked":["ats:Demon Strength","ats:Absolute Focus"],"picked":"ats:Curse Doll","floor":10},{"not_picked":["ats:Curse Doll","ats:Composite Medical Shells"],"picked":"ats:Hammer On","floor":12},{"not_picked":["ats:Consecutive Shot Auto","ats:Red Shift"],"picked":"ats:Support Order","floor":14}],"player_experience":530206,"relics_obtained":[{"floor":7,"key":"ats:Originium"},{"floor":7,"key":"Smiling Mask"},{"floor":9,"key":"Ancient Tea Set"},{"floor":10,"key":"ats:Originium"},{"floor":10,"key":"Pondfish Scales"},{"floor":12,"key":"ats:Originium"},{"floor":12,"key":"Replay:Bottled Snecko"}],"event_choices":[],"is_beta":false,"boss_relics":[],"items_purged_floors":[],"is_endless":false,"potions_floor_spawned":[10,14],"killed_by":"Gensokyo:Yukari","ascension_level":1}}