{"host":"fbdlh90rovbiajun","time":1613145289,"event":{"mods":["AchievementEnabler","BaseMod","Colored Map","Minty Spire (QoL Compilation)","SuperFastMode"],"gold_per_floor":[118,193,118,50,50,50,61,61,108,121,21,21,21,21,21,150,150,174,174,30,0,0],"floor_reached":21,"language":"KOR","playtime":901,"items_purged":["Defend_P","Defend_P"],"score":163,"play_id":"92476805-cc17-4a21-b1c8-935d5decc651","local_time":"20210213005449","is_ascension_mode":false,"campfire_choices":[{"data":"Adaptation","floor":6,"key":"SMITH"},{"data":"CrushJoints","floor":8,"key":"SMITH"},{"floor":15,"key":"REST"}],"circlet_count":0,"master_deck":["Strike_P","Strike_P","Defend_P+1","Eruption","Vigilance+1","Adaptation+1","CrushJoints+1"],"relics":["PureWater","NeowsBlessing","Pocketwatch","War Paint","Golden Idol","Potion Belt","Empty Cage","Pen Nib"],"acts_visited":["Exordium","TheCity"],"potions_floor_usage":[],"damage_taken":[{"damage":0,"enemies":"2 Louse","floor":1,"turns":1},{"damage":0,"enemies":"Cultist","floor":7,"turns":1},{"damage":0,"enemies":"Jaw Worm","floor":10,"turns":1},{"damage":32,"enemies":"Slime Boss","floor":16,"turns":6},{"damage":52,"enemies":"3 Byrds","floor":18,"turns":5},{"damage":20,"enemies":"2 Thieves","floor":21,"turns":2}],"seed_played":"-854942287315513877","potions_obtained":[{"floor":10,"key":"EntropicBrew"},{"floor":18,"key":"FearPotion"}],"is_trial":false,"path_per_floor":["M","?","$","$","T","R","M","R","T","M","$","?","?","$","R","B",null,"M","?","$","M"],"character_chosen":"WATCHER","items_purchased":["Adaptation","Pen Nib"],"campfire_rested":1,"item_purchase_floors":[4,20],"current_hp_per_floor":[72,65,65,65,65,65,65,65,65,65,65,47,47,47,68,36,72,20,20,20,0,0],"gold":0,"neow_bonus":"THREE_ENEMY_KILL","is_daily":false,"chose_seed":false,"campfire_upgraded":2,"win_rate":0.0,"timestamp":1613145289,"path_taken":["M","?","?","$","?","R","M","R","T","M","$","?","?","$","R","BOSS","M","?","$","M"],"items_purchased_type":["Card","Relic"],"build_version":"2020-12-22","purchased_purges":2,"victory":false,"max_hp_per_floor":[72,72,72,72,72,72,72,72,72,72,72,72,72,72,72,72,72,72,72,72,72,72],"card_choices":[{"not_picked":["PathToVictory","FlurryOfBlows","Evaluate"],"picked":"SKIP","floor":1},{"not_picked":["Wallop","Protect"],"picked":"CrushJoints","floor":7},{"not_picked":["Brilliance","ThirdEye","Crescendo"],"picked":"SKIP","floor":10},{"not_picked":["Crescendo","Wallop","Indignation"],"picked":"SKIP","floor":18}],"player_experience":10119,"relics_obtained":[{"floor":5,"key":"Pocketwatch"},{"floor":9,"key":"War Paint"}],"event_choices":[{"damage_healed":0,"gold_gain":75,"player_choice":"Touch","damage_taken":7,"max_hp_gain":0,"max_hp_loss":0,"event_name":"FaceTrader","floor":2,"gold_loss":0},{"damage_healed":0,"gold_gain":0,"player_choice":"Take Damage","damage_taken":18,"relics_obtained":["Golden Idol"],"max_hp_gain":0,"max_hp_loss":0,"event_name":"Golden Idol","floor":12,"gold_loss":0},{"damage_healed":0,"gold_gain":0,"player_choice":"Gave Potion","damage_taken":0,"relics_obtained":["Potion Belt"],"max_hp_gain":0,"max_hp_loss":0,"event_name":"WeMeetAgain","floor":13,"gold_loss":0},{"cards_removed":["Strike_P"],"damage_healed":0,"gold_gain":0,"player_choice":"Offered Basic","damage_taken":0,"max_hp_gain":0,"max_hp_loss":0,"event_name":"Bonfire Elementals","floor":19,"gold_loss":0}],"is_beta":false,"boss_relics":[{"not_picked":["Cursed Key","VioletLotus"],"picked":"Empty Cage"}],"items_purged_floors":[3,11],"is_endless":false,"potions_floor_spawned":[10,18],"killed_by":"2 Thieves","ascension_level":0}}