{"host":"gjwzgdilc53yxmt0","time":1613105223,"event":{"mods":["2.2 Compatiblity","BaseMod","Bestiary","Highlight Path","Minty Spire (QoL Compilation)","Relic Stats","StSLib","ojb\u0027s Info Mod"],"gold_per_floor":[219,233,25,44,61,61,87,104,178,208,208,237,255,305,305,379,379,396,168,168,196,396,429,429,464,464,464,23,39,39,89,89,165,165,185,199,199,199,209,209,240,240,240,240,269,140,140,98,98,98,98,98,98,43,74,74],"floor_reached":57,"language":"ENG","playtime":3621,"items_purged":["Strike_P"],"score":2799,"play_id":"98f4f3d3-ab09-448e-ad34-bf5b3be4e88f","local_time":"20210211234703","is_ascension_mode":true,"campfire_choices":[{"data":"Blasphemy","floor":6.0,"key":"SMITH"},{"floor":11.0,"key":"REST"},{"data":"TalkToTheHand","floor":15.0,"key":"SMITH"},{"data":"1","floor":24.0,"key":"LIFT"},{"data":"2","floor":30.0,"key":"LIFT"},{"data":"3","floor":32.0,"key":"LIFT"},{"data":"TalkToTheHand","floor":40.0,"key":"SMITH"},{"data":"MentalFortress","floor":42.0,"key":"SMITH"},{"data":"MentalFortress","floor":44.0,"key":"SMITH"},{"floor":47.0,"key":"RECALL"},{"floor":49.0,"key":"REST"},{"data":"Wireheading","floor":53,"key":"SMITH"}],"circlet_count":0,"master_deck":["AscendersBane","Defend_P","Defend_P","Defend_P+1","Eruption","Vigilance+1","MentalFortress+1","CutThroughFate","TalkToTheHand+1","JustLucky","Blasphemy+1","Halt","SandsOfTime","EmptyFist","DeusExMachina","Protect","Vault","Crescendo","Wireheading+1","CutThroughFate","ClearTheMind","Bite","Bite","Bite","Bite","Bite+1","Ragnarok","ThirdEye+1","Flash of Steel","FlurryOfBlows","LessonLearned+1","FlurryOfBlows","Crescendo+1","Dark Shackles+1","Good Instincts+1","TalkToTheHand+1","MentalFortress+1","JustLucky","Tantrum","EmptyBody+1","Nirvana","Meditate+1"],"relics":["PureWater","OrangePellets","Juzu Bracelet","White Beast Statue","Ginger","Vajra","VioletLotus","Red Mask","Girya","Toy Ornithopter","Toxic Egg 2","Anchor","Medical Kit","Philosopher\u0027s Stone","Lantern","Dead Branch","Happy Flower"],"acts_visited":["Exordium","TheCity","TheBeyond","TheEnding"],"potions_floor_usage":[55,56,56],"damage_taken":[{"damage":0.0,"enemies":"Cultist","floor":1.0,"turns":4.0},{"damage":12.0,"enemies":"2 Louse","floor":2.0,"turns":2.0},{"damage":0.0,"enemies":"Small Slimes","floor":4.0,"turns":4.0},{"damage":2.0,"enemies":"3 Louse","floor":5.0,"turns":4.0},{"damage":14.0,"enemies":"Gremlin Nob","floor":7.0,"turns":3.0},{"damage":11.0,"enemies":"Gremlin Gang","floor":8.0,"turns":2.0},{"damage":4.0,"enemies":"Lagavulin","floor":10.0,"turns":6.0},{"damage":0.0,"enemies":"Gremlin Nob","floor":12.0,"turns":3.0},{"damage":1.0,"enemies":"Looter","floor":13.0,"turns":3.0},{"damage":36.0,"enemies":"Hexaghost","floor":16.0,"turns":11.0},{"damage":7.0,"enemies":"Shell Parasite","floor":18.0,"turns":5.0},{"damage":11.0,"enemies":"Masked Bandits","floor":21.0,"turns":4.0},{"damage":28.0,"enemies":"Gremlin Leader","floor":23.0,"turns":6.0},{"damage":17.0,"enemies":"Book of Stabbing","floor":25.0,"turns":4.0},{"damage":0.0,"enemies":"Chosen","floor":29.0,"turns":4.0},{"damage":2.0,"enemies":"Collector","floor":33.0,"turns":10.0},{"damage":56.0,"enemies":"3 Darklings","floor":35.0,"turns":10.0},{"damage":0.0,"enemies":"3 Shapes","floor":36.0,"turns":4.0},{"damage":6.0,"enemies":"Writhing Mass","floor":39.0,"turns":5.0},{"damage":22.0,"enemies":"Nemesis","floor":41.0,"turns":5.0},{"damage":12.0,"enemies":"Giant Head","floor":45.0,"turns":5.0},{"damage":33.0,"enemies":"Awakened One","floor":50.0,"turns":9.0},{"damage":11,"enemies":"Time Eater","floor":51,"turns":8},{"damage":10,"enemies":"Shield and Spear","floor":55,"turns":6},{"damage":30,"enemies":"The Heart","floor":56,"turns":9}],"seed_played":"217825686588015167","potions_obtained":[{"floor":2.0,"key":"Fire Potion"},{"floor":4.0,"key":"EntropicBrew"},{"floor":10.0,"key":"PowerPotion"},{"floor":12.0,"key":"StancePotion"},{"floor":16.0,"key":"BlessingOfTheForge"},{"floor":23.0,"key":"BottledMiracle"},{"floor":25.0,"key":"Ambrosia"},{"floor":29.0,"key":"EntropicBrew"},{"floor":35.0,"key":"LiquidBronze"},{"floor":36.0,"key":"EssenceOfSteel"},{"floor":39.0,"key":"EssenceOfSteel"},{"floor":41.0,"key":"Regen Potion"},{"floor":45.0,"key":"DuplicationPotion"},{"floor":55,"key":"AttackPotion"}],"is_trial":false,"path_per_floor":["M","M","$","M","M","R","E","M","T","E","R","E","M","?","R","B",null,"M","$","?","?","?","E","R","E","T","?","$","M","R","?","R","B",null,"M","M","?","?","M","R","E","R","T","R","E","$","R","$","R","B","B",null,"R","$","E","B",null],"character_chosen":"WATCHER","items_purchased":["OrangePellets","TalkToTheHand","Wireheading","CutThroughFate","ClearTheMind","Anchor","Flash of Steel","Medical Kit","Tantrum","EmptyBody+1","Nirvana","PowerPotion"],"campfire_rested":2,"item_purchase_floors":[3,3,19,19,19,28,28,28,46,46,48,54],"current_hp_per_floor":[61,49,49,49,47,47,33,22,22,18,38,38,37,37,37,1,51,44,44,44,41,41,25,25,16,16,5,5,18,18,18,18,38,49,21,30,30,20,25,25,17,17,17,17,32,32,32,32,47,25,23,45,45,45,44,24],"gold":74,"neow_bonus":"HUNDRED_GOLD","is_daily":false,"chose_seed":false,"campfire_upgraded":6,"win_rate":0.0,"timestamp":1613105223,"path_taken":["M","M","$","?","M","R","E","M","T","E","R","E","M","?","R","BOSS","M","$","?","?","?","E","R","E","T","?","$","M","R","?","R","BOSS","M","M","?","?","M","R","E","R","T","R","E","$","R","?","R","BOSS","BOSS","R","$","E","BOSS"],"items_purchased_type":["Relic","Card","Card","Card","Card","Relic","Card","Relic","Card","Card","Card","Potion"],"build_version":"2020-12-22","purchased_purges":1,"victory":true,"max_hp_per_floor":[68,68,68,68,68,68,68,68,68,68,68,68,68,68,68,68,68,68,68,47,47,47,47,47,47,47,52,52,52,52,52,52,52,52,52,52,52,52,52,52,52,52,52,52,52,52,52,52,52,52,52,52,52,52,52,52],"relic_stats":{"OrangePellets":[5],"Happy Flower":[3],"counters":[25,136],"Dead Branch":[73],"VioletLotus":[24],"Juzu Bracelet":1,"Ginger":[14],"Medical Kit":[0],"obtain_stats":[{"Girya":23,"Lantern":41,"Happy Flower":55,"Dead Branch":45,"Vajra":12,"Juzu Bracelet":7,"Ginger":10,"Medical Kit":28,"White Beast Statue":9,"OrangePellets":3,"Anchor":28,"Philosopher\u0027s Stone":34,"VioletLotus":17,"Red Mask":21,"PureWater":0,"Toxic Egg 2":26,"Toy Ornithopter":25},{"Girya":13,"Lantern":20,"Happy Flower":24,"Dead Branch":21,"Vajra":8,"Juzu Bracelet":5,"Ginger":7,"Medical Kit":14,"White Beast Statue":6,"OrangePellets":2,"Anchor":14,"Philosopher\u0027s Stone":16,"VioletLotus":10,"Red Mask":12,"PureWater":0,"Toxic Egg 2":14,"Toy Ornithopter":14},{"Girya":57,"Lantern":99,"Happy Flower":127,"Dead Branch":104,"Vajra":28,"Juzu Bracelet":17,"Ginger":25,"Medical Kit":61,"White Beast Statue":19,"OrangePellets":6,"Anchor":61,"Philosopher\u0027s Stone":75,"VioletLotus":42,"Red Mask":51,"PureWater":0,"Toxic Egg 2":61,"Toy Ornithopter":61}],"Toy Ornithopter":42},"card_choices":[{"not_picked":["PathToVictory","Halt"],"picked":"MentalFortress","floor":1.0},{"not_picked":["WindmillStrike","ThirdEye"],"picked":"CutThroughFate","floor":2.0},{"not_picked":["WreathOfFlame","ForeignInfluence"],"picked":"JustLucky","floor":4.0},{"not_picked":["WreathOfFlame","EmptyFist"],"picked":"Blasphemy","floor":5.0},{"not_picked":["ThirdEye","WaveOfTheHand"],"picked":"Halt","floor":7.0},{"not_picked":["PathToVictory","Study"],"picked":"SandsOfTime","floor":8.0},{"not_picked":["Brilliance","FollowUp"],"picked":"EmptyFist","floor":10.0},{"not_picked":["Perseverance","FollowUp"],"picked":"DeusExMachina","floor":12.0},{"not_picked":["Consecrate","Evaluate"],"picked":"Protect","floor":13.0},{"not_picked":["SpiritShield","DeusExMachina"],"picked":"Vault","floor":16.0},{"not_picked":["Evaluate+1","Protect"],"picked":"Crescendo","floor":18.0},{"not_picked":["Vengeance","Consecrate"],"picked":"Ragnarok","floor":21.0},{"not_picked":["FlyingSleeves","WreathOfFlame+1","Brilliance"],"picked":"SKIP","floor":23.0},{"not_picked":["Study","EmptyFist"],"picked":"ThirdEye+1","floor":25.0},{"not_picked":["CarveReality","BowlingBash"],"picked":"FlurryOfBlows","floor":29.0},{"not_picked":["Blasphemy+1","Vault+1"],"picked":"LessonLearned","floor":33.0},{"not_picked":["Consecrate","BattleHymn+1"],"picked":"FlurryOfBlows","floor":35.0},{"not_picked":["BowlingBash","ForeignInfluence+1"],"picked":"Crescendo+1","floor":36.0},{"not_picked":["The Bomb+1","Discovery+1"],"picked":"Dark Shackles+1","floor":38.0},{"not_picked":["Madness+1","Chrysalis+1"],"picked":"Good Instincts+1","floor":38.0},{"not_picked":["FearNoEvil","CrushJoints+1"],"picked":"TalkToTheHand","floor":39.0},{"not_picked":["Wallop","EmptyFist+1"],"picked":"MentalFortress","floor":41.0},{"not_picked":["SandsOfTime","Consecrate"],"picked":"JustLucky","floor":45.0},{"not_picked":["Perseverance+1","Wireheading"],"picked":"Meditate+1","floor":55}],"player_experience":4917506,"relics_obtained":[{"floor":7.0,"key":"Juzu Bracelet"},{"floor":9.0,"key":"White Beast Statue"},{"floor":10.0,"key":"Ginger"},{"floor":12.0,"key":"Vajra"},{"floor":21.0,"key":"Red Mask"},{"floor":23.0,"key":"Girya"},{"floor":25.0,"key":"Toy Ornithopter"},{"floor":26.0,"key":"Toxic Egg 2"},{"floor":41.0,"key":"Lantern"},{"floor":45.0,"key":"Dead Branch"},{"floor":55,"key":"Happy Flower"}],"event_choices":[{"damage_healed":0.0,"max_hp_gain":0.0,"max_hp_loss":0.0,"gold_gain":50.0,"event_name":"Golden Shrine","player_choice":"Pray","floor":14.0,"gold_loss":0.0,"damage_taken":0.0},{"damage_healed":0.0,"max_hp_gain":0.0,"max_hp_loss":21.0,"gold_gain":0.0,"event_name":"Vampires","player_choice":"Became a vampire","floor":20.0,"gold_loss":0.0,"damage_taken":0.0,"cards_obtained":["Bite","Bite","Bite","Bite","Bite"]},{"damage_healed":0.0,"max_hp_gain":0.0,"max_hp_loss":0.0,"gold_gain":0.0,"event_name":"Masked Bandits","player_choice":"Fought Bandits","floor":21.0,"gold_loss":0.0,"damage_taken":0.0},{"damage_healed":0.0,"max_hp_gain":0.0,"max_hp_loss":0.0,"gold_gain":200.0,"event_name":"Wheel of Change","player_choice":"Gold","floor":22.0,"gold_loss":0.0,"damage_taken":0.0},{"damage_healed":0.0,"max_hp_gain":5.0,"max_hp_loss":0.0,"gold_gain":0.0,"event_name":"Forgotten Altar","player_choice":"Shed Blood","floor":27.0,"gold_loss":0.0,"damage_taken":16.0},{"damage_healed":0.0,"max_hp_gain":0.0,"max_hp_loss":0.0,"gold_gain":50.0,"event_name":"Nest","player_choice":"Stole From Cult","floor":31.0,"gold_loss":0.0,"damage_taken":0.0},{"cards_removed":["Defend_P"],"damage_healed":0.0,"max_hp_gain":0.0,"max_hp_loss":0.0,"gold_gain":0.0,"event_name":"Falling","player_choice":"Removed Skill","floor":37.0,"gold_loss":0.0,"damage_taken":0.0},{"damage_healed":0.0,"max_hp_gain":0.0,"max_hp_loss":0.0,"gold_gain":0.0,"event_name":"SensoryStone","player_choice":"Memory 3","floor":38.0,"gold_loss":0.0,"damage_taken":10.0}],"is_beta":false,"boss_relics":[{"not_picked":["Runic Dome","SlaversCollar"],"picked":"VioletLotus"},{"not_picked":["Calling Bell","Sozu"],"picked":"Philosopher\u0027s Stone"}],"items_purged_floors":[19],"is_endless":false,"potions_floor_spawned":[2,4,10,12,13,16,18,21,23,25,29,33,35,36,39,41,45,55],"ascension_level":20}}