{"host":"BK","time":1613169472,"event":{"mods":["BaseMod","Highlight Path","Minty Spire (QoL Compilation)","StSLib"],"gold_per_floor":[115,125,125,137,137,137,170,183,183,202,227,227,270,283,283,376,376,396,100,113,113,113],"floor_reached":21,"language":"ENG","playtime":775,"items_purged":["Strike_B"],"score":486,"play_id":"e8c486f1-a74c-4110-87f5-19a67a8225fa","local_time":"20210212153752","is_ascension_mode":true,"campfire_choices":[{"data":"Lockon","floor":6,"key":"SMITH"},{"floor":15,"key":"REST"}],"circlet_count":0,"master_deck":["AscendersBane","Strike_B","Strike_B","Defend_B","Defend_B","Defend_B","Defend_B","Zap","Dualcast","Lockon+1","Leap","Seek","Ball Lightning","Cold Snap","White Noise","Sweeping Beam","Buffer","Doom and Gloom","Capacitor","Coolheaded","Master of Strategy","BootSequence+1"],"relics":["Cracked Core","NeowsBlessing","NlothsMask","Golden Idol","Prayer Wheel","Torii","Inserter"],"acts_visited":["Exordium","TheCity"],"potions_floor_usage":[11,13,16,16,20],"damage_taken":[{"damage":0,"enemies":"Small Slimes","floor":1,"turns":1},{"damage":0,"enemies":"Cultist","floor":2,"turns":1},{"damage":0,"enemies":"2 Louse","floor":4,"turns":1},{"damage":11,"enemies":"Gremlin Nob","floor":7,"turns":3},{"damage":2,"enemies":"2 Fungi Beasts","floor":8,"turns":3},{"damage":16,"enemies":"Gremlin Gang","floor":10,"turns":4},{"damage":1,"enemies":"Large Slime","floor":11,"turns":4},{"damage":21,"enemies":"Lagavulin","floor":13,"turns":5},{"damage":10,"enemies":"Exordium Wildlife","floor":14,"turns":3},{"damage":0,"enemies":"Slime Boss","floor":16,"turns":6},{"damage":29,"enemies":"Chosen","floor":18,"turns":5},{"damage":31,"enemies":"2 Thieves","floor":20,"turns":3},{"damage":8,"enemies":"Centurion and Healer","floor":21,"turns":3}],"seed_played":"-404262584561256636","potions_obtained":[{"floor":1,"key":"FearPotion"},{"floor":10,"key":"Fruit Juice"},{"floor":11,"key":"Fruit Juice"},{"floor":13,"key":"Strength Potion"},{"floor":18,"key":"DuplicationPotion"}],"is_trial":false,"path_per_floor":["M","M","?","M","?","R","E","M","T","M","M","?","E","M","R","B",null,"M","$","M","M"],"character_chosen":"DEFECT","items_purchased":["Coolheaded","Master of Strategy"],"campfire_rested":1,"item_purchase_floors":[19,19],"current_hp_per_floor":[64,64,64,64,64,64,53,51,51,35,39,39,23,13,35,35,64,35,35,4,0,0],"gold":113,"neow_bonus":"THREE_ENEMY_KILL","is_daily":false,"chose_seed":false,"campfire_upgraded":1,"win_rate":0.0,"timestamp":1613169472,"path_taken":["M","M","?","?","?","R","E","M","T","M","M","?","E","M","R","BOSS","M","$","M","M"],"items_purchased_type":["Card","Card"],"build_version":"2020-12-18","purchased_purges":1,"victory":false,"max_hp_per_floor":[71,71,71,71,64,64,64,64,64,64,69,69,74,74,74,74,74,74,74,74,74,74],"card_choices":[{"not_picked":["Chill","Turbo"],"picked":"Lockon","floor":1},{"not_picked":["Go for the Eyes","Conserve Battery"],"picked":"Leap","floor":2},{"not_picked":["Force Field","Blizzard"],"picked":"Seek","floor":4},{"not_picked":["Scrape","Storm","Stack"],"picked":"SKIP","floor":7},{"not_picked":["FTL","White Noise"],"picked":"Ball Lightning","floor":8},{"not_picked":["Double Energy","Self Repair","Lockon"],"picked":"SKIP","floor":8},{"not_picked":["Storm","Compile Driver","Hologram"],"picked":"SKIP","floor":10},{"not_picked":["Tempest","Force Field","Reprogram"],"picked":"SKIP","floor":10},{"not_picked":["Storm","Compile Driver","Hologram"],"picked":"SKIP","floor":10},{"not_picked":["Tempest","Force Field","Reprogram"],"picked":"SKIP","floor":10},{"not_picked":["Hologram","Barrage"],"picked":"Cold Snap","floor":11},{"not_picked":["Beam Cell","Barrage","Scrape"],"picked":"SKIP","floor":11},{"not_picked":["Rainbow","Hologram"],"picked":"White Noise","floor":13},{"not_picked":["Defragment","Creative AI"],"picked":"Sweeping Beam","floor":14},{"not_picked":["Compile Driver","Hologram","Rebound"],"picked":"SKIP","floor":14},{"not_picked":["Meteor Strike","Thunder Strike"],"picked":"Buffer","floor":16},{"not_picked":["Coolheaded","Cold Snap"],"picked":"Doom and Gloom","floor":18},{"not_picked":["Conserve Battery","Stack"],"picked":"Capacitor","floor":18},{"not_picked":["Tempest+1","Redo"],"picked":"BootSequence+1","floor":20},{"not_picked":["Steam Power","Loop","Hello World"],"picked":"SKIP","floor":20}],"player_experience":2565318,"relics_obtained":[{"floor":7,"key":"Prayer Wheel"},{"floor":13,"key":"Torii"}],"event_choices":[{"damage_healed":0,"gold_gain":0,"player_choice":"Trade","damage_taken":0,"relics_obtained":["NlothsMask"],"max_hp_gain":0,"max_hp_loss":0,"event_name":"FaceTrader","floor":3,"gold_loss":0},{"damage_healed":0,"gold_gain":0,"player_choice":"Lose Max HP","damage_taken":0,"relics_obtained":["Golden Idol"],"max_hp_gain":0,"max_hp_loss":7,"event_name":"Golden Idol","floor":5,"gold_loss":0},{"cards_removed":["Strike_B"],"damage_healed":0,"gold_gain":0,"player_choice":"Offered Basic","damage_taken":0,"max_hp_gain":0,"max_hp_loss":0,"event_name":"Bonfire Elementals","floor":12,"gold_loss":0}],"is_beta":true,"boss_relics":[{"not_picked":["Philosopher\u0027s Stone","Busted Crown"],"picked":"Inserter"}],"items_purged_floors":[19],"is_endless":false,"potions_floor_spawned":[1,10,11,13,14,18],"killed_by":"Centurion and Healer","ascension_level":20}}