{"host":"gh97pv908ci4ql26","time":1613107702,"event":{"mods":["AchievementEnabler","BaseMod","Better Altar","Better Match","Better Note","Better Sensory Stone","Better Skull","Better Third Choice","Block Reminder","Colored Powertips","Curses Come First","Disable Question Mark Monsters","Displayed Cursed Tome","Emptier Cage","Highlight Path","Marisa????????","Minty Spire (QoL Compilation)","Permanent Neow","Poor People Problems","Quick Restart","Rare Cards Sparkle","Relic Sorter","Shop Mod","Smile Girya","StSLib","The Marked","everything is the same but u backflip on backflip","slay the spire mod where everything is the same but ironclad has a cowboy hat"],"gold_per_floor":[110,110,126,126,146,175,205,205,231,231,273,306,361,426,426,554,554,602,602,618,618,662,662,577,577,577,149,149,176,176,236,236,372,372,385,385,399,399,457,457,506,61,61,96,96,96],"floor_reached":45,"language":"ENG","playtime":5191,"items_purged":["Parasite"],"score":458,"play_id":"6cc87cf6-167b-4dbd-8be0-d0b75565b6fd","local_time":"20210211212822","is_ascension_mode":false,"campfire_choices":[{"floor":8,"key":"REST"},{"data":"OneTimeOff","floor":10,"key":"SMITH"},{"data":"The Bomb","floor":15,"key":"SMITH"},{"floor":23,"key":"REST"},{"data":"WitchOfGreed","floor":25,"key":"SMITH"},{"data":"Enlightenment","floor":28,"key":"SMITH"},{"data":"CollectingQuirk","floor":32,"key":"SMITH"},{"floor":40,"key":"RECALL"}],"circlet_count":0,"master_deck":["Strike_MRS","Strike_MRS","Strike_MRS","Defend_MRS","Defend_MRS","Defend_MRS","Defend_MRS","MasterSpark+1","UpSweep","Dramatic Entrance","OneTimeOff+1","The Bomb+1","SporeBomb","Acceleration","ShootingEcho+1","WitchOfGreed+1","BinaryStars","WitchOfGreed","DeepEcoloBomb","CollectingQuirk+1","Necronomicurse","NonDirectionalLaser+1","Enlightenment+1","CasketOfStar","PropBag+1","FinalSpark","CurseOfTheBell","OrrerysSun","PropBag","Orbital","Panacea","PulseMagic"],"relics":["MiniHakkero","Centennial Puzzle","Blood Vial","Smiling Mask","Bottled Flame","ExperimentalFamiliar","Necronomicon","Darkstone Periapt","Eternal Feather","Mummified Hand","Gremlin Horn","Calling Bell","Nunchaku","Pear","Du-Vu Doll","MealTicket","Vajra","Whetstone","Kunai","Letter Opener"],"acts_visited":["Exordium","TheCity","TheBeyond"],"potions_floor_usage":[13,16,20,20,29,33,35,39,39,44,44,45,45],"damage_taken":[{"damage":1,"enemies":"Jaw Worm","floor":1,"turns":4},{"damage":0,"enemies":"2 Louse","floor":3,"turns":1},{"damage":0,"enemies":"Cultist","floor":5,"turns":3},{"damage":13,"enemies":"Lagavulin","floor":6,"turns":5},{"damage":2,"enemies":"2 Fungi Beasts","floor":7,"turns":3},{"damage":10,"enemies":"3 Sentries","floor":11,"turns":3},{"damage":8,"enemies":"Gremlin Gang","floor":12,"turns":4},{"damage":9,"enemies":"Lagavulin","floor":13,"turns":8},{"damage":30,"enemies":"Slime Boss","floor":16,"turns":7},{"damage":26,"enemies":"Shell Parasite","floor":18,"turns":4},{"damage":2,"enemies":"3 Byrds","floor":20,"turns":3},{"damage":13,"enemies":"3 Cultists","floor":22,"turns":4},{"damage":16,"enemies":"Cultist and Chosen","floor":29,"turns":5},{"damage":2,"enemies":"Shelled Parasite and Fungi","floor":31,"turns":3},{"damage":33,"enemies":"Automaton","floor":33,"turns":7},{"damage":36,"enemies":"3 Shapes","floor":35,"turns":2},{"damage":0,"enemies":"3 Darklings","floor":37,"turns":1},{"damage":53,"enemies":"Writhing Mass","floor":39,"turns":5},{"damage":20,"enemies":"Jaw Worm Horde","floor":44,"turns":2},{"damage":40,"enemies":"Transient","floor":45,"turns":3}],"seed_played":"-2711893817964523512","potions_obtained":[{"floor":5,"key":"SteroidPotion"},{"floor":6,"key":"BottledSpark"},{"floor":7,"key":"GamblersBrew"},{"floor":7,"key":"SneckoOil"},{"floor":12,"key":"SneckoOil"},{"floor":16,"key":"SpeedPotion"},{"floor":16,"key":"Regen Potion"},{"floor":18,"key":"AttackPotion"},{"floor":22,"key":"GamblersBrew"},{"floor":22,"key":"BottledSpark"},{"floor":22,"key":"FearPotion"},{"floor":33,"key":"Energy Potion"},{"floor":33,"key":"ColorlessPotion"},{"floor":39,"key":"Block Potion"},{"floor":39,"key":"DistilledChaos"},{"floor":44,"key":"BottledSpark"},{"floor":44,"key":"ShroomBrew"}],"is_trial":false,"path_per_floor":["M","?","M","?","M","E","M","R","T","R","E","M","E","?","R","B",null,"M","?","M","?","M","R","?","R","T","$","R","M","?","M","R","B",null,"M","?","M","?","M","R","T","$","T","M","M"],"character_chosen":"MARISA","items_purchased":["Enlightenment","OrrerysSun","Mummified Hand","MealTicket","Panacea","Vajra"],"campfire_rested":2,"item_purchase_floors":[27,27,27,42,42,42],"current_hp_per_floor":[74,74,74,74,74,61,59,75,75,75,65,59,52,52,52,24,75,49,49,49,33,22,44,44,44,44,44,56,42,42,42,57,26,91,55,55,57,57,24,42,42,42,42,24,0,0],"gold":96,"neow_bonus":"RANDOM_COLORLESS","is_daily":false,"chose_seed":false,"campfire_upgraded":5,"win_rate":0.0,"timestamp":1613107702,"path_taken":["M","?","M","?","?","E","M","R","T","R","E","M","E","?","R","BOSS","M","?","M","?","M","R","?","R","T","$","R","M","?","M","R","BOSS","M","?","M","?","M","R","?","$","T","?","M"],"items_purchased_type":["Card","Card","Relic","Relic","Card","Relic"],"build_version":"2020-12-22","purchased_purges":1,"victory":false,"max_hp_per_floor":[75,75,75,75,75,75,75,75,75,75,75,75,75,75,75,75,75,75,75,75,75,75,75,75,75,75,75,75,75,75,75,75,75,91,91,91,91,91,97,97,97,94,94,94,94,94],"card_choices":[{"not_picked":["Purity","PanicButton"],"picked":"Dramatic Entrance","floor":0},{"not_picked":["UnstableBomb","6A"],"picked":"OneTimeOff","floor":1},{"not_picked":["Purity","Madness"],"picked":"The Bomb","floor":2},{"not_picked":["ManaConvection","Orbital"],"picked":"SporeBomb","floor":3},{"not_picked":["DC","OrrerysSun"],"picked":"ShootingEcho","floor":5},{"not_picked":["MysteriousBeam","Singularity"],"picked":"WitchOfGreed","floor":6},{"not_picked":["DarkSpark","UnstableBomb","GalacticHalo"],"picked":"SKIP","floor":7},{"not_picked":["RefractionSpark","DoubleSpark"],"picked":"BinaryStars","floor":11},{"not_picked":["PowerUp","MeteoricShower"],"picked":"WitchOfGreed","floor":12},{"not_picked":["DoubleSpark","Acceleration"],"picked":"DeepEcoloBomb","floor":13},{"not_picked":["BlazingStar","JA"],"picked":"CollectingQuirk","floor":16},{"not_picked":["EnergyRecoil","GrandCross","LuminesStrike"],"picked":"SKIP","floor":18},{"not_picked":["EnergyRecoil","GrandCross","LuminesStrike"],"picked":"SKIP","floor":18},{"not_picked":["SporeBomb","6A","Acceleration"],"picked":"SKIP","floor":20},{"not_picked":["DoubleSpark","AlicesGift"],"picked":"NonDirectionalLaser+1","floor":22},{"not_picked":["GravityBeat","Acceleration+1"],"picked":"CasketOfStar","floor":29},{"not_picked":["GravityBeat+1","6A+1"],"picked":"PropBag+1","floor":31},{"not_picked":["TreasureHunter","StarDustReverie"],"picked":"FinalSpark","floor":33},{"not_picked":["ShootingEcho+1","MysteriousBeam"],"picked":"OrrerysSun","floor":35},{"not_picked":["Acceleration+1","PowerUp"],"picked":"PropBag","floor":37},{"not_picked":["GravityBeat+1","FinalSpark"],"picked":"Orbital","floor":39},{"not_picked":["LuminesStrike+1","MilkyWay"],"picked":"PulseMagic","floor":44}],"player_experience":125466,"relics_obtained":[{"floor":6,"key":"Centennial Puzzle"},{"floor":9,"key":"Blood Vial"},{"floor":11,"key":"Smiling Mask"},{"floor":13,"key":"Bottled Flame"},{"floor":26,"key":"Eternal Feather"},{"floor":34,"key":"Nunchaku"},{"floor":34,"key":"Pear"},{"floor":34,"key":"Du-Vu Doll"},{"floor":43,"key":"Whetstone"}],"event_choices":[{"damage_healed":0,"gold_gain":1,"player_choice":"1","damage_taken":0,"max_hp_gain":0,"max_hp_loss":0,"event_name":"betterStone:BetterStone","floor":2,"gold_loss":0},{"damage_healed":0,"gold_gain":0,"cards_transformed":["Strike_MRS"],"player_choice":"Transformed","damage_taken":0,"max_hp_gain":0,"max_hp_loss":0,"event_name":"Transmorgrifier","floor":4,"gold_loss":0,"cards_obtained":["Acceleration"]},{"damage_healed":0,"gold_gain":65,"player_choice":"Gained Gold","damage_taken":0,"max_hp_gain":0,"max_hp_loss":0,"event_name":"Golden Wing","floor":14,"gold_loss":0},{"damage_healed":0,"gold_gain":0,"player_choice":"Ignored","damage_taken":0,"max_hp_gain":0,"max_hp_loss":0,"event_name":"betterNote:BetterNote","floor":19,"gold_loss":0,"cards_obtained":["Seeing Red"]},{"damage_healed":0,"gold_gain":0,"player_choice":"Obtained Book","damage_taken":16,"max_hp_gain":0,"max_hp_loss":0,"event_name":"Cursed Tome","floor":21,"gold_loss":0},{"damage_healed":0,"gold_gain":0,"player_choice":"Obtained Relic","damage_taken":0,"relics_obtained":["Darkstone Periapt"],"max_hp_gain":0,"max_hp_loss":0,"event_name":"Addict","floor":24,"gold_loss":85},{"damage_healed":0,"gold_gain":0,"player_choice":"Opened","damage_taken":0,"relics_obtained":["Gremlin Horn"],"max_hp_gain":0,"max_hp_loss":0,"event_name":"The Mausoleum","floor":30,"gold_loss":0},{"cards_removed":["OrrerysSun"],"damage_healed":0,"gold_gain":0,"player_choice":"Removed Power","damage_taken":0,"max_hp_gain":0,"max_hp_loss":0,"event_name":"Falling","floor":36,"gold_loss":0},{"damage_healed":0,"gold_gain":0,"player_choice":"Ignored","damage_taken":0,"max_hp_gain":0,"max_hp_loss":0,"event_name":"Tomb of Lord Red Mask","floor":38,"gold_loss":0}],"is_beta":false,"boss_relics":[{"not_picked":["Astrolabe","Busted Crown"],"picked":"ExperimentalFamiliar"},{"not_picked":["Runic Pyramid","SacredBark"],"picked":"Calling Bell"}],"items_purged_floors":[42],"is_endless":false,"potions_floor_spawned":[5,6,7,22,33,39,44],"killed_by":"Transient","ascension_level":0}}