{"host":"y0xh955wy0xwdoys","time":1613102188,"event":{"mods":["AchievementEnabler","BaseMod","Colored Powertips","Minty Spire (QoL Compilation)","Relic Sorter"],"gold_per_floor":[111,121,134,134,9,50,50,126,126,126,140,86,99,117,117,246,246,265,95,114,135,135,173,173,198,198,198,223,223,223,223,223,352,352,375,393,296,296,315,359,377,413,413,426,478,492,523,523,523,523],"floor_reached":51,"language":"ENG","playtime":3864,"items_purged":["Injury","Cleave"],"score":934,"play_id":"55398a52-616a-4435-81eb-a2e9a3c43d24","local_time":"20210211195628","daily_mods":["SealedDeck","Vintage","Diverse"],"is_ascension_mode":false,"campfire_choices":[{"data":"Cloak And Dagger","floor":7,"key":"SMITH"},{"data":"TalkToTheHand","floor":10,"key":"SMITH"},{"data":"Dagger Spray","floor":15,"key":"SMITH"},{"data":"Beam Cell","floor":24,"key":"SMITH"},{"data":"SashWhip","floor":27,"key":"SMITH"},{"floor":32,"key":"REST"},{"floor":49,"key":"REST"}],"circlet_count":0,"master_deck":["Dagger Spray+1","TalkToTheHand+1","Cloak And Dagger+1","CutThroughFate+1","CutThroughFate+1","Gash+1","SashWhip+1","Beam Cell+1","Dagger Throw+1","Noxious Fumes","Deadly Poison","DeusExMachina","Dagger Spray+1","Defend_B+1","Deflect+1","Seek+1","Sword Boomerang+1","Chaos+1"],"relics":["Ring of the Snake","Akabeko","Ornamental Fan","Molten Egg 2","Juzu Bracelet","Golden Idol","Pear","Ninja Scroll","Bottled Lightning","Pantograph","Runic Pyramid","Anchor","Oddly Smooth Stone","Strawberry","Toxic Egg 2","Toy Ornithopter","MealTicket","Paper Crane","Matryoshka","MutagenicStrength","Busted Crown","Snake Skull","Smiling Mask","Whetstone","Blood Vial","Boot","Ancient Tea Set","Regal Pillow","Art of War","Vajra","Omamori","Dream Catcher","CeramicFish","Letter Opener"],"acts_visited":["Exordium","TheCity","TheBeyond"],"potions_floor_usage":[16,16,16,33,33,33,35,50,50],"damage_taken":[{"damage":8,"enemies":"Jaw Worm","floor":1,"turns":2},{"damage":0,"enemies":"2 Louse","floor":2,"turns":1},{"damage":0,"enemies":"Cultist","floor":3,"turns":2},{"damage":0,"enemies":"Gremlin Nob","floor":6,"turns":2},{"damage":0,"enemies":"2 Fungi Beasts","floor":11,"turns":2},{"damage":0,"enemies":"Gremlin Gang","floor":13,"turns":1},{"damage":0,"enemies":"Red Slaver","floor":14,"turns":1},{"damage":0,"enemies":"Hexaghost","floor":16,"turns":4},{"damage":0,"enemies":"3 Byrds","floor":18,"turns":2},{"damage":0,"enemies":"Spheric Guardian","floor":20,"turns":2},{"damage":5,"enemies":"Snake Plant","floor":21,"turns":3},{"damage":0,"enemies":"Gremlin Leader","floor":23,"turns":3},{"damage":0,"enemies":"Snecko","floor":25,"turns":3},{"damage":0,"enemies":"Centurion and Healer","floor":28,"turns":3},{"damage":7,"enemies":"Automaton","floor":33,"turns":6},{"damage":0,"enemies":"3 Shapes","floor":35,"turns":1},{"damage":0,"enemies":"Orb Walker","floor":36,"turns":2},{"damage":0,"enemies":"3 Darklings","floor":39,"turns":1},{"damage":0,"enemies":"Giant Head","floor":40,"turns":6},{"damage":0,"enemies":"Writhing Mass","floor":41,"turns":3},{"damage":0,"enemies":"Nemesis","floor":42,"turns":3},{"damage":0,"enemies":"Jaw Worm Horde","floor":44,"turns":1},{"damage":0,"enemies":"Spire Growth","floor":46,"turns":2},{"damage":1,"enemies":"Reptomancer","floor":47,"turns":3},{"damage":17,"enemies":"Awakened One","floor":50,"turns":7}],"seed_played":"1558171199005832480","potions_obtained":[{"floor":1,"key":"EssenceOfSteel"},{"floor":6,"key":"ColorlessPotion"},{"floor":11,"key":"Fire Potion"},{"floor":14,"key":"Energy Potion"},{"floor":20,"key":"SpeedPotion"},{"floor":25,"key":"Explosive Potion"},{"floor":28,"key":"Explosive Potion"},{"floor":35,"key":"Fruit Juice"},{"floor":39,"key":"SpeedPotion"},{"floor":41,"key":"Strength Potion"},{"floor":44,"key":"Fire Potion"}],"is_trial":true,"path_per_floor":["M","M","M","?","$","E","R","?","T","R","M","$","M","M","R","B",null,"M","$","M","M","?","E","R","M","T","R","M","?","?","?","R","B",null,"M","M","$","?","M","E","M","E","T","M","T","M","E","?","R","B",null],"character_chosen":"THE_SILENT","items_purchased":["Dagger Throw+1","Deadly Poison","Dagger Spray+1","Oddly Smooth Stone","Sword Boomerang+1"],"campfire_rested":2,"item_purchase_floors":[5,12,19,19,37],"current_hp_per_floor":[62,62,62,62,62,72,72,72,72,72,72,72,72,72,72,80,80,80,80,87,82,82,82,82,82,82,82,82,66,66,66,87,80,87,92,92,92,92,92,92,92,92,92,92,92,92,91,87,87,70],"gold":523,"neow_bonus":"","is_daily":false,"chose_seed":false,"campfire_upgraded":5,"win_rate":0.0,"timestamp":1613102188,"path_taken":["M","M","M","?","$","E","R","?","T","R","M","?","M","M","R","BOSS","M","$","M","M","?","E","R","M","T","R","M","?","?","?","R","BOSS","M","M","$","?","M","E","M","E","T","M","?","M","E","?","R","BOSS"],"items_purchased_type":["Card","Card","Card","Relic","Card"],"build_version":"2020-12-22","purchased_purges":2,"victory":true,"max_hp_per_floor":[70,70,70,70,70,80,80,80,80,80,80,80,80,80,80,80,80,80,80,87,87,87,87,87,87,87,87,87,87,87,87,87,87,87,92,92,92,92,92,92,92,92,92,92,92,92,92,87,87,87],"card_choices":[{"not_picked":["EmptyFist+1","Escape Plan"],"picked":"Noxious Fumes","floor":6},{"not_picked":["Alpha","Night Terror"],"picked":"DeusExMachina","floor":16},{"not_picked":["Perfected Strike+1","Disarm+1"],"picked":"Deflect+1","floor":23},{"not_picked":["Brutality","Reaper+1"],"picked":"Seek+1","floor":33},{"not_picked":["ThirdEye+1"],"picked":"SKIP","floor":40},{"not_picked":[],"picked":"Chaos+1","floor":42},{"not_picked":["Envenom"],"picked":"SKIP","floor":47}],"player_experience":84250,"relics_obtained":[{"floor":1,"key":"Molten Egg 2"},{"floor":2,"key":"Juzu Bracelet"},{"floor":3,"key":"Akabeko"},{"floor":6,"key":"Pear"},{"floor":9,"key":"Ornamental Fan"},{"floor":11,"key":"Ninja Scroll"},{"floor":13,"key":"Bottled Lightning"},{"floor":14,"key":"Pantograph"},{"floor":18,"key":"Anchor"},{"floor":20,"key":"Strawberry"},{"floor":21,"key":"Toxic Egg 2"},{"floor":23,"key":"Toy Ornithopter"},{"floor":25,"key":"MealTicket"},{"floor":26,"key":"Paper Crane"},{"floor":28,"key":"Matryoshka"},{"floor":35,"key":"Snake Skull"},{"floor":36,"key":"Smiling Mask"},{"floor":39,"key":"Whetstone"},{"floor":40,"key":"Blood Vial"},{"floor":41,"key":"Boot"},{"floor":42,"key":"Ancient Tea Set"},{"floor":43,"key":"Regal Pillow"},{"floor":43,"key":"Art of War"},{"floor":44,"key":"Vajra"},{"floor":45,"key":"Omamori"},{"floor":45,"key":"Dream Catcher"},{"floor":46,"key":"CeramicFish"},{"floor":47,"key":"Letter Opener"}],"event_choices":[{"damage_healed":0,"gold_gain":0,"player_choice":"Take Wound","damage_taken":0,"relics_obtained":["Golden Idol"],"max_hp_gain":0,"max_hp_loss":0,"event_name":"Golden Idol","floor":4,"gold_loss":0,"cards_obtained":["Injury"]},{"damage_healed":0,"gold_gain":76,"player_choice":"Gained Gold","damage_taken":0,"max_hp_gain":0,"max_hp_loss":0,"event_name":"Golden Wing","floor":8,"gold_loss":0},{"cards_removed":["Pommel Strike"],"damage_healed":0,"gold_gain":0,"player_choice":"Took Card","damage_taken":0,"max_hp_gain":0,"max_hp_loss":0,"event_name":"NoteForYourself","floor":22,"gold_loss":0,"cards_obtained":["Defend_B"]},{"damage_healed":0,"gold_gain":0,"player_choice":"Obtained Book","damage_taken":16,"max_hp_gain":0,"max_hp_loss":0,"event_name":"Cursed Tome","floor":29,"gold_loss":0},{"damage_healed":0,"gold_gain":0,"player_choice":"Inject Mutagens","damage_taken":0,"relics_obtained":["MutagenicStrength"],"max_hp_gain":0,"max_hp_loss":0,"event_name":"Drug Dealer","floor":30,"gold_loss":0},{"damage_healed":0,"gold_gain":0,"player_choice":"Upgraded","damage_taken":0,"max_hp_gain":0,"max_hp_loss":0,"event_name":"Upgrade Shrine","floor":31,"gold_loss":0,"cards_upgraded":["CutThroughFate"]},{"damage_healed":0,"gold_gain":0,"player_choice":"Upgraded","damage_taken":0,"max_hp_gain":0,"max_hp_loss":0,"event_name":"Upgrade Shrine","floor":38,"gold_loss":0,"cards_upgraded":["CutThroughFate"]},{"damage_healed":0,"gold_gain":0,"player_choice":"Max HP","damage_taken":0,"max_hp_gain":0,"max_hp_loss":5,"event_name":"Winding Halls","floor":48,"gold_loss":0}],"is_beta":false,"boss_relics":[{"not_picked":["Sozu","Ectoplasm"],"picked":"Runic Pyramid"},{"not_picked":["Black Star","Astrolabe"],"picked":"Busted Crown"}],"items_purged_floors":[5,37],"is_endless":false,"potions_floor_spawned":[1,6,11,14,20,25,28,35,39,41,44],"ascension_level":0}}