{"host":"cb9xh4d0ss8ax8yb","time":1613107912,"event":{"mods":["100% Spire Juice","BaseMod","Good Game Mod","Jess\u0027s Bottle","Minty Spire (QoL Compilation)","StSLib","The Cursed","The Dragon Tamer","The Gatherer"],"gold_per_floor":[109,179,129,129,143,176,190,190,217,244,244,419,419,433,433,433,433],"floor_reached":16,"language":"KOR","playtime":1507,"items_purged":[],"score":160,"play_id":"b1ce1a46-3024-40fc-b913-b1ebedacd257","local_time":"20210212143152","is_ascension_mode":true,"campfire_choices":[{"data":"TheCursedMod:CollectTribute","floor":8,"key":"SMITH"},{"data":"TheCursedMod:DemonicPact","floor":13,"key":"SMITH"},{"data":"TheCursedMod:CleanUpWorkshop","floor":15,"key":"SMITH"}],"circlet_count":0,"master_deck":["TheCursedMod:CursedWand","TheCursedMod:CleanUpWorkshop+1","TheCursedMod:CursedAmulet","TheCursedMod:RapidMovement","TheCursedMod:Grudge+1","TheCursedMod:DemonicPact+1","TheCursedMod:LuckyCharm","TheCursedMod:SpitefulPlan","TheCursedMod:CollectTribute+1","TheCursedMod:Grudge+1","TheCursedMod:CircleOfAmplification+1","Doubt"],"relics":["TheCursedMod:CrystalBall","REME:ComplimentaryCards","Strawberry","Toxic Egg 2","Pen Nib","Centennial Puzzle","Toy Ornithopter"],"acts_visited":["Exordium"],"potions_floor_usage":[7,10,10],"damage_taken":[{"damage":0,"enemies":"Cultist","floor":1,"turns":4},{"damage":9,"enemies":"2 Louse","floor":5,"turns":3},{"damage":0,"enemies":"Lagavulin","floor":6,"turns":5},{"damage":9,"enemies":"Jaw Worm","floor":7,"turns":3},{"damage":8,"enemies":"3 Sentries","floor":10,"turns":5},{"damage":0,"enemies":"Exordium Thugs","floor":14,"turns":4},{"damage":50,"enemies":"Hexaghost","floor":16,"turns":23}],"seed_played":"-6344706037653857059","potions_obtained":[{"floor":5,"key":"Swift Potion"},{"floor":6,"key":"TheCursedMod:DregsPotion"},{"floor":7,"key":"Energy Potion"}],"is_trial":false,"path_per_floor":["M","T","?","$","M","E","M","R","T","E","?","?","R","M","R","B"],"character_chosen":"THE_CURSED","items_purchased":[],"campfire_rested":0,"item_purchase_floors":[],"current_hp_per_floor":[82,82,82,82,73,73,64,64,64,56,49,49,49,49,49,0,0],"gold":433,"neow_bonus":"RANDOM_COMMON_RELIC","is_daily":false,"chose_seed":false,"campfire_upgraded":3,"win_rate":0.0,"timestamp":1613107912,"path_taken":["M","?","?","?","?","E","M","R","T","E","?","?","R","M","R","BOSS"],"items_purchased_type":[],"build_version":"2020-12-22","purchased_purges":0,"victory":false,"max_hp_per_floor":[82,82,82,82,82,82,82,82,82,82,82,82,82,82,82,82,82],"card_choices":[{"not_picked":["TheCursedMod:SpreadPlague","TheCursedMod:CircleOfFocus","TheCursedMod:SoulReap"],"picked":"SKIP","floor":1},{"not_picked":["TheCursedMod:WearCloak+1","TheCursedMod:RavingStaff","TheCursedMod:SoulReap"],"picked":"SKIP","floor":5},{"not_picked":["TheCursedMod:SmokeScreen+1","TheCursedMod:Stigma","TheCursedMod:Stretching+1"],"picked":"SKIP","floor":6},{"not_picked":["TheCursedMod:CursedAmulet+1","TheCursedMod:SmokeScreen+1"],"picked":"TheCursedMod:CircleOfAmplification+1","floor":7},{"not_picked":["TheCursedMod:Obscuration+1","TheCursedMod:SpitefulStrike","TheCursedMod:RavingStaff"],"picked":"SKIP","floor":10},{"not_picked":["TheCursedMod:TroublousMinions+1","TheCursedMod:Neurasthenia+1","TheCursedMod:Wield"],"picked":"SKIP","floor":14}],"player_experience":499343,"relics_obtained":[{"floor":2,"key":"Toxic Egg 2"},{"floor":6,"key":"Pen Nib"},{"floor":9,"key":"Centennial Puzzle"},{"floor":10,"key":"Toy Ornithopter"}],"event_choices":[{"cards_removed":["TheCursedMod:AshesToAshes"],"damage_healed":0,"gold_gain":0,"player_choice":"Card Removal","damage_taken":7,"max_hp_gain":0,"max_hp_loss":0,"event_name":"Golden Wing","floor":11,"gold_loss":0},{"damage_healed":0,"gold_gain":175,"player_choice":"AGREE","damage_taken":0,"max_hp_gain":0,"max_hp_loss":0,"event_name":"Liars Game","floor":12,"gold_loss":0,"cards_obtained":["Doubt"]}],"is_beta":false,"boss_relics":[],"items_purged_floors":[],"is_endless":false,"potions_floor_spawned":[5,6,7],"killed_by":"Hexaghost","ascension_level":4}}