{"host":"d73an99q9oevilk5","time":1613138415,"event":{"mods":["2.2 Compatiblity","AchievementEnabler","Act Like it!","Aspiration","BaseMod","Beaked The Cultist","Better Third Choice","BetterRewards","Colored Map","Colored Powertips","Conspire","Downfall","GifTheSpireLib","GungeonMod","Halation","Hubris","Infinite Spire","Marisa????????","Mimic Mod","Minty Spire (QoL Compilation)","Quick Restart","Relic Sorter","Reliquary","Replay The Spire","Shop Mod","Spikes Relics","StSLib","Stuff the Spire","The Bug Knight","The Cursed","The Jungle","The Necromancer","The Saiyan","Waifu the Spire","egg","slay the spire mod where everything is the same but ironclad has a cowboy hat"],"gold_per_floor":[99,109,109,120,30,45,71,81,81,108,108,140,140,88,103,203,203,95,95,95,30,45,62,62,90,106,121,147,197,214,232,255,364,364,364,386,401,451,451,476,476,476,508,611,397,419,419,493,515,521],"floor_reached":51,"language":"ENG","playtime":2541,"items_purged":["downfall:Malfunctioning"],"score":886,"play_id":"afdcd459-e3e8-4341-8a16-8d637f8c2234","local_time":"20210212070015","is_ascension_mode":false,"campfire_choices":[{"floor":1,"key":"RECALL"},{"data":"Slimebound:LevelUp","floor":9,"key":"SMITH"},{"floor":11,"key":"REST"},{"data":"Slimebound:SplitMire","floor":13,"key":"SMITH"},{"data":"Slimebound:LevelUp","floor":35,"key":"SMITH"},{"data":"Slimebound:LivingWall","floor":42,"key":"SMITH"}],"circlet_count":0,"master_deck":["Slimebound:Strike_Slimebound","Slimebound:Strike_Slimebound","Slimebound:Defend_Slimebound","Slimebound:Defend_Slimebound","Slimebound:Defend_Slimebound+1","Slimebound:Defend_Slimebound","Slimebound:Split+1","Slimebound:LevelUp+1","Slimebound:SplitMire","Slimebound:LevelUp+1","Slimebound:LeechEnergy+1","Slimebound:SplitMire+1","Slimebound:LivingWall+1","Slimebound:LivingWall","Slimebound:LivingWall+1","Slimebound:ServeAndProtect+1","Slimebound:Teamwork+1","Slimebound:LevelUp+1","Slimebound:DisruptingSlam","ReplayTheSpireMod:From All Sides","All Out Attack","Expertise","Slimebound:SplitBruiser","Slimebound:SplitAcid","Slimebound:SlimeSpikes+1","Slimebound:SplitLeeching","Slimebound:GoopSpray+1","Slimebound:Nibble+1","Slimebound:LeechingTouch","Slimebound:Prepare","Slimebound:LeechLife+1","Slimebound:ProtectTheBoss","Slimebound:SlimeBrawl","Slimebound:FirmFortitude","Slimebound:LivingWall+1","expansioncontent:DashGenerateEvil","Slimebound:Darklings"],"relics":["Slimebound:AbsorbEndCombat","DemoMod:PoisonVial","infinitespire:Eraser","StuffTheSpire:NeowsTribute","Happy Flower","reliquary:RoseTintedGlasses","halation:HeavySnake","downfall:HeartBlessingGreen","downfall:HeartBlessingRed","ReplayTheSpireMod:Lightbulb","infinitespire:BottledMercury","halation:IllGainedPizza","Tiny House","Painkiller Herb","Replay:Towering Pillar of Hats","halation:EternalFortune","DemoMod:GlassGuonStoneRelic","reliquary:TridentHead","reliquary:FerryPass","Potion Belt","PreservedInsect","reliquary:PartyBalloon","reliquary:BoilingFlask"],"acts_visited":["Exordium","TheCity","TheBeyond"],"potions_floor_usage":[14,14,16,26,28,33,45,46,49,50,50,50],"damage_taken":[{"damage":2,"enemies":"2 Louse","floor":2,"turns":3},{"damage":0,"enemies":"Cultist","floor":4,"turns":4},{"damage":5,"enemies":"downfall:FleeingMerchant","floor":5,"turns":4},{"damage":5,"enemies":"Small Slimes","floor":6,"turns":3},{"damage":25,"enemies":"Exordium Thugs","floor":8,"turns":4},{"damage":20,"enemies":"HollowMod:MossKnight","floor":10,"turns":6},{"damage":33,"enemies":"Gremlin Nob","floor":12,"turns":4},{"damage":5,"enemies":"downfall:FleeingMerchant","floor":14,"turns":4},{"damage":4,"enemies":"conspire:2 RoseBushes","floor":15,"turns":4},{"damage":21,"enemies":"WA_ARCHETYPE_RETAIN","floor":16,"turns":8},{"damage":8,"enemies":"downfall:FleeingMerchant","floor":21,"turns":4},{"damage":0,"enemies":"Chosen","floor":22,"turns":5},{"damage":17,"enemies":"Centurion and Healer","floor":23,"turns":5},{"damage":0,"enemies":"Book of Stabbing","floor":25,"turns":4},{"damage":20,"enemies":"3 Cultists","floor":26,"turns":4},{"damage":0,"enemies":"conspire:HollyBat","floor":27,"turns":7},{"damage":7,"enemies":"Shelled Parasite and Fungi","floor":28,"turns":5},{"damage":8,"enemies":"Snecko","floor":30,"turns":5},{"damage":28,"enemies":"3 Cultists","floor":31,"turns":4},{"damage":0,"enemies":"Centurion and Healer","floor":32,"turns":6},{"damage":43,"enemies":"DF_ARCHETYPE_CLAW","floor":33,"turns":8},{"damage":0,"enemies":"3 Darklings","floor":36,"turns":3},{"damage":3,"enemies":"Orb Walker","floor":37,"turns":4},{"damage":0,"enemies":"Orb Walker","floor":38,"turns":5},{"damage":24,"enemies":"4 Shapes","floor":40,"turns":4},{"damage":0,"enemies":"HollowMod:StalkingDevout","floor":43,"turns":7},{"damage":0,"enemies":"downfall:LadyInBlue","floor":44,"turns":6},{"damage":12,"enemies":"downfall:FleeingMerchant","floor":45,"turns":4},{"damage":0,"enemies":"Writhing Mass","floor":46,"turns":5},{"damage":0,"enemies":"Maw","floor":49,"turns":5},{"damage":76,"enemies":"SI_POISON_ARCHETYPE","floor":50,"turns":6}],"seed_played":"-8762097072442198424","potions_obtained":[{"floor":6,"key":"DemoMod:LeadSkinPotion"},{"floor":10,"key":"FearPotion"},{"floor":15,"key":"champ:CounterPotion"},{"floor":22,"key":"Elixir"},{"floor":23,"key":"LiquidBronze"},{"floor":25,"key":"Elixir"},{"floor":27,"key":"sneckomod:MuddlingPotion"},{"floor":29,"key":"Energy Potion"},{"floor":36,"key":"champ:CounterPotion"},{"floor":44,"key":"DuplicationPotion"},{"floor":44,"key":"Swift Potion"},{"floor":44,"key":"Death Potion"}],"is_trial":false,"path_per_floor":["R_BF","M","?","M","$","M","T","M","R","E","R","E","R","$","M","B",null,"R_BF","?","?","$","M","M","T","E","M","M","M","AVR","M","M","M","B",null,"T","?","?","?","?","?","T","T","E","?","T","?","?","T","?","B",null],"character_chosen":"SLIMEBOUND","items_purchased":["Slimebound:LivingWall","Slimebound:SplitBruiser","PreservedInsect","reliquary:PartyBalloon","expansioncontent:DashGenerateEvil","AttackPotion","PowerPotion"],"campfire_rested":1,"item_purchase_floors":[14,21,45,45,45,45,45],"current_hp_per_floor":[65,65,65,65,64,63,63,46,46,30,49,22,22,23,23,10,65,65,65,65,65,65,56,56,64,50,58,59,64,58,34,42,7,70,70,70,67,70,73,51,51,51,73,73,63,67,67,67,73,9],"gold":521,"neow_bonus":"RANDOM_COMMON_RELIC","is_daily":false,"chose_seed":false,"campfire_upgraded":4,"win_rate":0.0,"timestamp":1613138415,"path_taken":["R_BF","M","?","?","$","M","T","?","R","E","R","E","R","?","M","BOSS","R_BF","?","?","$","M","?","T","E","M","M","M","AVR","M","M","M","BOSS","T","?","?","?","?","?","T","T","E","?","T","?","?","?","?","BOSS"],"items_purchased_type":["Card","Card","Relic","Relic","Card","Potion","Potion"],"build_version":"2020-12-22","purchased_purges":1,"victory":true,"max_hp_per_floor":[65,65,65,65,65,65,65,65,65,65,65,65,65,65,65,65,65,65,65,65,65,65,65,65,65,65,65,65,70,70,70,70,70,70,70,70,70,70,73,73,73,73,73,73,73,73,73,73,73,73],"card_choices":[{"not_picked":["Slimebound:SlimeBarrage","Slimebound:BestDefense"],"picked":"Slimebound:LevelUp","floor":2},{"not_picked":["Slimebound:FormOfPuddle","Slimebound:Prepare"],"picked":"Slimebound:SplitMire","floor":4},{"not_picked":["Slimebound:SplitMire","Slimebound:GoopTackle"],"picked":"Slimebound:MinionMaster","floor":5},{"not_picked":["Slimebound:LeechingTouch","Slimebound:FormOfPuddle"],"picked":"Slimebound:LevelUp","floor":6},{"not_picked":["Slimebound:HauntingLick","Slimebound:RollThrough"],"picked":"Slimebound:LeechEnergy","floor":8},{"not_picked":["Slimebound:ServeAndProtect","Slimebound:RollThrough"],"picked":"Slimebound:SplitMire","floor":10},{"not_picked":["Slimebound:LeechEnergy","Slimebound:FinishingTackle","Slimebound:GrowthPunch"],"picked":"SKIP","floor":12},{"not_picked":["Slimebound:LeechEnergy","Slimebound:HauntingLick"],"picked":"Slimebound:LivingWall","floor":14},{"not_picked":["Slimebound:TongueLash","Slimebound:DivideAndConquer"],"picked":"Slimebound:ServeAndProtect","floor":15},{"not_picked":["Slimebound:OozeBath","Slimebound:PrepareCrush"],"picked":"Slimebound:Teamwork","floor":16},{"not_picked":["Slimebound:Prepare","Slimebound:RollThrough+1"],"picked":"Slimebound:LevelUp","floor":18},{"not_picked":["Slimebound:LivingWall","Slimebound:LeechingTouch+1"],"picked":"Slimebound:DisruptingSlam","floor":18},{"not_picked":["Slimebound:RainOfGoop","Slimebound:ComboTackle","Slimebound:WasteNot"],"picked":"SKIP","floor":21},{"not_picked":["Slimebound:ItLooksTasty","Slimebound:LivingWall"],"picked":"Slimebound:SplitAcid","floor":22},{"not_picked":["Slimebound:LeechEnergy+1","Slimebound:GoopSpray+1","Slimebound:ForwardTackle"],"picked":"SKIP","floor":23},{"not_picked":["Slimebound:ServeAndProtect","Slimebound:LeechingTouch+1"],"picked":"Slimebound:SlimeSpikes+1","floor":25},{"not_picked":["Slimebound:GoopTackle+1","Slimebound:SlimeSpikes"],"picked":"Slimebound:SplitLeeching","floor":26},{"not_picked":["Slimebound:CheckThePlaybook","Slimebound:ComboTackle"],"picked":"Slimebound:GoopSpray+1","floor":27},{"not_picked":["Slimebound:LeechingTouch","Slimebound:DisruptingSlam","Slimebound:SplitAcid"],"picked":"SKIP","floor":28},{"not_picked":["Slimebound:PressTheAttack","Slimebound:DisruptingSlam+1"],"picked":"Slimebound:Nibble+1","floor":29},{"not_picked":["Slimebound:SlimeSpikes+1","Slimebound:Gluttony","Slimebound:HauntingLick"],"picked":"SKIP","floor":30},{"not_picked":["Slimebound:DisruptingSlam+1","Slimebound:Schlurp"],"picked":"Slimebound:LeechingTouch","floor":31},{"not_picked":["Slimebound:ComboTackle","Slimebound:SplitBruiser"],"picked":"Slimebound:Prepare","floor":32},{"not_picked":["Slimebound:Teamwork","Slimebound:SlimeSlap"],"picked":"Slimebound:LeechLife","floor":33},{"not_picked":["Slimebound:SplitMire","Slimebound:ComboTackle+1"],"picked":"Slimebound:ProtectTheBoss","floor":36},{"not_picked":["Slimebound:Schlurp+1","Slimebound:DisruptingSlam","Slimebound:ComboTackle+1"],"picked":"SKIP","floor":37},{"not_picked":["Slimebound:Prepare+1","Slimebound:FlameTackle"],"picked":"Slimebound:SlimeBrawl","floor":38},{"not_picked":["Slimebound:HauntingLick","Slimebound:MegaLick","Slimebound:Gluttony"],"picked":"SKIP","floor":40},{"not_picked":["Slimebound:SlimeBrawl+1","Slimebound:SplitLeeching"],"picked":"Slimebound:FirmFortitude","floor":43},{"not_picked":["Slimebound:SplitAcid","Slimebound:Schlurp+1"],"picked":"Slimebound:LivingWall+1","floor":45},{"not_picked":["Slimebound:LeechingTouch","Slimebound:ItLooksTasty+1","Slimebound:GoopTackle"],"picked":"SKIP","floor":46},{"not_picked":["Slimebound:ProtectTheBoss","Slimebound:Prepare","Slimebound:OozeBath"],"picked":"SKIP","floor":49}],"player_experience":1901816,"relics_obtained":[{"floor":7,"key":"reliquary:RoseTintedGlasses"},{"floor":10,"key":"StuffTheSpire:NeowsTribute"},{"floor":12,"key":"infinitespire:Eraser"},{"floor":18,"key":"ReplayTheSpireMod:Lightbulb"},{"floor":24,"key":"infinitespire:BottledMercury"},{"floor":25,"key":"halation:IllGainedPizza"},{"floor":38,"key":"Replay:Towering Pillar of Hats"},{"floor":41,"key":"reliquary:TridentHead"},{"floor":43,"key":"reliquary:FerryPass"},{"floor":44,"key":"Potion Belt"},{"floor":48,"key":"reliquary:BoilingFlask"}],"event_choices":[{"damage_healed":0,"gold_gain":0,"player_choice":"Leave","damage_taken":0,"max_hp_gain":0,"max_hp_loss":0,"event_name":"conspire:Investor","floor":19,"gold_loss":0}],"is_beta":false,"boss_relics":[{"not_picked":["CosmicIsotope","Fusion Hammer"],"picked":"halation:HeavySnake"},{"not_picked":["beaked:SacredDeck","halation:PinkAlligatorPlush"],"picked":"Painkiller Herb"}],"items_purged_floors":[5],"is_endless":false,"potions_floor_spawned":[6,10,15,22,23,25,27,36,37,40],"ascension_level":0}}