{"host":"sboty77psj7t2cnn","time":1613170867,"event":{"mods":["Aspiration","BaseMod","Beaked The Cultist","Better Match","Better Vampires","ChefMod","Colored Map","Conspire","Dio Mod","Downfall","Hermit","Hubris","Infinite Spire","Jorbs\u0027s Wanderer Trilogy","Minty Spire (QoL Compilation)","StSLib","The Witch"],"gold_per_floor":[112,126,139,139,64,64,94,94,94,125,137,149,149,149,149,244,244,264,264,276,276,290,304,339,352,352,352,352,366,394,408,408,505,505,505,267,299,398],"floor_reached":39,"language":"SPA","playtime":1755,"items_purged":["Defend_G","Dagger Spray"],"score":1080,"play_id":"4ad289ba-5c41-4f30-8b32-f0a94c1ceec0","local_time":"20210212170107","is_ascension_mode":true,"campfire_choices":[{"data":"Poisoned Stab","floor":6,"key":"SMITH"},{"data":"Cloak And Dagger","floor":13,"key":"SMITH"},{"data":"Infinite Blades","floor":15,"key":"SMITH"},{"data":"Adrenaline","floor":28,"key":"SMITH"},{"data":"Noxious Fumes","floor":32,"key":"SMITH"},{"data":"Envenom","floor":35,"key":"SMITH"}],"circlet_count":0,"master_deck":["Defend_G","Defend_G","Defend_G","Survivor","Neutralize","Poisoned Stab+1","Cloak And Dagger+1","Infinite Blades+1","Doppelganger","Poisoned Stab+1","Escape Plan","Bite","Bite","Bite","Bite","Bite","Adrenaline+1","Footwork","Noxious Fumes+1","Noxious Fumes+1","Footwork+1","Envenom+1","Noxious Fumes","Madness","Bouncing Flask+1","After Image"],"relics":["Ring of the Snake","aspiration:Nostalgia","PureWater","Guardian:PocketSentry","Kunai","hubris:Icosahedron","infinitespire:Beetle Shell","Ice Cream","expansioncontent:StudyCardRelic","aspiration:ChemicalBlood","Paper Crane","CaptainsWheel","hubris:TerracottaHorce","Strawberry"],"acts_visited":["Exordium","TheCity","TheEnding"],"potions_floor_usage":[7,16,16,24,25,33,33,33,37,37,37,38,38,38,38,38,38,38,38],"damage_taken":[{"damage":0,"enemies":"2 Louse","floor":1,"turns":2},{"damage":0,"enemies":"Small Slimes","floor":2,"turns":3},{"damage":0,"enemies":"Jaw Worm","floor":3,"turns":3},{"damage":1,"enemies":"Gremlin Nob","floor":7,"turns":3},{"damage":6,"enemies":"3 Sentries","floor":10,"turns":7},{"damage":0,"enemies":"Blue Slaver","floor":11,"turns":2},{"damage":0,"enemies":"3 Louse","floor":12,"turns":2},{"damage":12,"enemies":"Slime Boss","floor":16,"turns":12},{"damage":0,"enemies":"Shell Parasite","floor":18,"turns":4},{"damage":0,"enemies":"3 Byrds","floor":20,"turns":3},{"damage":0,"enemies":"Snecko","floor":22,"turns":3},{"damage":15,"enemies":"Snake Plant","floor":23,"turns":3},{"damage":0,"enemies":"Gremlin Leader","floor":24,"turns":6},{"damage":15,"enemies":"Centurion and Healer","floor":25,"turns":4},{"damage":4,"enemies":"Chosen and Byrds","floor":29,"turns":4},{"damage":3,"enemies":"Nightmare","floor":30,"turns":5},{"damage":0,"enemies":"3 Cultists","floor":31,"turns":3},{"damage":35,"enemies":"hubris:MusketHawk","floor":33,"turns":8},{"damage":42,"enemies":"Shield and Spear","floor":37,"turns":6},{"damage":100,"enemies":"The Heart","floor":38,"turns":9}],"seed_played":"8944166157383117789","potions_obtained":[{"floor":1,"key":"SkillPotion"},{"floor":2,"key":"Poison Potion"},{"floor":12,"key":"Weak Potion"},{"floor":16,"key":"Ancient Potion"},{"floor":20,"key":"GamblersBrew"},{"floor":23,"key":"Energy Potion"},{"floor":24,"key":"SneckoOil"},{"floor":33,"key":"LiquidMemories"},{"floor":33,"key":"CunningPotion"},{"floor":33,"key":"LiquidBronze"},{"floor":38,"key":"champ:CounterPotion"}],"is_trial":false,"path_per_floor":["M","M","M","?","$","R","E","?","T","E","M","M","R","?","R","B",null,"M","?","M","?","M","M","E","M","T","?","R","M","NM","M","R","B",null,"R","$","E","B",null],"character_chosen":"THE_SILENT","items_purchased":["Noxious Fumes","Madness"],"campfire_rested":0,"item_purchase_floors":[36,36],"current_hp_per_floor":[70,70,70,67,67,67,66,66,66,60,60,60,60,60,60,48,70,70,57,57,52,52,41,52,47,47,47,47,51,52,52,52,40,49,49,49,32,8],"gold":398,"neow_bonus":"NOSTALGIA","is_daily":false,"chose_seed":false,"campfire_upgraded":6,"win_rate":0.0,"timestamp":1613170867,"path_taken":["M","M","M","?","$","R","E","?","T","E","M","M","R","?","R","BOSS","M","?","M","?","?","M","E","M","T","?","R","M","NM","M","R","BOSS","R","$","E","BOSS"],"items_purchased_type":["Card","Card"],"build_version":"2020-12-22","purchased_purges":2,"victory":true,"max_hp_per_floor":[70,70,70,70,70,70,70,70,70,70,70,70,70,70,70,70,70,70,75,75,52,52,52,52,52,52,52,52,52,52,52,52,52,52,52,52,59,59],"card_choices":[{"not_picked":["Choke","Quick Slash","Tactician"],"picked":"SKIP","floor":1},{"not_picked":["Deflect","Flying Knee"],"picked":"Poisoned Stab","floor":2},{"not_picked":["Predator","hubris:SlightOfHand"],"picked":"Dagger Spray","floor":3},{"not_picked":["hubris:Counter","Flying Knee","Outmaneuver"],"picked":"SKIP","floor":7},{"not_picked":["Storm of Steel","Acrobatics"],"picked":"Cloak And Dagger","floor":10},{"not_picked":["Underhanded Strike","Well Laid Plans","Dodge and Roll"],"picked":"SKIP","floor":11},{"not_picked":["Quick Slash","Sucker Punch","Deflect"],"picked":"SKIP","floor":12},{"not_picked":["Tools of the Trade","aspiration:Lunge"],"picked":"Doppelganger","floor":16},{"not_picked":["Crippling Poison","Skewer"],"picked":"Poisoned Stab+1","floor":18},{"not_picked":["Dagger Throw","Underhanded Strike"],"picked":"Escape Plan","floor":20},{"not_picked":["Dodge and Roll","Deadly Poison"],"picked":"Adrenaline","floor":22},{"not_picked":["hubris:Counter","Poisoned Stab","Outmaneuver"],"picked":"SKIP","floor":23},{"not_picked":["Flechettes+1","Dagger Throw+1","Underhanded Strike"],"picked":"SKIP","floor":24},{"not_picked":["Backstab+1","PiercingWail"],"picked":"Footwork","floor":25},{"not_picked":["Setup","Outmaneuver"],"picked":"Noxious Fumes+1","floor":29},{"not_picked":["Accuracy+1","Storm of Steel"],"picked":"Noxious Fumes","floor":30},{"not_picked":["Dagger Throw","Slice"],"picked":"Footwork+1","floor":31},{"not_picked":["Corpse Explosion","Burst"],"picked":"Envenom","floor":33},{"not_picked":["Prepared+1","Dodge and Roll+1"],"picked":"Bouncing Flask+1","floor":37},{"not_picked":["Wraith Form v2","Night Terror"],"picked":"After Image","floor":38}],"player_experience":416263,"relics_obtained":[{"floor":7,"key":"Kunai"},{"floor":9,"key":"infinitespire:Beetle Shell"},{"floor":10,"key":"Ice Cream"},{"floor":24,"key":"aspiration:ChemicalBlood"},{"floor":26,"key":"Paper Crane"},{"floor":30,"key":"CaptainsWheel"},{"floor":37,"key":"Strawberry"}],"event_choices":[{"damage_healed":0,"gold_gain":0,"player_choice":"Success","damage_taken":3,"relics_obtained":["Guardian:PocketSentry"],"max_hp_gain":0,"max_hp_loss":0,"event_name":"Scrap Ooze","floor":4,"gold_loss":0},{"damage_healed":0,"gold_gain":0,"player_choice":"Shed Blood","damage_taken":18,"max_hp_gain":5,"max_hp_loss":0,"event_name":"Forgotten Altar","floor":19,"gold_loss":0},{"damage_healed":0,"gold_gain":0,"player_choice":"Became a vampire","damage_taken":0,"max_hp_gain":0,"max_hp_loss":23,"event_name":"Vampires","floor":21,"gold_loss":0,"cards_obtained":["Bite","Bite","Bite","Bite","Bite"]},{"cards_removed":["Defend_G"],"damage_healed":0,"gold_gain":0,"player_choice":"Elegance","damage_taken":0,"max_hp_gain":0,"max_hp_loss":0,"event_name":"Back to Basics","floor":27,"gold_loss":0}],"is_beta":false,"boss_relics":[{"not_picked":["conspire:SeveredTorchhead","Runic Pyramid"],"picked":"expansioncontent:StudyCardRelic"},{"not_picked":["hubris:Stopwatch","aspiration:FutureDiary"],"picked":"hubris:TerracottaHorce"}],"items_purged_floors":[5,36],"is_endless":true,"potions_floor_spawned":[1,2,12,16,20,23,24,33,38],"ascension_level":5}}