{"host":"lwys0gbp6t40j7jh","time":1613158539,"event":{"mods":["Act Like it!","BaseMod","CapriCore","Downfall","Friendly Minions","GifTheSpireLib","Minty Spire (QoL Compilation)","StSLib","SuperFastMode"],"gold_per_floor":[99,99,99,99,109,124,124,224,234,254,264,46,46,66,83,183,183,183,202,50,69,69,69,69,69,89,89,74,99,99,99,99],"floor_reached":30,"language":"ENG","playtime":1588,"items_purged":["hexamod:Defend","hexamod:BacktrackSmack"],"score":224,"play_id":"008fe2c2-5534-4f2f-a357-56b7edb7c2ed","local_time":"20210212203539","is_ascension_mode":false,"campfire_choices":[{"data":"hexamod:Float","floor":1,"key":"SMITH"},{"data":"hexamod:InspiringFlames","floor":13,"key":"SMITH"},{"data":"hexamod:TimeOfNeed","floor":18,"key":"SMITH"}],"circlet_count":0,"master_deck":["hexamod:Strike+1","hexamod:Strike+1","hexamod:Strike+1","hexamod:Defend+1","hexamod:Defend+1","hexamod:Defend+1","hexamod:Sear","hexamod:Float+1","hexamod:InspiringFlames+1","hexamod:BurningTouch","hexamod:SpectersWail","hexamod:Firestarter","hexamod:PhantomFireball","hexamod:GhostShield","hexamod:SecondSeal","hexamod:AdvancingGuard","hexamod:ThirdSeal","hexamod:HeatMetal","hexamod:GhostLash","hexamod:TimeOfNeed+1","hexamod:ParanormalForm","hexamod:Hexaguard","hexamod:GhostLash","hexamod:Firestarter","hexamod:RadiantFlame","hexamod:GhostflameInferno","hexamod:Firestarter+1"],"relics":["hexamod:SpiritBrand","War Paint","hexamod:IceCube","The Courier"],"acts_visited":["Exordium","TheCity"],"potions_floor_usage":[14,26,30],"damage_taken":[{"damage":0,"enemies":"Cultist","floor":4,"turns":1},{"damage":2,"enemies":"Small Slimes","floor":5,"turns":5},{"damage":2,"enemies":"2 Louse","floor":6,"turns":3},{"damage":0,"enemies":"Exordium Wildlife","floor":9,"turns":6},{"damage":0,"enemies":"2 Fungi Beasts","floor":10,"turns":3},{"damage":2,"enemies":"Blue Slaver","floor":11,"turns":3},{"damage":0,"enemies":"downfall:FleeingMerchant","floor":12,"turns":4},{"damage":0,"enemies":"Lots of Slimes","floor":14,"turns":5},{"damage":2,"enemies":"2 Fungi Beasts","floor":15,"turns":3},{"damage":40,"enemies":"IC_STATUS_ARCHETYPE","floor":16,"turns":9},{"damage":10,"enemies":"Chosen","floor":19,"turns":5},{"damage":10,"enemies":"downfall:FleeingMerchant","floor":20,"turns":4},{"damage":23,"enemies":"Shelled Parasite and Fungi","floor":21,"turns":6},{"damage":22,"enemies":"3 Cultists","floor":22,"turns":6},{"damage":8,"enemies":"Centurion and Healer","floor":26,"turns":7},{"damage":0,"enemies":"downfall:FleeingMerchant","floor":28,"turns":4},{"damage":0,"enemies":"Shelled Parasite and Fungi","floor":29,"turns":5},{"damage":21,"enemies":"Snake Plant","floor":30,"turns":3}],"seed_played":"1927563612706328805","potions_obtained":[{"floor":5,"key":"AttackPotion"},{"floor":14,"key":"Regen Potion"},{"floor":15,"key":"sneckomod:MuddlingPotion"},{"floor":29,"key":"Fire Potion"}],"is_trial":false,"path_per_floor":["R","?","?","M","M","M","T","?","M","M","M","$","R","M","M","B",null,"R","M","$","M","M","?","T","?","M","?","$","M","M"],"character_chosen":"THE_SPIRIT","items_purchased":["hexamod:AdvancingGuard","hexamod:ThirdSeal","hexamod:RadiantFlame"],"campfire_rested":0,"item_purchase_floors":[12,12,20],"current_hp_per_floor":[77,77,77,77,75,73,73,73,73,73,71,71,71,71,69,29,77,77,67,57,34,12,12,12,12,18,18,18,18,0,0,0],"gold":99,"neow_bonus":"TEN_PERCENT_HP_BONUS","is_daily":false,"chose_seed":false,"campfire_upgraded":3,"win_rate":0.0,"timestamp":1613158539,"path_taken":["R","?","?","M","M","?","T","?","M","M","M","$","R","M","M","BOSS","R","M","$","M","M","?","T","?","M","?","$","M","M"],"items_purchased_type":["Card","Card","Card"],"build_version":"2020-12-22","purchased_purges":2,"victory":false,"max_hp_per_floor":[77,77,77,77,77,77,77,77,77,77,77,77,77,77,77,77,77,77,77,77,77,77,77,77,77,77,77,77,77,77,77,77],"card_choices":[{"not_picked":["hexamod:BurningTouch","hexamod:NightmareStrike"],"picked":"hexamod:InspiringFlames","floor":4},{"not_picked":["hexamod:FastForward","hexamod:EtherealExpedition"],"picked":"hexamod:BurningTouch","floor":5},{"not_picked":["hexamod:Again","hexamod:BacktrackSmack"],"picked":"hexamod:SpectersWail","floor":6},{"not_picked":["hexamod:HauntingEcho","hexamod:SpectersWail"],"picked":"hexamod:Firestarter","floor":9},{"not_picked":["hexamod:BurningTouch","hexamod:HauntingEcho"],"picked":"hexamod:PhantomFireball","floor":10},{"not_picked":["hexamod:BurningTouch","hexamod:ForkedFlame"],"picked":"hexamod:GhostShield","floor":11},{"not_picked":["hexamod:NightmareGuise","hexamod:Firestarter"],"picked":"hexamod:SecondSeal","floor":12},{"not_picked":["hexamod:NightmareGuise","hexamod:Firestarter"],"picked":"hexamod:HeatMetal","floor":14},{"not_picked":["hexamod:InspiringFlames","hexamod:HexaLevel","hexamod:HauntingEcho"],"picked":"SKIP","floor":14},{"not_picked":["hexamod:RetreatToShadows","hexamod:SecondSeal"],"picked":"hexamod:GhostLash","floor":15},{"not_picked":["hexamod:UnleashSpirits","hexamod:ForkedFlame"],"picked":"hexamod:TimeOfNeed","floor":16},{"not_picked":["hexamod:TimeWarp","hexamod:VolcanoVisage"],"picked":"hexamod:ParanormalForm","floor":16},{"not_picked":["hexamod:GhostflameBarrier+1","hexamod:SwordOfDarkness"],"picked":"hexamod:Hexaguard","floor":19},{"not_picked":["hexamod:AdvancingGuard+1","hexamod:NightmareGuise"],"picked":"hexamod:GhostLash","floor":19},{"not_picked":["hexamod:Firestarter","hexamod:AdvancingGuard+1"],"picked":"hexamod:BacktrackSmack","floor":20},{"not_picked":["hexamod:BacktrackSmack","hexamod:SwordOfDarkness+1"],"picked":"hexamod:Firestarter","floor":20},{"not_picked":["hexamod:NightmareGuise","hexamod:HauntingEcho+1","hexamod:GhostLash"],"picked":"SKIP","floor":21},{"not_picked":["hexamod:RetreatToShadows+1","hexamod:AdvancingGuard","hexamod:NightmareGuise+1"],"picked":"SKIP","floor":21},{"not_picked":["hexamod:HeatShield","hexamod:SpectersWail"],"picked":"hexamod:GhostflameInferno","floor":22},{"not_picked":["hexamod:SecondSeal","hexamod:SwordOfDarkness+1","hexamod:HauntingEcho"],"picked":"SKIP","floor":22},{"not_picked":["hexamod:NightmareGuise","hexamod:RecurringNightmare"],"picked":"hexamod:Firestarter+1","floor":26},{"not_picked":["hexamod:AdvancingGuard","hexamod:RetreatToShadows","hexamod:SkipABeat"],"picked":"SKIP","floor":28},{"not_picked":["hexamod:GhostShield","hexamod:Haunt","hexamod:NightmareStrike+1"],"picked":"SKIP","floor":28},{"not_picked":["hexamod:SpectersWail","hexamod:RecurringNightmare","hexamod:Firestarter"],"picked":"SKIP","floor":29},{"not_picked":["hexamod:AdvancingGuard","hexamod:GhostLash+1","hexamod:VolcanoVisage"],"picked":"SKIP","floor":29}],"player_experience":1246438,"relics_obtained":[{"floor":7,"key":"War Paint"},{"floor":24,"key":"The Courier"}],"event_choices":[{"damage_healed":0,"gold_gain":0,"player_choice":"Forge","damage_taken":0,"max_hp_gain":0,"max_hp_loss":0,"event_name":"Accursed Blacksmith","floor":3,"gold_loss":0,"cards_upgraded":["hexamod:Defend"]}],"is_beta":false,"boss_relics":[{"not_picked":["hexamod:UnbrokenSoul","Velvet Choker"],"picked":"hexamod:IceCube"}],"items_purged_floors":[12,20],"is_endless":false,"potions_floor_spawned":[5,14,15,21,29],"killed_by":"Snake Plant","ascension_level":0}}