{"host":"6jrnojxwearbrjzo","time":1613139274,"event":{"mods":["BaseMod","Conspire","Marisa（F雨　魔理沙）","Minty Spire (QoL Compilation)","MostiFishMod","Quick Restart","Random Character Button","Shop Mod","Spicy Shops","StSLib","The Construct","The Servant 0.9.4","[功能]功能增强和修复MOD","篝火指南"],"gold_per_floor":[112,12,12,82,17,67,93,161,161,211,74,124,124,124],"floor_reached":13,"language":"ZHS","playtime":535,"items_purged":["Defend_G","Strike_G","Defend_G","Strike_G","Strike_G","Defend_G"],"score":162,"play_id":"cfac3b77-761b-4918-a521-e30f1f94605c","local_time":"20210212221434","is_ascension_mode":true,"campfire_choices":[],"circlet_count":0,"master_deck":["AscendersBane","Strike_G","Strike_G","Defend_G","Survivor","Neutralize","Ghostly","Dash","MostiFishMod:FrostNova","Tactician"],"relics":["DaveBox","Dodecahedron","Philosopher\u0027s Stone","SynthV:TestCard","SsserpentHead","MerchantsRug","MostiFishMod:AdaptiveDefenses","Tiny Chest","Art of War","Question Card","Letter Opener","Omamori","Happy Flower","Ying","Meat on the Bone"],"acts_visited":["Exordium"],"potions_floor_usage":[13,13],"damage_taken":[{"damage":8.0,"enemies":"2 Louse","floor":1.0,"turns":4.0},{"damage":4.0,"enemies":"Small Slimes","floor":4.0,"turns":5.0},{"damage":43.0,"enemies":"3 Sentries","floor":7.0,"turns":12.0},{"damage":0.0,"enemies":"Cultist","floor":8.0,"turns":3.0},{"damage":18,"enemies":"Gremlin Nob","floor":13,"turns":4}],"seed_played":"-2956650924327197519","potions_obtained":[{"floor":4.0,"key":"Energy Potion"},{"floor":7.0,"key":"Explosive Potion"},{"floor":7.0,"key":"Swift Potion"},{"floor":8.0,"key":"CunningPotion"}],"is_trial":false,"path_per_floor":["M","?","?","M","$","?","E","M","T","?","R","T","E"],"character_chosen":"THE_SILENT","items_purchased":["MerchantsRug","Explosive Potion","Swift Potion","SteroidPotion","MostiFishMod:AdaptiveDefenses","Tiny Chest","Letter Opener","Omamori","Happy Flower","Ying","AttackPotion","SteroidPotion","BlessingOfTheForge","Weak Potion"],"campfire_rested":0,"item_purchase_floors":[5,5,5,5,5,5,11,11,11,11,11,11,11,11],"current_hp_per_floor":[51,51,51,47,47,47,10,10,10,10,10,10,0,0],"gold":124,"neow_bonus":"BOSS_RELIC","is_daily":false,"chose_seed":false,"campfire_upgraded":0,"win_rate":0.0,"timestamp":1613139274,"path_taken":["M","?","?","?","$","?","E","?","T","?","R","?","E"],"items_purchased_type":["Relic","Potion","Potion","Potion","Relic","Relic","Relic","Relic","Relic","Relic","Potion","Potion","Potion","Potion"],"build_version":"2020-12-22","purchased_purges":6,"victory":false,"max_hp_per_floor":[66,66,66,66,66,66,66,66,66,66,66,66,66,66],"card_choices":[{"not_picked":["Flying Knee","Crippling Poison","Endless Agony"],"picked":"SKIP","floor":1.0},{"not_picked":["MostiFishMod:PerfectParry","MostiFishMod:InvigoratingSolution","Quick Slash","PiercingWail","Dash"],"picked":"SKIP","floor":4.0},{"not_picked":["MostiFishMod:PerfectParry","MostiFishMod:InvigoratingSolution","Quick Slash","PiercingWail"],"picked":"Dash","floor":4.0},{"not_picked":["Slice","PiercingWail","Sucker Punch","Prepared"],"picked":"MostiFishMod:FrostNova","floor":7.0},{"not_picked":["Dagger Throw","Quick Slash","Deadly Poison","Bane"],"picked":"Tactician","floor":8.0}],"player_experience":131277,"relics_obtained":[{"floor":1.0,"key":"SynthV:TestCard"},{"floor":7.0,"key":"Art of War"},{"floor":9.0,"key":"Question Card"},{"floor":12.0,"key":"Meat on the Bone"}],"event_choices":[{"damage_healed":0.0,"max_hp_gain":0.0,"max_hp_loss":0.0,"gold_gain":0.0,"event_name":"conspire:LoneGhost","player_choice":"Argue","floor":2.0,"gold_loss":0.0,"damage_taken":0.0},{"damage_healed":0.0,"max_hp_gain":0.0,"max_hp_loss":0.0,"gold_gain":0.0,"event_name":"FaceTrader","player_choice":"Trade","floor":3.0,"gold_loss":0.0,"damage_taken":0.0,"relics_obtained":["SsserpentHead"]},{"cards_removed":["Defend_G"],"damage_healed":0.0,"max_hp_gain":0.0,"max_hp_loss":0.0,"gold_gain":0.0,"event_name":"Purifier","player_choice":"Purged","floor":6.0,"gold_loss":0.0,"damage_taken":0.0}],"is_beta":false,"boss_relics":[],"items_purged_floors":[11,11,11,11,11,11],"is_endless":false,"potions_floor_spawned":[4,7,7,8,8],"killed_by":"Gremlin Nob","ascension_level":20}}