{"host":"y4fuci1jk2rsxnep","time":1613167503,"event":{"mods":["AchievementEnabler","BaseMod","Colored Powertips","Custom Start","Defuse TimeMaze Blight","Dio Mod","Downfall","Hermit","Hero for Fun","Hubris","Hunter ??","Infinite Spire","Minty Spire (QoL Compilation)","Quick Restart","Reliquary","Remove Card Discount Mod","Replay The Spire","StSLib","The Blackbeard","The Bug Knight","The Mystic","The Runesmith"],"gold_per_floor":[112,123,133,133,208,235,235,255,255,268,268,294,153,164,164,268,268,286,135,159,159,159,180,180,180,180],"floor_reached":25,"language":"ENG","playtime":2912,"items_purged":["hermit:Defend_Hermit","hermit:Defend_Hermit","hermit:Defend_Hermit","hermit:Defend_Hermit","Hallucinations","Languid"],"score":205,"play_id":"3206e2bc-103b-435c-b33b-4e779dc9d205","local_time":"20210212230503","is_ascension_mode":false,"campfire_choices":[{"data":"hermit:Vantage","floor":7,"key":"SMITH"},{"data":"hermit:GhostlyPresence","floor":11,"key":"SMITH"},{"floor":15,"key":"REST"},{"floor":24,"key":"REST"}],"circlet_count":0,"master_deck":["hermit:Strike_Hermit","hermit:Strike_Hermit","hermit:Strike_Hermit","hermit:Strike_Hermit","hermit:Snapshot","hermit:Covet","hermit:Quickdraw","hermit:Vantage+1","hermit:GhostlyPresence+1","hermit:Determination","hermit:TakeAim+1","hermit:GoldenBullet","hermit:HighNoon","hubris:Greed","hermit:GoldenBullet+1","hermit:Deadeye"],"relics":["hermit:Momento","NeowsBlessing","Boot","Replay:Ancient Bell","infinitespire:Lucky Rock","Toxic Egg 2","Prayer Wheel","Blood Vial","Nloth\u0027s Gift"],"acts_visited":["Exordium","TheCity"],"potions_floor_usage":[14,16,16,23],"damage_taken":[{"damage":0,"enemies":"2 Louse","floor":1,"turns":1},{"damage":0,"enemies":"Small Slimes","floor":2,"turns":1},{"damage":0,"enemies":"Cultist","floor":3,"turns":1},{"damage":28,"enemies":"3 Sentries","floor":6,"turns":11},{"damage":4,"enemies":"Red Slaver","floor":8,"turns":3},{"damage":0,"enemies":"Lots of Slimes","floor":10,"turns":1},{"damage":6,"enemies":"Exordium Wildlife","floor":12,"turns":2},{"damage":20,"enemies":"Exordium Thugs","floor":14,"turns":7},{"damage":21,"enemies":"The Guardian","floor":16,"turns":17},{"damage":18,"enemies":"Chosen","floor":18,"turns":6},{"damage":22,"enemies":"2 Thieves","floor":20,"turns":5},{"damage":35,"enemies":"3 Cultists","floor":23,"turns":7},{"damage":29,"enemies":"Snake Plant","floor":25,"turns":5}],"seed_played":"4344707746200221861","potions_obtained":[{"floor":6,"key":"Explosive Potion"},{"floor":10,"key":"LifebloodPotion"},{"floor":14,"key":"hermit:Eclipse"},{"floor":18,"key":"Energy Potion"}],"is_trial":false,"path_per_floor":["M","M","M","?","?","E","R","M","T","M","R","M","$","M","R","B",null,"M","$","M","?","$","M","R","M"],"character_chosen":"HERMIT","items_purchased":["hermit:TakeAim+1","hermit:GoldenBullet","Blood Vial"],"campfire_rested":2,"item_purchase_floors":[13,13,19],"current_hp_per_floor":[75,75,75,75,64,36,36,32,32,32,32,26,26,6,28,7,75,57,57,37,37,37,4,26,0,0],"gold":180,"neow_bonus":"THREE_ENEMY_KILL","is_daily":false,"chose_seed":false,"campfire_upgraded":2,"win_rate":0.0,"timestamp":1613167503,"path_taken":["M","M","M","?","?","E","R","M","T","M","R","?","?","M","R","BOSS","M","$","M","?","?","M","R","M"],"items_purchased_type":["Card","Card","Relic"],"build_version":"2020-12-22","purchased_purges":6,"victory":false,"max_hp_per_floor":[75,75,75,75,75,75,75,75,75,75,75,75,75,75,75,75,75,75,75,75,75,75,75,75,75,75],"card_choices":[{"not_picked":["hermit:Feint","hermit:Virtue"],"picked":"hermit:Quickdraw","floor":1},{"not_picked":["hermit:Snipe","hermit:ShadowCloak"],"picked":"hermit:Vantage","floor":2},{"not_picked":["hermit:HoleUp","hermit:Roulette","hermit:Feint"],"picked":"SKIP","floor":3},{"not_picked":["hermit:Snipe","hermit:DeadOrAlive"],"picked":"hermit:GhostlyPresence","floor":6},{"not_picked":["hermit:FullyLoaded","hermit:Feint","hermit:Glare"],"picked":"SKIP","floor":8},{"not_picked":["hermit:TrackingShot","hermit:LowProfile","hermit:Headshot"],"picked":"SKIP","floor":10},{"not_picked":["hermit:TakeAim","hermit:GoldenBullet"],"picked":"hermit:Determination","floor":12},{"not_picked":["hermit:TakeAim","hermit:Roulette","hermit:HighCaliber"],"picked":"SKIP","floor":14},{"not_picked":["hermit:HeroicBravado","hermit:Roughhouse"],"picked":"hermit:HighNoon","floor":16},{"not_picked":["downfall:Malfunctioning","Parasite"],"picked":"hubris:Greed","floor":17},{"not_picked":["ReplayTheSpireMod:Restless Dread","downfall:Bewildered"],"picked":"Languid","floor":17},{"not_picked":["Normality","hubris:Greed"],"picked":"Hallucinations","floor":17},{"not_picked":["hermit:ItchyTrigger","hermit:CalledShot+1"],"picked":"hermit:GoldenBullet+1","floor":18},{"not_picked":["hermit:TakeCover+1","hermit:Snipe+1","hermit:Headshot"],"picked":"SKIP","floor":18},{"not_picked":["hermit:BodyArmor+1","hermit:LuckOfTheDraw+1","hermit:WideOpen"],"picked":"SKIP","floor":20},{"not_picked":["hermit:Dive+1","hermit:BlackWind","hermit:SprayPray+1"],"picked":"SKIP","floor":20},{"not_picked":["hermit:CalledShot","hermit:Combo+1"],"picked":"hermit:Deadeye","floor":23},{"not_picked":["hermit:Vantage+1","hermit:Dive+1","hermit:LowProfile+1"],"picked":"SKIP","floor":23}],"player_experience":532355,"relics_obtained":[{"floor":6,"key":"Boot"},{"floor":9,"key":"ReplayTheSpireMod:TigerMarble"}],"event_choices":[{"damage_healed":0,"gold_gain":0,"player_choice":"Leave","damage_taken":0,"max_hp_gain":0,"max_hp_loss":0,"event_name":"The Cleric","floor":4,"gold_loss":0},{"damage_healed":0,"gold_gain":75,"player_choice":"Gather Gold","damage_taken":11,"max_hp_gain":0,"max_hp_loss":0,"event_name":"World of Goop","floor":5,"gold_loss":0},{"damage_healed":0,"gold_gain":0,"player_choice":"Traded Relic","damage_taken":0,"relics_obtained":["Nloth\u0027s Gift"],"max_hp_gain":0,"max_hp_loss":0,"event_name":"N\u0027loth","floor":21,"relics_lost":["ReplayTheSpireMod:TigerMarble"],"gold_loss":0}],"is_beta":false,"boss_relics":[{"not_picked":["hermit:BartenderGlass","hubris:RunicObelisk"],"picked":"Replay:Ancient Bell"},{"not_picked":["reliquary:PartyBalloon","reliquary:RosewoodLute"],"picked":"infinitespire:Lucky Rock"},{"not_picked":["hubris:MysteriousPyramids","ReplayTheSpireMod:Shallot"],"picked":"Toxic Egg 2"},{"not_picked":["hubris:FunFungus","hubris:BundleOfHerbs"],"picked":"Prayer Wheel"}],"items_purged_floors":[13,13,13,13,19,19],"is_endless":false,"potions_floor_spawned":[6,10,14,18],"killed_by":"Snake Plant","ascension_level":0}}