{"host":"9e8t9l667fx7pth6","time":1613122099,"event":{"mods":["2.2 Compatiblity","AchievementEnabler","Aspiration","BaseMod","BetterRewards","Custom Start","Dark Map","Halation","Hubris","Minty Spire (QoL Compilation)","Remove Card Discount Mod","StSLib","The Blue Laboratory"],"gold_per_floor":[114,125,17,32,48,79,79,79,79],"floor_reached":8,"language":"ENG","playtime":340,"items_purged":["Defend_G"],"score":107,"play_id":"a242cfbf-7c48-4322-b803-46ade4ff0f30","local_time":"20210212042819","is_ascension_mode":true,"campfire_choices":[{"floor":7,"key":"REST"}],"circlet_count":0,"master_deck":["AscendersBane","Strike_G","Strike_G","Strike_G","Strike_G","Strike_G","Defend_G","Defend_G","Defend_G","Defend_G","Survivor","Neutralize","Backflip","Dash","Blade Dance","Noxious Fumes","Blade Dance","Pride","PiercingWail","Footwork+1"],"relics":["Ring of the Snake","NeowsBlessing","Frozen Egg 2"],"acts_visited":["Exordium"],"potions_floor_usage":[5,8],"damage_taken":[{"damage":0,"enemies":"Jaw Worm","floor":1,"turns":1},{"damage":0,"enemies":"Small Slimes","floor":2,"turns":1},{"damage":0,"enemies":"2 Louse","floor":4,"turns":1},{"damage":20,"enemies":"Gremlin Gang","floor":5,"turns":5},{"damage":26,"enemies":"Lagavulin","floor":6,"turns":10},{"damage":44,"enemies":"Gremlin Nob","floor":8,"turns":6}],"seed_played":"-425916667414758837","potions_obtained":[{"floor":1,"key":"blueLaboratory:ExaltedPotion"},{"floor":6,"key":"blueLaboratory:BlinkPotion"}],"is_trial":false,"path_per_floor":["M","M","$","M","M","E","R","E"],"character_chosen":"THE_SILENT","items_purchased":["Blade Dance","Noxious Fumes"],"campfire_rested":1,"item_purchase_floors":[3,3],"current_hp_per_floor":[59,59,59,59,39,13,32,0,0],"gold":79,"neow_bonus":"THREE_ENEMY_KILL","is_daily":false,"chose_seed":false,"campfire_upgraded":0,"win_rate":0.0,"timestamp":1613122099,"path_taken":["M","M","$","M","M","E","R","E"],"items_purchased_type":["Card","Card"],"build_version":"2020-12-22","purchased_purges":1,"victory":false,"max_hp_per_floor":[66,66,66,66,66,66,66,66,66],"card_choices":[{"not_picked":["hubris:TrickCloak","Tactician"],"picked":"Backflip","floor":1},{"not_picked":["Acrobatics","Outmaneuver"],"picked":"Dash","floor":2},{"not_picked":["Backflip","Calculated Gamble"],"picked":"Blade Dance","floor":4},{"not_picked":["Skewer","Choke"],"picked":"PiercingWail","floor":5},{"not_picked":["Glass Knife","Cloak And Dagger"],"picked":"Footwork+1","floor":6}],"player_experience":1023634,"relics_obtained":[{"floor":6,"key":"Frozen Egg 2"}],"event_choices":[],"is_beta":false,"boss_relics":[],"items_purged_floors":[3],"is_endless":false,"potions_floor_spawned":[1,6],"killed_by":"Gremlin Nob","ascension_level":17}}