{"host":"v4tuy5ykrbdcm9o9","time":1613154335,"event":{"mods":["BaseMod","Duelist Mod","Minty Spire (QoL Compilation)","Replay The Spire","StSLib"],"gold_per_floor":[116,131,148,32,32,63,63,73,73,108,127,127,127,156,156,260,260,276,14,14,14,24,52,52,67,90,122,28,28,28,128,128,231,231,249,299,299,193,193,193,226,276,276,304,319,345,345,9,9,9,9,9,9,44,44],"floor_reached":56,"language":"ENG","playtime":4216,"items_purged":[],"score":1837,"play_id":"97006942-fe49-4a1f-9b22-830fc1181339","local_time":"20210212132535","is_ascension_mode":true,"campfire_choices":[{"data":"Armaments","floor":7,"key":"SMITH"},{"floor":12,"key":"RECALL"},{"floor":15,"key":"REST"},{"floor":29,"key":"REST"},{"data":"Bandage Up","floor":32,"key":"SMITH"},{"data":"ReplayTheSpireMod:Limb From Limb","floor":40,"key":"SMITH"},{"data":"ReplayTheSpireMod:Muscle Training","floor":49,"key":"SMITH"},{"data":"Perfected Strike","floor":52,"key":"SMITH"}],"circlet_count":0,"master_deck":["Strike_R","Strike_R","Strike_R","Strike_R","Strike_R","Defend_R","Defend_R","Defend_R","Defend_R","Bash","ReplayTheSpireMod:Muscle Training","Armaments+1","Heavy Blade","Inflame","Ghostly Armor","Rampage","Pommel Strike","Cleave","Double Tap","Warcry","Brutality","Replay:Undeath\u0027s Touch","Inflame","ReplayTheSpireMod:Limb From Limb+1","Ghostly","Ghostly","Ghostly","Ghostly","Ghostly","Perfected Strike+1","Sword Boomerang+1","Clash+1","Clash","Bandage Up+1","Inflame","Reaper","Warcry+1","Reckless Charge+1","Perfected Strike","Hemokinesis+1","Spot Weakness+1","Rupture","Body Slam+1","Madness","Madness","ReplayTheSpireMod:Muscle Training+1","ReplayTheSpireMod:Limb From Limb"],"relics":["Burning Blood","Gambling Chip","Replay:Kaleidoscope","Gremlin Horn","Electric Blood","Brimstone","Juzu Bracelet","Art of War","Iron Hammer","TungstenRod","Sundial","SlaversCollar","Pondfish Scales","Boot","Ginger","Garlic","Ornamental Fan","MealTicket","ReplayTheSpireMod:Ninjato","Pet Ghost"],"acts_visited":["Exordium","TheCity","TheBeyond","TheEnding"],"potions_floor_usage":[6,11,14,14,25,33,36,42,50,54],"damage_taken":[{"damage":10,"enemies":"Cultist","floor":1,"turns":5},{"damage":7,"enemies":"2 Louse","floor":2,"turns":5},{"damage":5,"enemies":"Small Slimes","floor":3,"turns":4},{"damage":10,"enemies":"3 Sentries","floor":6,"turns":7},{"damage":4,"enemies":"Blue Slaver","floor":8,"turns":5},{"damage":22,"enemies":"Gremlin Nob","floor":10,"turns":4},{"damage":1,"enemies":"Large Slime","floor":11,"turns":4},{"damage":22,"enemies":"3 Sentries","floor":14,"turns":6},{"damage":72,"enemies":"The Guardian","floor":16,"turns":10},{"damage":24,"enemies":"Shell Parasite","floor":18,"turns":3},{"damage":18,"enemies":"3 Byrds","floor":22,"turns":4},{"damage":6,"enemies":"theDuelist:KaibaA2","floor":23,"turns":4},{"damage":13,"enemies":"Centurion and Healer","floor":25,"turns":4},{"damage":6,"enemies":"Gremlin Leader","floor":27,"turns":4},{"damage":8,"enemies":"Colosseum Slavers","floor":31,"turns":3},{"damage":9,"enemies":"Colosseum Nobs","floor":31,"turns":4},{"damage":8,"enemies":"Automaton","floor":33,"turns":5},{"damage":6,"enemies":"3 Shapes","floor":35,"turns":3},{"damage":38,"enemies":"2 Orb Walkers","floor":36,"turns":5},{"damage":2,"enemies":"Nemesis","floor":41,"turns":5},{"damage":3,"enemies":"Mind Bloom Boss Battle","floor":42,"turns":4},{"damage":2,"enemies":"Reptomancer","floor":44,"turns":3},{"damage":0,"enemies":"3 Darklings","floor":45,"turns":4},{"damage":1,"enemies":"Giant Head","floor":46,"turns":5},{"damage":60,"enemies":"Time Eater","floor":50,"turns":7},{"damage":33,"enemies":"Shield and Spear","floor":54,"turns":4},{"damage":33,"enemies":"The Heart","floor":55,"turns":8}],"seed_played":"6636723076112979058","potions_obtained":[{"floor":1,"key":"SkillPotion"},{"floor":3,"key":"Milkshake"},{"floor":10,"key":"ColorlessPotion"},{"floor":11,"key":"SteroidPotion"},{"floor":18,"key":"FairyPotion"},{"floor":23,"key":"Swift Potion"},{"floor":31,"key":"Languid Potion"},{"floor":33,"key":"PowerPotion"},{"floor":36,"key":"Explosive Potion"},{"floor":42,"key":"Elixir"},{"floor":46,"key":"Dexterity Potion"}],"is_trial":false,"path_per_floor":["M","M","M","$","$","E","R","M","T","E","M","R","?","E","R","B",null,"M","$","?","?","M","E","$","M","T","E","$","R","$","?","R","B",null,"M","?","?","$","?","R","E","?","T","E","M","E","?","$","R","B",null,"R","$","E","B",null],"character_chosen":"IRONCLAD","items_purchased":["Inflame","Ghostly Armor","Inflame","ReplayTheSpireMod:Limb From Limb","Brimstone","Bandage Up","Adrenaline Potion","Perfected Strike","ReplayTheSpireMod:Ninjato","ReplayTheSpireMod:Muscle Training"],"campfire_rested":2,"item_purchase_floors":[4,4,19,19,19,28,38,38,48,48],"current_hp_per_floor":[76,75,76,76,76,72,72,74,74,58,63,63,63,47,73,7,68,50,50,44,44,32,32,32,25,25,25,25,38,38,33,33,37,42,42,12,12,12,38,38,38,38,38,38,38,38,34,38,38,13,32,32,38,17,12],"gold":44,"neow_bonus":"TEN_PERCENT_HP_BONUS","is_daily":false,"chose_seed":false,"campfire_upgraded":5,"win_rate":0.0,"timestamp":1613154335,"path_taken":["M","M","M","?","$","E","R","M","T","E","M","R","?","E","R","BOSS","M","?","?","?","M","E","$","M","T","E","$","R","?","?","R","BOSS","M","?","?","$","?","R","E","?","T","E","M","E","?","$","R","BOSS","R","$","E","BOSS"],"items_purchased_type":["Card","Card","Card","Card","Relic","Card","Potion","Card","Relic","Card"],"build_version":"2020-12-22","purchased_purges":0,"victory":true,"max_hp_per_floor":[88,88,88,88,88,88,88,88,88,88,88,88,88,88,88,88,88,88,88,44,44,44,44,44,44,44,44,44,44,44,44,44,44,44,44,44,44,44,38,38,38,38,38,38,38,38,38,38,38,38,38,38,38,38,38],"card_choices":[{"not_picked":["Body Slam","Sword Boomerang"],"picked":"ReplayTheSpireMod:Muscle Training","floor":1},{"not_picked":["Sever Soul","Dropkick"],"picked":"Armaments","floor":2},{"not_picked":["Run Through","Body Slam"],"picked":"Heavy Blade","floor":3},{"not_picked":["Iron Wave","Corruption"],"picked":"Rampage","floor":6},{"not_picked":["Havoc","Rage"],"picked":"Pommel Strike","floor":8},{"not_picked":["Sword Boomerang","ReplayTheSpireMod:Strike From Hell"],"picked":"Cleave","floor":10},{"not_picked":["Clash","ReplayReversal"],"picked":"Double Tap","floor":11},{"not_picked":["Ghostly Armor","Twin Strike"],"picked":"Warcry","floor":14},{"not_picked":["Barricade","Demonic Infusion"],"picked":"Brutality","floor":16},{"not_picked":["True Grit","Defy Death"],"picked":"Replay:Undeath\u0027s Touch","floor":18},{"not_picked":["Clash","ReplayTheSpireMod:LeadingStrike"],"picked":"Perfected Strike","floor":22},{"not_picked":["Havoc","Warcry"],"picked":"Sword Boomerang+1","floor":23},{"not_picked":["Cleave","Pummel"],"picked":"Clash+1","floor":25},{"not_picked":["Pummel","Run Through"],"picked":"Clash","floor":27},{"not_picked":["Iron Wave","Bludgeon"],"picked":"Inflame","floor":31},{"not_picked":["Fiend Fire","Barricade"],"picked":"Reaper","floor":33},{"not_picked":["Blood for Blood","Defy Death"],"picked":"Warcry+1","floor":35},{"not_picked":["Run Through+1","ReplayTheSpireMod:Strike From Hell"],"picked":"Reckless Charge+1","floor":36},{"not_picked":["Clothesline","Shrug It Off"],"picked":"Hemokinesis+1","floor":41},{"not_picked":["Run Through+1","Fire Breathing"],"picked":"Spot Weakness+1","floor":42},{"not_picked":["Disarm","Power Through","Wild Strike"],"picked":"SKIP","floor":44},{"not_picked":["Evolve","Iron Wave+1"],"picked":"Rupture","floor":45},{"not_picked":["ReplayTheSpireMod:Stacked","Life Link+1"],"picked":"Body Slam+1","floor":46},{"not_picked":["Shockwave+1","Sword Boomerang"],"picked":"ReplayTheSpireMod:Limb From Limb","floor":54}],"player_experience":848236,"relics_obtained":[{"floor":6,"key":"Gambling Chip"},{"floor":10,"key":"Replay:Kaleidoscope"},{"floor":14,"key":"Gremlin Horn"},{"floor":23,"key":"Juzu Bracelet"},{"floor":26,"key":"Art of War"},{"floor":27,"key":"Iron Hammer"},{"floor":31,"key":"TungstenRod"},{"floor":31,"key":"Sundial"},{"floor":36,"key":"Pondfish Scales"},{"floor":41,"key":"Boot"},{"floor":42,"key":"Ginger"},{"floor":43,"key":"Garlic"},{"floor":44,"key":"Ornamental Fan"},{"floor":46,"key":"MealTicket"},{"floor":54,"key":"Pet Ghost"}],"event_choices":[{"damage_healed":0,"gold_gain":0,"player_choice":"Ignored","damage_taken":0,"max_hp_gain":0,"max_hp_loss":0,"event_name":"Transmorgrifier","floor":13,"gold_loss":0},{"damage_healed":0,"gold_gain":0,"player_choice":"Became a Ghost","damage_taken":0,"max_hp_gain":0,"max_hp_loss":44,"event_name":"Ghosts","floor":20,"gold_loss":0,"cards_obtained":["Ghostly","Ghostly","Ghostly","Ghostly","Ghostly"]},{"damage_healed":0,"gold_gain":0,"player_choice":"Ignored","damage_taken":0,"max_hp_gain":0,"max_hp_loss":0,"event_name":"Cursed Tome","floor":21,"gold_loss":0},{"damage_healed":0,"gold_gain":0,"player_choice":"Fight","damage_taken":0,"max_hp_gain":0,"max_hp_loss":0,"event_name":"Colosseum","floor":31,"gold_loss":0},{"damage_healed":0,"gold_gain":0,"player_choice":"Fought Nobs","damage_taken":0,"max_hp_gain":0,"max_hp_loss":0,"event_name":"Colosseum","floor":31,"gold_loss":0},{"damage_healed":0,"gold_gain":0,"player_choice":"Fight","damage_taken":0,"max_hp_gain":0,"max_hp_loss":0,"event_name":"Mysterious Sphere","floor":36,"gold_loss":0},{"damage_healed":0,"gold_gain":0,"player_choice":"Ignored","damage_taken":0,"max_hp_gain":0,"max_hp_loss":0,"event_name":"Tomb of Lord Red Mask","floor":37,"gold_loss":0},{"damage_healed":38,"gold_gain":0,"player_choice":"Heal","damage_taken":0,"max_hp_gain":0,"max_hp_loss":6,"event_name":"The Moai Head","floor":39,"gold_loss":0},{"damage_healed":0,"gold_gain":0,"player_choice":"Fight","damage_taken":0,"max_hp_gain":0,"max_hp_loss":0,"event_name":"MindBloom","floor":42,"gold_loss":0},{"damage_healed":0,"gold_gain":0,"player_choice":"Embrace Madness","damage_taken":5,"max_hp_gain":0,"max_hp_loss":0,"event_name":"Winding Halls","floor":47,"gold_loss":0,"cards_obtained":["Madness","Madness"]}],"is_beta":false,"boss_relics":[{"not_picked":["SacredBark","Ring of Chaos"],"picked":"Electric Blood"},{"not_picked":["Pandora\u0027s Box","Painkiller Herb"],"picked":"SlaversCollar"}],"items_purged_floors":[],"is_endless":false,"potions_floor_spawned":[1,3,10,11,18,23,31,33,36,42,46],"ascension_level":9}}