{"host":"Jedit","time":1613091625,"event":{"mods":["BaseMod","Minty Spire (QoL Compilation)","Relic Stats","StSLib"],"gold_per_floor":[119,119,119,5,19,50,50,71,71,96,115,131,174,195,195,291,291,311,311,311,329,329,329,329],"floor_reached":23,"language":"ENG","playtime":717,"items_purged":[],"score":456,"play_id":"402a5c6f-f2c5-4343-b435-b5fde56905e3","local_time":"20210212010025","is_ascension_mode":true,"campfire_choices":[{"data":"Skewer","floor":7.0,"key":"SMITH"},{"floor":15.0,"key":"REST"}],"circlet_count":0,"master_deck":["AscendersBane","Strike_G+1","Strike_G+1","Strike_G+1","Strike_G+1","Strike_G+1","Defend_G+1","Defend_G+1","Defend_G+1","Defend_G+1","Defend_G+1","Survivor+1","Neutralize","Calculated Gamble","Skewer+1","Deflect","Dagger Spray","Dagger Throw","Endless Agony","Underhanded Strike","Envenom","Die Die Die","Eviscerate","Regret"],"relics":["Ring of the Snake","NeowsBlessing","Golden Idol","Singing Bowl","War Paint","Darkstone Periapt","Cursed Key","Enchiridion","Gremlin Horn"],"acts_visited":["Exordium","TheCity"],"potions_floor_usage":[16],"damage_taken":[{"damage":0.0,"enemies":"Cultist","floor":1.0,"turns":1.0},{"damage":0.0,"enemies":"2 Louse","floor":5.0,"turns":1.0},{"damage":0.0,"enemies":"Lagavulin","floor":6.0,"turns":1.0},{"damage":0.0,"enemies":"Jaw Worm","floor":8.0,"turns":3.0},{"damage":0.0,"enemies":"Looter","floor":10.0,"turns":3.0},{"damage":0.0,"enemies":"Exordium Wildlife","floor":11.0,"turns":2.0},{"damage":0.0,"enemies":"Blue Slaver","floor":12.0,"turns":2.0},{"damage":28.0,"enemies":"3 Sentries","floor":13.0,"turns":10.0},{"damage":2.0,"enemies":"Exordium Thugs","floor":14.0,"turns":5.0},{"damage":21,"enemies":"Slime Boss","floor":16,"turns":8},{"damage":16,"enemies":"Chosen","floor":18,"turns":5},{"damage":0,"enemies":"3 Byrds","floor":21,"turns":3},{"damage":47,"enemies":"Book of Stabbing","floor":23,"turns":5}],"seed_played":"8796044297024770519","potions_obtained":[{"floor":1.0,"key":"FearPotion"},{"floor":11.0,"key":"Fire Potion"},{"floor":12.0,"key":"FairyPotion"}],"is_trial":false,"path_per_floor":["M","?","?","$","M","E","R","M","T","M","M","M","E","M","R","B",null,"M","?","?","M","T","E"],"character_chosen":"THE_SILENT","items_purchased":["Skewer","Deflect"],"campfire_rested":1,"item_purchase_floors":[4,4],"current_hp_per_floor":[59,59,41,41,41,41,41,41,41,43,43,45,17,17,36,15,53,39,39,18,18,24,0,0],"gold":329,"neow_bonus":"THREE_ENEMY_KILL","is_daily":false,"chose_seed":false,"campfire_upgraded":1,"win_rate":0.0,"timestamp":1613091625,"path_taken":["M","?","?","$","M","E","R","M","T","M","M","M","E","M","R","BOSS","M","?","?","M","?","E"],"items_purchased_type":["Card","Card"],"build_version":"2020-12-18","purchased_purges":0,"victory":false,"max_hp_per_floor":[66,60,60,60,60,60,60,60,60,62,62,64,64,66,66,66,66,68,68,68,68,74,74,74],"relic_stats":{"Darkstone Periapt":6,"Singing Bowl":8,"Gremlin Horn":[0,0],"counters":[13,49],"Golden Idol":65,"War Paint":["Survivor","Defend_G"],"Cursed Key":1,"obtain_stats":[{"Darkstone Periapt":13,"NeowsBlessing":0,"Singing Bowl":6,"Gremlin Horn":22,"Golden Idol":2,"Enchiridion":20,"War Paint":9,"Cursed Key":17,"Ring of the Snake":0},{"Darkstone Periapt":8,"NeowsBlessing":0,"Singing Bowl":3,"Gremlin Horn":12,"Golden Idol":1,"Enchiridion":11,"War Paint":4,"Cursed Key":10,"Ring of the Snake":0},{"Darkstone Periapt":23,"NeowsBlessing":0,"Singing Bowl":3,"Gremlin Horn":44,"Golden Idol":1,"Enchiridion":41,"War Paint":6,"Cursed Key":36,"Ring of the Snake":0}],"Ring of the Snake":[26]},"card_choices":[{"not_picked":["PiercingWail","Dodge and Roll"],"picked":"Calculated Gamble","floor":1.0},{"not_picked":["Escape Plan","Slice"],"picked":"Dagger Spray","floor":5.0},{"not_picked":["Infinite Blades","Deadly Poison"],"picked":"Dagger Throw","floor":6.0},{"not_picked":["Outmaneuver","PiercingWail"],"picked":"Endless Agony","floor":8.0},{"not_picked":["Quick Slash","Cloak And Dagger","Bouncing Flask"],"picked":"Singing Bowl","floor":10.0},{"not_picked":["PiercingWail","Bane"],"picked":"Underhanded Strike","floor":11.0},{"not_picked":["Concentrate","PiercingWail","Poisoned Stab"],"picked":"Singing Bowl","floor":12.0},{"not_picked":["Doppelganger","Outmaneuver"],"picked":"Envenom","floor":13.0},{"not_picked":["Dagger Throw","Flying Knee","Outmaneuver"],"picked":"Singing Bowl","floor":14.0},{"not_picked":["A Thousand Cuts","Burst"],"picked":"Die Die Die","floor":16},{"not_picked":["Catalyst+1","Acrobatics","Dagger Throw"],"picked":"Singing Bowl","floor":18},{"not_picked":["Concentrate","Outmaneuver"],"picked":"Eviscerate","floor":21}],"player_experience":3479173,"relics_obtained":[{"floor":6.0,"key":"Singing Bowl"},{"floor":9.0,"key":"War Paint"},{"floor":13.0,"key":"Darkstone Periapt"},{"floor":20,"key":"Enchiridion"},{"floor":22,"key":"Gremlin Horn"}],"event_choices":[{"damage_healed":0.0,"max_hp_gain":0.0,"max_hp_loss":6.0,"gold_gain":0.0,"event_name":"Golden Idol","player_choice":"Lose Max HP","floor":2.0,"gold_loss":0.0,"damage_taken":0.0,"relics_obtained":["Golden Idol"]},{"damage_healed":0.0,"max_hp_gain":0.0,"max_hp_loss":0.0,"gold_gain":0.0,"event_name":"Shining Light","player_choice":"Entered Light","floor":3.0,"gold_loss":0.0,"damage_taken":18.0,"cards_upgraded":["Strike_G","Defend_G"]},{"damage_healed":0,"gold_gain":0,"player_choice":"Simplicity","damage_taken":0,"max_hp_gain":0,"max_hp_loss":0,"event_name":"Back to Basics","floor":19,"gold_loss":0,"cards_upgraded":["Strike_G","Strike_G","Strike_G","Strike_G","Defend_G","Defend_G","Defend_G"]},{"damage_healed":0,"gold_gain":0,"player_choice":"Obtained Book","damage_taken":21,"max_hp_gain":0,"max_hp_loss":0,"event_name":"Cursed Tome","floor":20,"gold_loss":0}],"is_beta":true,"boss_relics":[{"not_picked":["SacredBark","Coffee Dripper"],"picked":"Cursed Key"}],"items_purged_floors":[],"is_endless":false,"potions_floor_spawned":[1,11,12,13],"killed_by":"Book of Stabbing","ascension_level":20}}