{"host":"enpah696raxjhbxd","time":1613134304,"event":{"mods":["BaseMod","Challenge The Spire","Chen","Colored Powertips","Friendly Minions","Minty Spire (QoL Compilation)","Replay The Spire","StSLib","TestMod","The Bladedancer","The Poker Player","UnlockEverythingMod"],"gold_per_floor":[115,115,115,134,151,151,179,179,253,269,283,302,302,329,329,407,407,425,425,425,47,47,81,95,95,119,144,144,155,105,136,136,209,209,221,221,621,621,536,561,685,890,890,1031,1171,1183,1183,1233,1233,1398,1658],"floor_reached":52,"language":"ZHS","playtime":2179,"items_purged":["Parasite","Defend_G"],"score":2637,"play_id":"e54ffb6d-a98b-4ea8-93a7-a8dedb84bc08","local_time":"20210212205144","is_ascension_mode":true,"campfire_choices":[{"data":"Cloak And Dagger","floor":6,"key":"SMITH"},{"data":"Neutralize","floor":8,"key":"SMITH"},{"data":"Caltrops","floor":15,"key":"SMITH"},{"data":"Infinite Blades","floor":25,"key":"SMITH"},{"data":"Phantasmal Killer","floor":28,"key":"SMITH"},{"data":"Dagger Spray","floor":32,"key":"SMITH"},{"data":"testmod-Collector","floor":47,"key":"SMITH"},{"data":"Pot Of Greed","floor":49,"key":"SMITH"}],"circlet_count":0,"master_deck":["AscendersBane","Strike_G","Strike_G","Strike_G","Strike_G","Strike_G","Defend_G","Defend_G","Defend_G","Defend_G","Survivor","Neutralize+1","Cloak And Dagger+1","Caltrops+1","Dagger Spray+1","Flying Knee","Sucker Punch","Phantasmal Killer+1","Infinite Blades+1","Cloak And Dagger+1","Cloak And Dagger+1","Cloak And Dagger+1","Expertise+1","testmod-Collector+1","testmod-PulseDistributor+1","Deadly Poison+1","Bane+1","Poisoned Stab+1","Shame","Regret","Pot Of Greed+1","Pot Of Greed","Pot Of Greed"],"relics":["testmod-SaigiyounoYou","ReplayTheSpireMod:TigerMarble","Boot","Paper Crane","Sizzling Blood","Dream Catcher","testmod-TimeTraveler","Ring of Fangs","Membership Card","Kunai","Anchor","Replay:Rubber Ducky","testmod-TurbochargingSystem","Akabeko","Cursed Key","Guide Book","Replay:Bandana","testmod-Brilliant","Singing Bowl","testmod-InfectionSource","Grinning Jar"],"acts_visited":["Exordium","TheCity","TheBeyond"],"potions_floor_usage":[5,11,12,23,31,42,42,42,50,50],"damage_taken":[{"damage":11,"enemies":"Small Slimes","floor":1,"turns":5},{"damage":6,"enemies":"Jaw Worm","floor":4,"turns":3},{"damage":10,"enemies":"2 Louse","floor":5,"turns":4},{"damage":25,"enemies":"Gremlin Nob","floor":7,"turns":5},{"damage":8,"enemies":"Large Slime","floor":10,"turns":4},{"damage":0,"enemies":"Blue Slaver","floor":11,"turns":3},{"damage":0,"enemies":"Red Slaver","floor":12,"turns":3},{"damage":34,"enemies":"Lagavulin","floor":14,"turns":8},{"damage":65,"enemies":"The Guardian","floor":16,"turns":12},{"damage":29,"enemies":"2 Thieves","floor":18,"turns":4},{"damage":68,"enemies":"Gremlin Leader","floor":23,"turns":9},{"damage":0,"enemies":"Chosen","floor":24,"turns":4},{"damage":0,"enemies":"Book of Stabbing","floor":27,"turns":5},{"damage":0,"enemies":"Centurion and Healer","floor":29,"turns":6},{"damage":15,"enemies":"Gremlin Leader","floor":31,"turns":5},{"damage":24,"enemies":"Pondfish","floor":33,"turns":9},{"damage":0,"enemies":"Orb Walker","floor":35,"turns":3},{"damage":35,"enemies":"R_Hoarder","floor":40,"turns":7},{"damage":2,"enemies":"3 Darklings","floor":41,"turns":3},{"damage":44,"enemies":"Reptomancer","floor":42,"turns":6},{"damage":52,"enemies":"Writhing Mass","floor":44,"turns":6},{"damage":25,"enemies":"Nemesis","floor":45,"turns":5},{"damage":0,"enemies":"Sphere and 2 Shapes","floor":46,"turns":1},{"damage":217,"enemies":"Time Eater","floor":50,"turns":12},{"damage":108,"enemies":"Awakened One","floor":51,"turns":10}],"seed_played":"3099812997230868720","potions_obtained":[{"floor":1,"key":"Adrenaline Potion"},{"floor":4,"key":"SkillPotion"},{"floor":10,"key":"Block Potion"},{"floor":16,"key":"FearPotion"},{"floor":29,"key":"CunningPotion"},{"floor":41,"key":"EntropicBrew"},{"floor":42,"key":"Swift Potion"},{"floor":45,"key":"Energy Potion"}],"is_trial":false,"path_per_floor":["M","?","$","M","M","R","E","R","T","M","M","M","?","E","R","B",null,"M","?","?","$","?","E","M","R","T","E","R","M","$","E","R","B",null,"M","?","?","?","$","E","M","E","T","M","E","M","R","T","R","B","B",null],"character_chosen":"THE_SILENT","items_purchased":["Membership Card","Kunai","Infinite Blades","Guide Book"],"campfire_rested":0,"item_purchase_floors":[21,21,21,39],"current_hp_per_floor":[57,31,31,34,31,31,23,23,23,33,43,52,56,49,49,34,61,54,54,54,54,54,15,38,38,38,67,67,67,67,67,67,67,67,67,57,57,57,57,67,67,67,67,24,57,63,63,63,63,14,49],"gold":1658,"neow_bonus":"RANDOM_COMMON_RELIC","is_daily":false,"chose_seed":false,"campfire_upgraded":8,"win_rate":0.0,"timestamp":1613134304,"path_taken":["M","?","$","M","M","R","E","R","T","M","M","M","?","E","R","BOSS","M","?","?","$","?","E","?","R","T","E","R","M","$","E","R","BOSS","M","?","?","?","$","E","M","E","T","M","E","?","R","?","R","BOSS","BOSS"],"items_purchased_type":["Relic","Relic","Card","Relic"],"build_version":"2020-12-22","purchased_purges":2,"victory":true,"max_hp_per_floor":[66,66,66,66,66,66,66,66,66,66,66,66,70,70,70,70,70,70,70,70,67,67,67,67,67,67,67,67,67,67,67,67,67,67,67,67,67,67,67,67,67,67,67,69,71,73,73,73,73,73,73],"card_choices":[{"not_picked":["ReplayTheSpireMod:Exploit Weakness","Outmaneuver"],"picked":"Cloak And Dagger","floor":1},{"not_picked":["Deflect","Finisher","Slice"],"picked":"SKIP","floor":4},{"not_picked":["Bane","Distraction"],"picked":"Caltrops","floor":5},{"not_picked":["Bullet Time","ReplayTheSpireMod:Speed Training"],"picked":"Dagger Spray","floor":7},{"not_picked":["Slice","Underhanded Strike","Prepared"],"picked":"SKIP","floor":10},{"not_picked":["Caltrops","ReplayTheSpireMod:Speed Training","Leg Sweep"],"picked":"SKIP","floor":11},{"not_picked":["Underhanded Strike","Endless Agony"],"picked":"Flying Knee","floor":12},{"not_picked":["Choke","Sucker Punch","Finisher"],"picked":"SKIP","floor":14},{"not_picked":["Choke","Finisher"],"picked":"Sucker Punch","floor":14},{"not_picked":["Unload","Poison Darts"],"picked":"Phantasmal Killer","floor":16},{"not_picked":["Calculated Gamble","Underhanded Strike+1","Deflect"],"picked":"SKIP","floor":18},{"not_picked":["Underhanded Strike","Deflect"],"picked":"Cloak And Dagger+1","floor":23},{"not_picked":["Underhanded Strike","Slice+1","Dodge and Roll"],"picked":"SKIP","floor":24},{"not_picked":["Die Die Die","Prepared","Bullet Time"],"picked":"SKIP","floor":27},{"not_picked":["Prepared","Poisoned Stab","Backflip"],"picked":"SKIP","floor":29},{"not_picked":["Deadly Poison","Predator+1"],"picked":"Cloak And Dagger+1","floor":31},{"not_picked":["Underhanded Strike","Slice"],"picked":"Expertise","floor":35},{"not_picked":["Swift Strike","Madness"],"picked":"testmod-Collector","floor":36},{"not_picked":["Dramatic Entrance","Mind Blast"],"picked":"testmod-PulseDistributor","floor":36},{"not_picked":["Dodge and Roll","Well Laid Plans"],"picked":"Deadly Poison+1","floor":40},{"not_picked":["Slice+1","Flying Knee"],"picked":"Bane+1","floor":41},{"not_picked":["Reflex","Deflect"],"picked":"Poisoned Stab+1","floor":42},{"not_picked":["Blur+1","Distraction","Dagger Spray+1"],"picked":"Singing Bowl","floor":44},{"not_picked":["Sucker Punch+1","Slice","Backflip+1"],"picked":"Singing Bowl","floor":45},{"not_picked":["Underhanded Strike","Poisoned Stab","Blade Dance"],"picked":"Singing Bowl","floor":46}],"player_experience":223749,"relics_obtained":[{"floor":7,"key":"Paper Crane"},{"floor":14,"key":"Dream Catcher"},{"floor":20,"key":"Ring of Fangs"},{"floor":23,"key":"Anchor"},{"floor":26,"key":"Replay:Rubber Ducky"},{"floor":27,"key":"testmod-TurbochargingSystem"},{"floor":31,"key":"Akabeko"},{"floor":40,"key":"Replay:Bandana"},{"floor":42,"key":"testmod-Brilliant"},{"floor":43,"key":"Singing Bowl"},{"floor":45,"key":"testmod-InfectionSource"},{"floor":48,"key":"Grinning Jar"}],"event_choices":[{"damage_healed":0,"gold_gain":0,"player_choice":"Success","damage_taken":26,"relics_obtained":["Boot"],"max_hp_gain":0,"max_hp_loss":0,"event_name":"Scrap Ooze","floor":2,"gold_loss":0},{"damage_healed":0,"gold_gain":0,"player_choice":"Copied","damage_taken":0,"max_hp_gain":0,"max_hp_loss":0,"event_name":"Duplicator","floor":22,"gold_loss":0,"cards_obtained":["Cloak And Dagger"]},{"damage_healed":0,"gold_gain":0,"player_choice":"Memory 3","damage_taken":10,"max_hp_gain":0,"max_hp_loss":0,"event_name":"SensoryStone","floor":36,"gold_loss":0},{"damage_healed":0,"gold_gain":400,"player_choice":"Sell","damage_taken":0,"max_hp_gain":0,"max_hp_loss":0,"event_name":"¶÷ÂåË¹µÄÅÌ×Ó","floor":37,"relics_lost":["testmod-TestBox"],"gold_loss":0},{"damage_healed":0,"gold_gain":0,"player_choice":"Ignored","damage_taken":0,"max_hp_gain":0,"max_hp_loss":0,"event_name":"SecretPortal","floor":38,"gold_loss":0}],"is_beta":false,"boss_relics":[{"not_picked":["Ring of Chaos","ReplayTheSpireMod:DimensionalGlitch"],"picked":"testmod-TimeTraveler"},{"not_picked":["Velvet Choker","testmod-IncinerationGenerator"],"picked":"Cursed Key"}],"items_purged_floors":[21,30],"is_endless":false,"potions_floor_spawned":[1,4,10,16,29,41,42,45],"ascension_level":20}}