{"host":"bf5upntvbdompq33","time":1613170497,"event":{"mods":["BaseMod","Bestiary","Colored Map","Colored Powertips","Curses Come First","Minty Spire (QoL Compilation)","StSLib","ojb\u0027s Info Mod"],"gold_per_floor":[115,115,126,47,122,138,171,171,171,183,202,167,202,47,47,144,144,162,173,173,173,188,188,188,188],"floor_reached":24,"language":"ENG","playtime":1418,"items_purged":["Strike_B"],"score":358,"play_id":"63f1dd80-1773-4d8e-a4f7-4f5d42ca9aad","local_time":"20210212155457","is_ascension_mode":true,"campfire_choices":[{"floor":15,"key":"REST"},{"data":"1","floor":23,"key":"LIFT"}],"circlet_count":0,"master_deck":["AscendersBane","Strike_B","Strike_B","Strike_B","Defend_B","Defend_B","Defend_B","Defend_B","Zap","Dualcast","Ball Lightning","Streamline","Hyperbeam","Scrape","Steam","Go for the Eyes","Rebound","Creative AI","Echo Form","Ball Lightning","Hologram+1","Go for the Eyes"],"relics":["Cracked Core","Girya","Question Card","StrikeDummy","Anchor","Runic Pyramid"],"acts_visited":["Exordium","TheCity"],"potions_floor_usage":[10,13,16,19,22],"damage_taken":[{"damage":0,"enemies":"Small Slimes","floor":1,"turns":3},{"damage":7,"enemies":"Jaw Worm","floor":3,"turns":2},{"damage":0,"enemies":"2 Louse","floor":6,"turns":1},{"damage":41,"enemies":"Lagavulin","floor":7,"turns":6},{"damage":0,"enemies":"Red Slaver","floor":10,"turns":1},{"damage":0,"enemies":"2 Fungi Beasts","floor":11,"turns":2},{"damage":0,"enemies":"3 Sentries","floor":13,"turns":2},{"damage":24,"enemies":"Slime Boss","floor":16,"turns":9},{"damage":5,"enemies":"Chosen","floor":18,"turns":6},{"damage":17,"enemies":"2 Thieves","floor":19,"turns":3},{"damage":32,"enemies":"3 Cultists","floor":22,"turns":5},{"damage":46,"enemies":"Book of Stabbing","floor":24,"turns":5}],"seed_played":"-2802629513858070121","potions_obtained":[{"floor":1,"key":"Explosive Potion"},{"floor":7,"key":"PotionOfCapacity"},{"floor":8,"key":"DuplicationPotion"},{"floor":11,"key":"BlessingOfTheForge"},{"floor":13,"key":"PowerPotion"},{"floor":16,"key":"PowerPotion"},{"floor":22,"key":"FearPotion"}],"is_trial":false,"path_per_floor":["M","?","M","$","?","M","E","?","T","M","M","?","E","$","R","B",null,"M","M","?","?","M","R","E"],"character_chosen":"DEFECT","items_purchased":["Hyperbeam","Creative AI"],"campfire_rested":1,"item_purchase_floors":[4,14],"current_hp_per_floor":[68,61,54,54,43,43,2,2,2,2,2,20,20,20,42,18,61,56,39,39,75,43,43,0,0],"gold":188,"neow_bonus":"ONE_RARE_RELIC","is_daily":false,"chose_seed":false,"campfire_upgraded":0,"win_rate":0.0,"timestamp":1613170497,"path_taken":["M","?","M","$","?","M","E","?","T","M","?","?","E","$","R","BOSS","M","M","?","?","?","R","E"],"items_purchased_type":["Card","Card"],"build_version":"2020-12-22","purchased_purges":1,"victory":false,"max_hp_per_floor":[75,75,75,75,75,75,75,75,75,75,75,75,75,75,75,75,75,75,75,75,75,75,75,75,75],"card_choices":[{"not_picked":["Recycle","Redo"],"picked":"Ball Lightning","floor":1},{"not_picked":["Sweeping Beam","Leap"],"picked":"Streamline","floor":3},{"not_picked":["White Noise","Recycle"],"picked":"Scrape","floor":6},{"not_picked":["Electrodynamics","Chaos","Lockon"],"picked":"SKIP","floor":7},{"not_picked":["Force Field","Stack","Heatsinks"],"picked":"Steam","floor":10},{"not_picked":["Auto Shields","Melter","Force Field"],"picked":"Go for the Eyes","floor":11},{"not_picked":["Heatsinks","Consume","Sweeping Beam"],"picked":"Rebound","floor":13},{"not_picked":["Machine Learning","Reboot","Thunder Strike"],"picked":"Echo Form","floor":16},{"not_picked":["Coolheaded+1","Sweeping Beam","Skim+1"],"picked":"Ball Lightning","floor":18},{"not_picked":["Steam+1","Compile Driver","Streamline"],"picked":"Hologram+1","floor":19},{"not_picked":["Defragment+1","Biased Cognition","Compile Driver+1"],"picked":"Go for the Eyes","floor":22}],"player_experience":1550363,"relics_obtained":[{"floor":7,"key":"Question Card"},{"floor":9,"key":"StrikeDummy"},{"floor":13,"key":"Anchor"}],"event_choices":[{"cards_removed":["Normality"],"damage_healed":0,"gold_gain":0,"player_choice":"Card Removal","damage_taken":7,"max_hp_gain":0,"max_hp_loss":0,"event_name":"Golden Wing","floor":2,"gold_loss":0},{"damage_healed":0,"gold_gain":75,"player_choice":"Gather Gold","damage_taken":11,"max_hp_gain":0,"max_hp_loss":0,"event_name":"World of Goop","floor":5,"gold_loss":0},{"damage_healed":0,"gold_gain":0,"player_choice":"Got Potions","damage_taken":0,"max_hp_gain":0,"max_hp_loss":0,"event_name":"Lab","floor":8,"gold_loss":0},{"damage_healed":18,"gold_gain":0,"player_choice":"Healed","damage_taken":0,"max_hp_gain":0,"max_hp_loss":0,"event_name":"The Cleric","floor":12,"gold_loss":35},{"damage_healed":0,"gold_gain":0,"player_choice":"Ignored","damage_taken":0,"max_hp_gain":0,"max_hp_loss":0,"event_name":"Vampires","floor":20,"gold_loss":0},{"damage_healed":36,"gold_gain":0,"player_choice":"Full Heal","damage_taken":0,"max_hp_gain":0,"max_hp_loss":0,"event_name":"Wheel of Change","floor":21,"gold_loss":0}],"is_beta":false,"boss_relics":[{"not_picked":["Pandora\u0027s Box","SlaversCollar"],"picked":"Runic Pyramid"}],"items_purged_floors":[14],"is_endless":false,"potions_floor_spawned":[1,7,11,13,16,22],"killed_by":"Book of Stabbing","ascension_level":11}}