{"host":"ap8nepptd6icxyz7","time":1613126292,"event":{"mods":["2.2 Compatiblity","AchievementEnabler","BaseMod","Bestiary","Better Altar","Better Match","Better Note","Better Sensory Stone","Better Skull","Better Third Choice","Better Vampires","Colored Powertips","Colorless Booster Pack","Displayed Cursed Tome","Faster Ascension Climbing","Hermit","Highlight Path","Hubris","Marked Mod","Mimic Mod","Minty Spire (QoL Compilation)","Permanent Neow","Quick Restart","RRrroohrrRGHHhhh!!","Random Character Button","Rare Cards Sparkle","Relic Sorter","Relic Stats","SacredBarkPlus","Spikes Relics","StSLib","Uncapped"],"gold_per_floor":[115,115,115,135,147,147,147],"floor_reached":6,"language":"ENG","playtime":410,"items_purged":[],"score":47,"play_id":"d8c885a4-1fc6-4766-8990-a25883f348e9","local_time":"20210212043812","is_ascension_mode":true,"campfire_choices":[],"circlet_count":0,"master_deck":["Strike_R+1","Strike_R","Strike_R","Strike_R","Strike_R","Defend_R+1","Defend_R","Defend_R","Defend_R","Bash","hubris:ReadiedAction","Entrench","Hemokinesis"],"relics":["Burning Blood","Lizard Tail","Toy Ornithopter"],"acts_visited":["Exordium"],"potions_floor_usage":[],"damage_taken":[{"damage":0,"enemies":"Small Slimes","floor":1,"turns":4},{"damage":4,"enemies":"Jaw Worm","floor":4,"turns":3},{"damage":1,"enemies":"Cultist","floor":5,"turns":5},{"damage":31,"enemies":"Lagavulin","floor":6,"turns":8}],"seed_played":"2974277177026358233","potions_obtained":[],"is_trial":false,"path_per_floor":["M","?","?","M","M","E"],"character_chosen":"IRONCLAD","items_purchased":[],"campfire_rested":0,"item_purchase_floors":[],"current_hp_per_floor":[57,41,23,25,30,40,40],"gold":147,"neow_bonus":"ONE_RARE_RELIC","is_daily":false,"chose_seed":false,"campfire_upgraded":0,"win_rate":0.0,"timestamp":1613126292,"path_taken":["M","?","?","M","M","E"],"items_purchased_type":[],"build_version":"2020-12-22","purchased_purges":0,"victory":false,"max_hp_per_floor":[80,80,80,80,80,80,80],"relic_stats":{"Lizard Tail":40,"counters":[4,20],"obtain_stats":[{"Lizard Tail":0,"Burning Blood":0,"Toy Ornithopter":3},{"Lizard Tail":0,"Burning Blood":0,"Toy Ornithopter":1},{"Lizard Tail":0,"Burning Blood":0,"Toy Ornithopter":4}],"Burning Blood":18,"Toy Ornithopter":0},"card_choices":[{"not_picked":["Pommel Strike","Iron Wave"],"picked":"hubris:ReadiedAction","floor":1},{"not_picked":["Cleave","Feel No Pain"],"picked":"Entrench","floor":4},{"not_picked":["Body Slam","Burning Pact"],"picked":"Hemokinesis","floor":5}],"player_experience":25185,"relics_obtained":[],"event_choices":[{"damage_healed":57,"gold_gain":0,"player_choice":"Upgrade","damage_taken":16,"max_hp_gain":0,"max_hp_loss":80,"event_name":"betterThird:BetterShining","floor":2,"gold_loss":0,"cards_upgraded":["Strike_R","Defend_R"]},{"damage_healed":0,"gold_gain":0,"player_choice":"RE ","damage_taken":20,"relics_obtained":["Toy Ornithopter"],"max_hp_gain":0,"max_hp_loss":0,"event_name":"betterSkull:BetterSkull","floor":3,"gold_loss":0,"cards_upgraded":[]}],"is_beta":false,"boss_relics":[],"items_purged_floors":[],"is_endless":false,"potions_floor_spawned":[],"killed_by":"Lagavulin","ascension_level":6}}