{"host":"2pffx5rqbod9ds0c","time":1613090002,"event":{"mods":["100% Spire Juice","BaseMod","Better Altar","Better Match","Better Note","Better Sensory Stone","Better Skull","Better Third Choice","Bossed Relics","Custom Start","Hubris","Minty Spire (QoL Compilation)","Quick Restart","Relic Stats","Spicy Shops","StSLib"],"gold_per_floor":[111111,111111,111127,109924,109937,109962,109984,108648,108648,108682,108682,108682,107294,107305,107305,107400,107400,107411,106464,106482,105505,105505,105505,105529,105629,105629,105647,104547,104457,104486,104500,104500,104600,104600,104613,104613,104227,103644,103003,103034,103068,103095,103120,103133,103147,103147,102537,102537,102537,102537,102537,102537,101857,101891,101891],"floor_reached":56,"language":"ENG","playtime":2292,"items_purged":["Injury","Moonworks:Strike","Moonworks:Strike","Moonworks:Strike","Parasite","Moonworks:Defend"],"score":1657,"play_id":"bb79f2af-9033-477c-8c60-55169d2c82df","local_time":"20210211163322","is_ascension_mode":false,"campfire_choices":[{"data":"Apotheosis","floor":11.0,"key":"SMITH"},{"floor":15.0,"key":"RECALL"},{"data":"Moonworks:Dash","floor":23,"key":"SMITH"},{"data":"Moonworks:FinalSurgery","floor":32,"key":"SMITH"},{"floor":46,"key":"REST"},{"floor":49,"key":"REST"},{"data":"Moonworks:Encore","floor":52,"key":"SMITH"}],"circlet_count":0,"master_deck":["Moonworks:Defend+1","Moonworks:FinalSurgery+1","Apotheosis+1","Moonworks:Dash+1","Moonworks:RocketCannon+1","Moonworks:RocketCannon+1","Moonworks:CrystalBarrier","hubris:DuctTapeCard","Moonworks:Encore+1","Master of Strategy","Panache+1"],"relics":["Moonworks:BrokenBomb","Moonworks:Homemark","NeowsBlessing","Moonworks:GoldenDie","Potion Belt","Tiny Chest","Question Card","hubris:SlimyHat","hubris:ToyBattleship","Odd Mushroom","hubris:PeanutButter","Thread and Needle","Blue Candle","Chemical X","DollysMirror","Toy Ornithopter","War Paint","hubris:Reverence","hubris:EmptyBottle","Anchor","Eternal Feather","White Beast Statue","Busted Crown","Pocketwatch","Orichalcum","Frozen Eye","Medical Kit","Happy Flower","InkBottle","Centennial Puzzle","Boot","Lee\u0027s Waffle","ClockworkSouvenir","Bag of Preparation","PreservedInsect","Nloth\u0027s Gift","MealTicket","Vajra","OrangePellets","TheAbacus","Ancient Tea Set","CaptainsWheel","Whetstone","hubris:DuctTape","Shuriken","Empty Cage","Membership Card","Orrery","Bag of Marbles","hubris:DeckOfHolding","HandDrill","Ginger","Omamori","WingedGreaves","hubris:MysteriousPyramids","Sling","Darkstone Periapt","Nunchaku","Akabeko","Bottled Tornado","Strange Spoon","Regal Pillow","Molten Egg 2","Pen Nib","Oddly Smooth Stone","Frozen Egg 2","Toxic Egg 2","Bird Faced Urn","Bronze Scales","Bottled Flame","hubris:CrystalStatue","Torii","Blood Vial","Mercury Hourglass","Art of War","Sundial"],"acts_visited":["Exordium","TheCity","TheBeyond","TheEnding"],"potions_floor_usage":[55,55,55,55,55],"damage_taken":[{"damage":0.0,"enemies":"2 Louse","floor":1.0,"turns":1.0},{"damage":0.0,"enemies":"Small Slimes","floor":3.0,"turns":1.0},{"damage":0.0,"enemies":"Jaw Worm","floor":5.0,"turns":1.0},{"damage":14.0,"enemies":"Gremlin Nob","floor":6.0,"turns":4.0},{"damage":5.0,"enemies":"The Mushroom Lair","floor":7.0,"turns":4.0},{"damage":0.0,"enemies":"3 Sentries","floor":10.0,"turns":3.0},{"damage":0.0,"enemies":"3 Louse","floor":14.0,"turns":2.0},{"damage":0.0,"enemies":"Hexaghost","floor":16.0,"turns":7.0},{"damage":0.0,"enemies":"Spheric Guardian","floor":18.0,"turns":3.0},{"damage":0,"enemies":"2 Thieves","floor":20,"turns":3},{"damage":0,"enemies":"Centurion and Healer","floor":27,"turns":4},{"damage":0,"enemies":"Gremlin Leader","floor":30,"turns":4},{"damage":0,"enemies":"Shelled Parasite and Fungi","floor":31,"turns":2},{"damage":0,"enemies":"Collector","floor":33,"turns":5},{"damage":0,"enemies":"Orb Walker","floor":35,"turns":2},{"damage":0,"enemies":"Nemesis","floor":40,"turns":3},{"damage":0,"enemies":"Giant Head","floor":41,"turns":3},{"damage":0,"enemies":"Reptomancer","floor":42,"turns":1},{"damage":0,"enemies":"3 Shapes","floor":44,"turns":1},{"damage":0,"enemies":"Jaw Worm Horde","floor":45,"turns":2},{"damage":0,"enemies":"Awakened One","floor":50,"turns":6},{"damage":0,"enemies":"Shield and Spear","floor":54,"turns":2},{"damage":0,"enemies":"The Heart","floor":55,"turns":5}],"seed_played":"7784982035201469754","potions_obtained":[{"floor":3.0,"key":"PowerPotion"},{"floor":5.0,"key":"AttackPotion"},{"floor":7.0,"key":"AttackPotion"},{"floor":10.0,"key":"FearPotion"},{"floor":16.0,"key":"EssenceOfSteel"},{"floor":54,"key":"DistilledChaos"}],"is_trial":false,"path_per_floor":["M","?","M","$","M","E","?","$","T","E","R","?","$","M","R","B",null,"M","$","M","$","?","R","T","?","T","M","$","?","E","M","R","B",null,"M","T","$","$","$","E","E","E","T","M","M","R","$","?","R","B",null,"R","$","E","B",null],"character_chosen":"THE_STARBREAKER","items_purchased":["Moonworks:GoldenDie","Potion Belt","Tiny Chest","Question Card","Apotheosis","hubris:SlimyHat","Moonworks:Dash","hubris:PeanutButter","Thread and Needle","hubris:TenFootPole","Blue Candle","Chemical X","DollysMirror","hubris:Reverence","hubris:EmptyBottle","Anchor","Eternal Feather","White Beast Statue","Fruit Juice","SkillPotion","Block Potion","Pocketwatch","Orichalcum","Frozen Eye","Medical Kit","Happy Flower","InkBottle","Centennial Puzzle","Boot","Lee\u0027s Waffle","ClockworkSouvenir","Bag of Preparation","PreservedInsect","OrangePellets","TheAbacus","Ancient Tea Set","CaptainsWheel","Whetstone","hubris:DuctTape","Membership Card","Orrery","Bag of Marbles","hubris:DeckOfHolding","HandDrill","Ginger","Omamori","WingedGreaves","hubris:MysteriousPyramids","Sling","Darkstone Periapt","Nunchaku","Akabeko","Bottled Tornado","Strange Spoon","Master of Strategy","Frozen Egg 2","Toxic Egg 2","Bird Faced Urn","Bronze Scales","Bottled Flame","hubris:CrystalStatue","Torii","Blood Vial","Mercury Hourglass","Art of War","Panache+1"],"campfire_rested":2,"item_purchase_floors":[4,4,4,4,4,4,4,8,8,8,8,8,8,13,13,13,13,13,13,13,13,19,19,19,19,19,19,21,21,21,21,21,21,28,28,28,28,28,28,37,37,37,37,38,38,38,38,38,39,39,39,39,39,39,39,47,47,47,47,47,53,53,53,53,53,53],"current_hp_per_floor":[60,60,60,60,60,46,41,41,41,46,46,51,71,71,75,75,75,75,75,75,79,79,79,79,79,79,79,79,79,79,79,79,79,79,79,79,79,79,79,79,79,79,79,79,79,79,79,79,79,79,79,79,79,79,79],"gold":101891,"neow_bonus":"THREE_ENEMY_KILL","is_daily":false,"chose_seed":false,"campfire_upgraded":4,"win_rate":0.0,"timestamp":1613090002,"path_taken":["M","?","M","$","M","E","?","$","T","E","R","?","$","M","R","BOSS","M","$","M","$","?","R","?","?","T","?","$","?","E","M","R","BOSS","M","?","?","$","$","E","E","E","T","M","M","R","$","?","R","BOSS","R","$","E","BOSS"],"items_purchased_type":["Relic","Relic","Relic","Relic","Card","Relic","Card","Relic","Relic","Relic","Relic","Relic","Relic","Relic","Relic","Relic","Relic","Relic","Potion","Potion","Potion","Relic","Relic","Relic","Relic","Relic","Relic","Relic","Relic","Relic","Relic","Relic","Relic","Relic","Relic","Relic","Relic","Relic","Relic","Relic","Relic","Relic","Relic","Relic","Relic","Relic","Relic","Relic","Relic","Relic","Relic","Relic","Relic","Relic","Card","Relic","Relic","Relic","Relic","Relic","Relic","Relic","Relic","Relic","Relic","Card"],"build_version":"2020-12-22","purchased_purges":6,"victory":true,"max_hp_per_floor":[60,60,60,60,60,60,60,60,60,60,60,65,75,75,75,75,75,75,75,75,79,79,79,79,79,79,79,79,79,79,79,79,79,79,79,79,79,79,79,79,79,79,79,79,79,79,79,79,79,79,79,79,79,79,79],"relic_stats":{"Darkstone Periapt":0,"Regal Pillow":0,"Torii":0,"Bag of Preparation":[29],"Whetstone":["Moonworks:RocketCannon","Moonworks:LongDistanceShot"],"Ginger":[3],"Boot":[23],"Blood Vial":0,"Centennial Puzzle":[0],"Nunchaku":[7],"TheAbacus":[204],"Sundial":[4],"Tiny Chest":2,"MealTicket":0,"HandDrill":[10],"Chemical X":[1],"InkBottle":[21],"Lee\u0027s Waffle":7,"Happy Flower":[14],"counters":[23,69],"Blue Candle":[0],"Eternal Feather":4,"PreservedInsect":343,"Pen Nib":[5],"War Paint":["Moonworks:Defend","Moonworks:Defend"],"Orichalcum":[6],"Question Card":24,"Medical Kit":[9],"Mercury Hourglass":[21],"OrangePellets":[1],"Strange Spoon":[22],"Busted Crown":36,"Shuriken":[22],"Bird Faced Urn":[0],"Bronze Scales":[60],"Nloth\u0027s Gift":3,"Art of War":[0],"obtain_stats":[{"hubris:CrystalStatue":53,"Vajra":26,"Whetstone":28,"Ginger":38,"hubris:MysteriousPyramids":38,"Bottled Tornado":39,"Boot":21,"Sling":39,"Blood Vial":53,"Centennial Puzzle":21,"DollysMirror":8,"Sundial":54,"MealTicket":24,"hubris:DeckOfHolding":37,"HandDrill":38,"Toxic Egg 2":47,"Happy Flower":19,"hubris:DuctTape":28,"Blue Candle":8,"Oddly Smooth Stone":43,"Eternal Feather":13,"Pen Nib":42,"War Paint":10,"Question Card":4,"Akabeko":39,"OrangePellets":28,"Bottled Flame":47,"Shuriken":30,"Moonworks:Homemark":0,"Bird Faced Urn":47,"Bronze Scales":47,"hubris:PeanutButter":8,"Molten Egg 2":41,"hubris:ToyBattleship":6,"hubris:TenFootPole":8,"Nloth\u0027s Gift":22,"hubris:Reverence":13,"Pocketwatch":19,"Darkstone Periapt":39,"Regal Pillow":40,"Torii":53,"Moonworks:GoldenDie":4,"hubris:SlimyHat":4,"Bag of Preparation":21,"hubris:EmptyBottle":13,"Ancient Tea Set":28,"Empty Cage":34,"ClockworkSouvenir":21,"Frozen Eye":19,"Nunchaku":39,"TheAbacus":28,"Tiny Chest":4,"WingedGreaves":38,"Chemical X":8,"InkBottle":19,"Potion Belt":4,"Lee\u0027s Waffle":21,"NeowsBlessing":0,"Thread and Needle":8,"PreservedInsect":21,"Omamori":38,"Odd Mushroom":7,"Orichalcum":19,"Frozen Egg 2":47,"Medical Kit":19,"White Beast Statue":13,"Mercury Hourglass":53,"Strange Spoon":39,"Anchor":13,"CaptainsWheel":28,"Busted Crown":17,"Orrery":37,"Bag of Marbles":37,"Art of War":53,"Membership Card":37,"Toy Ornithopter":9,"Moonworks:BrokenBomb":0},{"hubris:CrystalStatue":21,"Vajra":10,"Whetstone":11,"Ginger":15,"hubris:MysteriousPyramids":15,"Bottled Tornado":15,"Boot":10,"Sling":15,"Blood Vial":21,"Centennial Puzzle":10,"DollysMirror":5,"Sundial":22,"MealTicket":10,"hubris:DeckOfHolding":15,"HandDrill":15,"Toxic Egg 2":20,"Happy Flower":9,"hubris:DuctTape":11,"Blue Candle":5,"Oddly Smooth Stone":18,"Eternal Feather":6,"Pen Nib":18,"War Paint":6,"Question Card":2,"Akabeko":15,"OrangePellets":11,"Bottled Flame":20,"Shuriken":12,"Moonworks:Homemark":0,"Bird Faced Urn":20,"Bronze Scales":20,"hubris:PeanutButter":5,"Molten Egg 2":17,"hubris:ToyBattleship":4,"hubris:TenFootPole":5,"Nloth\u0027s Gift":10,"hubris:Reverence":6,"Pocketwatch":9,"Darkstone Periapt":15,"Regal Pillow":16,"Torii":21,"Moonworks:GoldenDie":2,"hubris:SlimyHat":2,"Bag of Preparation":10,"hubris:EmptyBottle":6,"Ancient Tea Set":11,"Empty Cage":14,"ClockworkSouvenir":10,"Frozen Eye":9,"Nunchaku":15,"TheAbacus":11,"Tiny Chest":2,"WingedGreaves":15,"Chemical X":5,"InkBottle":9,"Potion Belt":2,"Lee\u0027s Waffle":10,"NeowsBlessing":0,"Thread and Needle":5,"PreservedInsect":10,"Omamori":15,"Odd Mushroom":5,"Orichalcum":9,"Frozen Egg 2":20,"Medical Kit":9,"White Beast Statue":6,"Mercury Hourglass":21,"Strange Spoon":15,"Anchor":6,"CaptainsWheel":11,"Busted Crown":8,"Orrery":15,"Bag of Marbles":15,"Art of War":21,"Membership Card":15,"Toy Ornithopter":5,"Moonworks:BrokenBomb":0},{"hubris:CrystalStatue":62,"Vajra":29,"Whetstone":33,"Ginger":46,"hubris:MysteriousPyramids":46,"Bottled Tornado":46,"Boot":29,"Sling":46,"Blood Vial":62,"Centennial Puzzle":29,"DollysMirror":11,"Sundial":64,"MealTicket":29,"hubris:DeckOfHolding":46,"HandDrill":46,"Toxic Egg 2":56,"Happy Flower":26,"hubris:DuctTape":33,"Blue Candle":11,"Oddly Smooth Stone":53,"Eternal Feather":14,"Pen Nib":53,"War Paint":14,"Question Card":2,"Akabeko":46,"OrangePellets":33,"Bottled Flame":56,"Shuriken":37,"Moonworks:Homemark":0,"Bird Faced Urn":56,"Bronze Scales":56,"hubris:PeanutButter":11,"Molten Egg 2":52,"hubris:ToyBattleship":7,"hubris:TenFootPole":11,"Nloth\u0027s Gift":29,"hubris:Reverence":14,"Pocketwatch":26,"Darkstone Periapt":46,"Regal Pillow":49,"Torii":62,"Moonworks:GoldenDie":2,"hubris:SlimyHat":2,"Bag of Preparation":29,"hubris:EmptyBottle":14,"Ancient Tea Set":33,"Empty Cage":44,"ClockworkSouvenir":29,"Frozen Eye":26,"Nunchaku":46,"TheAbacus":33,"Tiny Chest":2,"WingedGreaves":46,"Chemical X":11,"InkBottle":26,"Potion Belt":2,"Lee\u0027s Waffle":29,"NeowsBlessing":0,"Thread and Needle":11,"PreservedInsect":29,"Omamori":46,"Odd Mushroom":11,"Orichalcum":26,"Frozen Egg 2":56,"Medical Kit":26,"White Beast Statue":14,"Mercury Hourglass":62,"Strange Spoon":46,"Anchor":14,"CaptainsWheel":33,"Busted Crown":23,"Orrery":46,"Bag of Marbles":46,"Art of War":62,"Membership Card":46,"Toy Ornithopter":11,"Moonworks:BrokenBomb":0}],"Toy Ornithopter":15,"Pocketwatch":[10]},"card_choices":[{"not_picked":["Moonworks:IndiscriminateFireSupport","Moonworks:UnpaidWork"],"picked":"Moonworks:FinalSurgery","floor":1.0},{"not_picked":["Moonworks:ExtendedPhotonRifle","Moonworks:ForcedRevival","Moonworks:ScrambledEve"],"picked":"SKIP","floor":3.0},{"not_picked":["Moonworks:EvilSpyWorkPreparation","Moonworks:SakisCookie","Moonworks:Dash","Moonworks:Assault"],"picked":"SKIP","floor":5.0},{"not_picked":["Moonworks:AngelHand","Moonworks:FullSpeedAlicianrone","Moonworks:EvilSpyWorkPreparation"],"picked":"Moonworks:RocketCannon","floor":6.0},{"not_picked":["Moonworks:DeployBits","Moonworks:ImmovableObject","Moonworks:SakisCookie","Moonworks:NicePresent"],"picked":"SKIP","floor":10.0},{"not_picked":["Moonworks:IndiscriminateFireSupport","Moonworks:BigMagnum","Moonworks:SelfDestruct","Moonworks:AwakeningOfTalent"],"picked":"SKIP","floor":14.0},{"not_picked":["Moonworks:MeltingMemories","Moonworks:Gamble","Moonworks:FinalBattle"],"picked":"Moonworks:CrystalBarrier","floor":16.0},{"not_picked":["Moonworks:AngelHand","Moonworks:NicePresent+1"],"picked":"SKIP","floor":18.0},{"not_picked":["Moonworks:EvilSpyWorkPreparation","Moonworks:CloudOfSeagulls+1"],"picked":"SKIP","floor":20},{"not_picked":["Moonworks:ExtendedPhotonRifle+1","Moonworks:Dinner+1"],"picked":"SKIP","floor":27},{"not_picked":["Moonworks:OutOfAmmo","Moonworks:Bloodlust"],"picked":"SKIP","floor":30},{"not_picked":["Moonworks:IndiscriminateFireSupport","Moonworks:BigMagnum"],"picked":"SKIP","floor":31},{"not_picked":["Moonworks:MeltingMemories"],"picked":"Moonworks:Encore","floor":33},{"not_picked":["Moonworks:BigBangBell","Moonworks:ImOnFire"],"picked":"SKIP","floor":35},{"not_picked":["Moonworks:LulusLuckyEgg","Moonworks:PlushieMaster"],"picked":"SKIP","floor":40},{"not_picked":["Moonworks:ShieldCounter","Moonworks:RedAndBlue+1"],"picked":"SKIP","floor":41},{"not_picked":["Moonworks:LuckyCharm","Moonworks:Heat300Percent+1"],"picked":"SKIP","floor":42},{"not_picked":["Moonworks:MiracleRedBeanIceCream","Moonworks:CompletionReward+1"],"picked":"SKIP","floor":44},{"not_picked":["Moonworks:IntelligenceOfficer+1","Moonworks:CloudOfSeagulls+1"],"picked":"SKIP","floor":45},{"not_picked":["Moonworks:EvilMastermind+1","Moonworks:Dinner+1"],"picked":"SKIP","floor":54}],"player_experience":734313,"relics_obtained":[{"floor":6.0,"key":"hubris:ToyBattleship"},{"floor":7.0,"key":"Odd Mushroom"},{"floor":9.0,"key":"Toy Ornithopter"},{"floor":10.0,"key":"War Paint"},{"floor":24,"key":"MealTicket"},{"floor":26,"key":"Vajra"},{"floor":30,"key":"Shuriken"},{"floor":40,"key":"Regal Pillow"},{"floor":41,"key":"Molten Egg 2"},{"floor":42,"key":"Pen Nib"},{"floor":43,"key":"Oddly Smooth Stone"},{"floor":54,"key":"Sundial"}],"event_choices":[{"cards_removed":["Moonworks:Strike"],"damage_healed":0.0,"max_hp_gain":0.0,"max_hp_loss":0.0,"gold_gain":0.0,"event_name":"Living Wall","player_choice":"Forget","floor":2.0,"gold_loss":0.0,"damage_taken":0.0},{"damage_healed":0.0,"max_hp_gain":0.0,"max_hp_loss":0.0,"gold_gain":0.0,"event_name":"Mushrooms","player_choice":"Fought Mushrooms","floor":7.0,"gold_loss":0.0,"damage_taken":0.0},{"damage_healed":0.0,"max_hp_gain":5.0,"max_hp_loss":0.0,"gold_gain":0.0,"event_name":"Big Fish","player_choice":"Donut","floor":12.0,"gold_loss":0.0,"damage_taken":0.0},{"damage_healed":0,"gold_gain":0,"player_choice":"Traded Relic","damage_taken":0,"relics_obtained":["Nloth\u0027s Gift"],"max_hp_gain":0,"max_hp_loss":0,"event_name":"N\u0027loth","floor":22,"relics_lost":["hubris:TenFootPole"],"gold_loss":0},{"damage_healed":0,"gold_gain":100,"player_choice":"Pray","damage_taken":0,"max_hp_gain":0,"max_hp_loss":0,"event_name":"Golden Shrine","floor":25,"gold_loss":0},{"cards_removed":["Decay"],"damage_healed":0,"gold_gain":0,"player_choice":"Upgrade and Remove","damage_taken":0,"max_hp_gain":0,"max_hp_loss":0,"event_name":"Designer","floor":29,"gold_loss":90,"cards_upgraded":["Moonworks:RocketCannon"]},{"damage_healed":0,"gold_gain":0,"player_choice":"Ignored","damage_taken":0,"max_hp_gain":0,"max_hp_loss":0,"event_name":"Purifier","floor":48,"gold_loss":0}],"is_beta":false,"boss_relics":[{"not_picked":["SlaversCollar","Cursed Key"],"picked":"Busted Crown"},{"not_picked":["SacredBark","hubris:CrackedHourglass"],"picked":"Empty Cage"}],"items_purged_floors":[4,8,13,19,21,28],"is_endless":false,"potions_floor_spawned":[3,5,7,10,14,16,18,20,27,30,31,33,35,40,41,42,44,45,54],"ascension_level":0}}