{"host":"6hzrz31j95f2y1pa","time":1613098063,"event":{"mods":["BaseMod","Colored Map","Downfall","Minty Spire (QoL Compilation)","StSLib"],"gold_per_floor":[99,112,112,127,142,175,175,203,503,403,403,429,429,89,99,197,197,97,115,126,226,239,54,54,73,92,92,77,77,105,115,126,126,126,126],"floor_reached":33,"language":"ENG","playtime":2405,"items_purged":["downfall:Icky"],"score":359,"play_id":"84868eb9-0c24-46b9-ae3b-3c6b3e1369c8","local_time":"20210211214743","is_ascension_mode":true,"campfire_choices":[{"floor":1.0,"key":"RECALL"},{"floor":10.0,"key":"REST"},{"data":"hexamod:HeatMetal","floor":18.0,"key":"SMITH"},{"floor":27,"key":"REST"},{"floor":29,"key":"REST"}],"circlet_count":0,"master_deck":["hexamod:Strike","hexamod:Strike","hexamod:Defend","hexamod:Defend","hexamod:Sear","hexamod:Float","hexamod:Firestarter","hexamod:ThermalTransfer","hexamod:HeatMetal+1","hexamod:SwordOfDarkness","hexamod:FastForward","hexamod:Haunt","hexamod:FourthSeal","hexamod:GhostShield","hexamod:WildfireWeapon","hexamod:SpectersWail","hexamod:PhantomCloak+1","hexamod:GhostShield","hexamod:ExtraCrispy+1","hexamod:Hexaguard+1"],"relics":["hexamod:SpiritBrand","Nunchaku","Ornamental Fan","Centennial Puzzle","downfall:HeartBlessingRed","Blood Vial","White Beast Statue","Empty Cage","downfall:HeartBlessingGreen","downfall:GremlinWheel","hexamod:BolsterEngine","Anchor"],"acts_visited":["Exordium","TheCity"],"potions_floor_usage":[25,26,28,28,32,33,33],"damage_taken":[{"damage":2.0,"enemies":"Jaw Worm","floor":2.0,"turns":3.0},{"damage":0.0,"enemies":"Cultist","floor":4.0,"turns":3.0},{"damage":2.0,"enemies":"Small Slimes","floor":5.0,"turns":3.0},{"damage":11.0,"enemies":"Gremlin Nob","floor":6.0,"turns":4.0},{"damage":15.0,"enemies":"Lagavulin","floor":8.0,"turns":6.0},{"damage":5.0,"enemies":"3 Sentries","floor":12.0,"turns":6.0},{"damage":0.0,"enemies":"downfall:FleeingMerchant","floor":14.0,"turns":4.0},{"damage":0.0,"enemies":"Blue Slaver","floor":15.0,"turns":3.0},{"damage":2.0,"enemies":"WA_ARCHETYPE_RETAIN","floor":16.0,"turns":4.0},{"damage":1.0,"enemies":"Chosen","floor":19.0,"turns":3.0},{"damage":16.0,"enemies":"Snecko","floor":20.0,"turns":4.0},{"damage":12.0,"enemies":"Snecko","floor":21.0,"turns":3.0},{"damage":10.0,"enemies":"Centurion and Healer","floor":22.0,"turns":5.0},{"damage":10.0,"enemies":"downfall:FleeingMerchant","floor":23.0,"turns":4.0},{"damage":0,"enemies":"Chosen and Byrds","floor":25,"turns":5},{"damage":5,"enemies":"Cultist and Chosen","floor":26,"turns":5},{"damage":3,"enemies":"downfall:FleeingMerchant","floor":28,"turns":4},{"damage":7,"enemies":"Book of Stabbing","floor":30,"turns":5},{"damage":9,"enemies":"Snecko","floor":31,"turns":5},{"damage":15,"enemies":"Sentry and Sphere","floor":32,"turns":4},{"damage":33,"enemies":"SI_MIRROR_ARCHETYPE","floor":33,"turns":8}],"seed_played":"-4229114118585551768","potions_obtained":[{"floor":5.0,"key":"EssenceOfSteel"},{"floor":6.0,"key":"champ:CounterPotion"},{"floor":12.0,"key":"Slimebound:ThreeZeroPotion"},{"floor":14.0,"key":"SmokeBomb"},{"floor":15.0,"key":"PowerPotion"},{"floor":15.0,"key":"AttackPotion"},{"floor":16.0,"key":"EntropicBrew"},{"floor":19.0,"key":"hexamod:EctoCoolerPotion"},{"floor":20.0,"key":"sneckomod:MuddlingPotion"},{"floor":20.0,"key":"EssenceOfSteel"},{"floor":21.0,"key":"LiquidBronze"},{"floor":22.0,"key":"champ:CounterPotion"},{"floor":23.0,"key":"Energy Potion"},{"floor":25,"key":"LiquidMemories"},{"floor":25,"key":"SteroidPotion"},{"floor":26,"key":"Explosive Potion"},{"floor":28,"key":"Swift Potion"},{"floor":28,"key":"LiquidMemories"},{"floor":30,"key":"hexamod:DoubleChargePotion"},{"floor":32,"key":"Slimebound:ThreeZeroPotion"}],"is_trial":false,"path_per_floor":["R","M","?","M","M","E","T","E","?","R","?","E","?","$","M","B",null,"R","M","M","?","M","$","T","M","M","R","$","R","E","M","M","B"],"character_chosen":"THE_SPIRIT","items_purchased":["White Beast Statue","hexamod:BolsterEngine","hexamod:GhostShield"],"campfire_rested":3,"item_purchase_floors":[14,23,23],"current_hp_per_floor":[63,61,61,61,59,48,48,33,33,51,51,46,46,48,50,50,60,60,61,47,37,29,21,21,23,20,38,37,55,50,43,30,0,0,0],"gold":126,"neow_bonus":"REMOVE_TWO","is_daily":false,"chose_seed":false,"campfire_upgraded":1,"win_rate":0.0,"timestamp":1613098063,"path_taken":["R","M","?","?","M","E","T","E","?","R","?","E","?","$","M","BOSS","R","M","M","?","M","?","T","M","M","R","$","R","E","M","M","BOSS"],"items_purchased_type":["Relic","Relic","Card"],"build_version":"2020-12-22","purchased_purges":1,"victory":false,"max_hp_per_floor":[63,63,63,63,63,63,63,63,63,63,63,63,63,63,63,63,63,63,63,63,63,63,63,63,63,63,63,63,63,63,63,63,63,63,63],"card_choices":[{"not_picked":["hexamod:GhostOfSpirePast","hexamod:InspiringFlames"],"picked":"hexamod:Firestarter","floor":2.0},{"not_picked":["hexamod:BacktrackSmack","hexamod:Hexaguard"],"picked":"hexamod:ThermalTransfer","floor":4.0},{"not_picked":["hexamod:PhantomCloak","hexamod:FlamesFromBeyond"],"picked":"hexamod:HeatMetal","floor":5.0},{"not_picked":["hexamod:PowerFromBeyond","hexamod:ShieldOfDarkness"],"picked":"hexamod:SwordOfDarkness","floor":6.0},{"not_picked":["hexamod:HauntingEcho","hexamod:FlamesFromBeyond"],"picked":"hexamod:FastForward","floor":8.0},{"not_picked":["hexamod:NightmareStrike","hexamod:UnleashSpirits"],"picked":"hexamod:Haunt","floor":12.0},{"not_picked":["hexamod:SuperheatedStrike","hexamod:UnleashSpirits"],"picked":"hexamod:GhostShield","floor":14.0},{"not_picked":["hexamod:GhostLash","hexamod:ShieldOfDarkness","hexamod:NightmareGuise"],"picked":"SKIP","floor":15.0},{"not_picked":["hexamod:SearingWound","hexamod:UnlimitedPower"],"picked":"hexamod:WildfireWeapon","floor":16.0},{"not_picked":["hexamod:Rewind","hexamod:GhostShield"],"picked":"hexamod:SpectersWail","floor":19.0},{"not_picked":["hexamod:GhostShield","hexamod:ThermalTransfer","hexamod:FastForward+1"],"picked":"SKIP","floor":20.0},{"not_picked":["hexamod:NightmareStrike","hexamod:BurningTouch","hexamod:ShieldOfDarkness+1"],"picked":"SKIP","floor":22.0},{"not_picked":["hexamod:GhostOfSpireFuture","hexamod:NightmareGuise+1"],"picked":"hexamod:PhantomCloak+1","floor":23.0},{"not_picked":["hexamod:HauntingEcho+1","hexamod:SuperheatedStrike","hexamod:VolcanoVisage"],"picked":"SKIP","floor":25},{"not_picked":["hexamod:HeatMetal","hexamod:RecurringNightmare"],"picked":"hexamod:ExtraCrispy+1","floor":26},{"not_picked":["hexamod:RainOfEmbers+1","hexamod:RadiantFlame","hexamod:FastForward+1"],"picked":"SKIP","floor":28},{"not_picked":["hexamod:ChargedBarrage","hexamod:SpectralAdrenaline","hexamod:HauntingEcho"],"picked":"SKIP","floor":30},{"not_picked":["hexamod:FastForward","hexamod:NightmareStrike","hexamod:PhantomCloak"],"picked":"SKIP","floor":31},{"not_picked":["hexamod:GhostOfSpirePast+1","hexamod:AdvancingGuard+1"],"picked":"hexamod:Hexaguard+1","floor":32}],"player_experience":1425116,"relics_obtained":[{"floor":6.0,"key":"Nunchaku"},{"floor":7.0,"key":"Ornamental Fan"},{"floor":8.0,"key":"Centennial Puzzle"},{"floor":12.0,"key":"Blood Vial"},{"floor":21.0,"key":"downfall:GremlinWheel"},{"floor":30,"key":"Anchor"}],"event_choices":[{"damage_healed":0.0,"max_hp_gain":0.0,"max_hp_loss":0.0,"gold_gain":0.0,"event_name":"NoteForYourself","player_choice":"Ignored","floor":3.0,"gold_loss":0.0,"damage_taken":0.0},{"cards_removed":["downfall:Icky"],"damage_healed":0,"gold_gain":0,"player_choice":"Card Removal","damage_taken":0,"max_hp_gain":0,"max_hp_loss":0,"event_name":"Wheel of Change","floor":27,"gold_loss":0}],"is_beta":false,"boss_relics":[{"not_picked":["Snecko Eye","Runic Pyramid"],"picked":"Empty Cage"}],"items_purged_floors":[14],"is_endless":false,"potions_floor_spawned":[5,6,12,15,16,19,20,21,22,23,25,26,28,30,31,32],"killed_by":"SI_MIRROR_ARCHETYPE","ascension_level":5}}