{"host":"0ueeacaatm8t6jyh","time":1613123352,"event":{"mods":["AchievementEnabler","BaseMod","Colored Powertips","Minty Spire (QoL Compilation)","Quick Restart","Rare Cards Sparkle","Shop Mod","StSLib"],"gold_per_floor":[112,112,12,30,43,78,93,109,109,109,128,142,142,175,175,252,252,263,280,330,346,364,364,379,379,379],"floor_reached":25,"language":"ZHS","playtime":795,"items_purged":["Strike_P"],"score":427,"play_id":"3c5ac868-e6ca-4304-820a-c88a2f7f166f","local_time":"20210212174912","is_ascension_mode":true,"campfire_choices":[{"data":"Adaptation","floor":10.0,"key":"SMITH"},{"data":"WheelKick","floor":13.0,"key":"SMITH"},{"data":"Prostrate","floor":15.0,"key":"SMITH"},{"data":"Scrawl","floor":23.0,"key":"SMITH"}],"circlet_count":0,"master_deck":["AscendersBane","Strike_P","Strike_P","Strike_P","Defend_P","Defend_P","Defend_P","Eruption+1","Vigilance","WheelKick+1","Prostrate","Prostrate+1","Pray","Adaptation+1","Scrawl+1","Tantrum"],"relics":["PureWater","Orichalcum","Blue Candle","Matryoshka","Cursed Key"],"acts_visited":["Exordium","TheCity"],"potions_floor_usage":[],"damage_taken":[{"damage":2.0,"enemies":"Jaw Worm","floor":1.0,"turns":3.0},{"damage":0.0,"enemies":"Cultist","floor":4.0,"turns":3.0},{"damage":0.0,"enemies":"Small Slimes","floor":5.0,"turns":3.0},{"damage":10.0,"enemies":"Gremlin Nob","floor":6.0,"turns":3.0},{"damage":0.0,"enemies":"Blue Slaver","floor":7.0,"turns":2.0},{"damage":0.0,"enemies":"2 Fungi Beasts","floor":8.0,"turns":3.0},{"damage":3.0,"enemies":"3 Louse","floor":11.0,"turns":3.0},{"damage":9.0,"enemies":"Exordium Wildlife","floor":12.0,"turns":4.0},{"damage":6.0,"enemies":"Lagavulin","floor":14.0,"turns":5.0},{"damage":13.0,"enemies":"The Guardian","floor":16.0,"turns":7.0},{"damage":1.0,"enemies":"2 Thieves","floor":18.0,"turns":3.0},{"damage":3.0,"enemies":"Shell Parasite","floor":19.0,"turns":2.0},{"damage":10.0,"enemies":"Snecko","floor":21.0,"turns":3.0},{"damage":18.0,"enemies":"Shelled Parasite and Fungi","floor":22.0,"turns":2.0},{"damage":19.0,"enemies":"Snake Plant","floor":24.0,"turns":3.0},{"damage":15,"enemies":"Gremlin Leader","floor":25,"turns":1}],"seed_played":"-3958438923490486591","potions_obtained":[{"floor":1.0,"key":"Block Potion"},{"floor":4.0,"key":"Strength Potion"},{"floor":7.0,"key":"Fire Potion"},{"floor":8.0,"key":"Swift Potion"},{"floor":21.0,"key":"LiquidBronze"}],"is_trial":false,"path_per_floor":["M","?","$","M","M","E","M","M","T","R","M","M","R","E","R","B",null,"M","M","?","M","M","R","M","E"],"character_chosen":"WATCHER","items_purchased":["Prostrate"],"campfire_rested":0,"item_purchase_floors":[3],"current_hp_per_floor":[59,59,59,59,59,49,49,49,49,49,46,37,37,31,31,18,56,55,52,52,42,24,24,5,0,0],"gold":379,"neow_bonus":"REMOVE_CARD","is_daily":false,"chose_seed":false,"campfire_upgraded":4,"win_rate":0.0,"timestamp":1613123352,"path_taken":["M","?","$","?","?","E","M","M","T","R","M","M","R","E","R","BOSS","M","M","?","M","M","R","?","E"],"items_purchased_type":["Card"],"build_version":"2020-12-22","purchased_purges":1,"victory":false,"max_hp_per_floor":[68,68,68,68,68,68,68,68,68,68,68,68,68,68,68,68,68,68,68,68,68,68,68,68,68,68],"card_choices":[{"not_picked":["MentalFortress","SignatureMove"],"picked":"WheelKick","floor":1.0},{"not_picked":["FlurryOfBlows","Evaluate"],"picked":"Prostrate","floor":4.0},{"not_picked":["FlurryOfBlows","Evaluate","Protect"],"picked":"SKIP","floor":5.0},{"not_picked":["Worship","ThirdEye"],"picked":"Pray","floor":6.0},{"not_picked":["SashWhip","Crescendo","Worship"],"picked":"SKIP","floor":7.0},{"not_picked":["InnerPeace","Protect"],"picked":"Adaptation","floor":8.0},{"not_picked":["ClearTheMind","Meditate","FollowUp"],"picked":"SKIP","floor":11.0},{"not_picked":["Meditate","CarveReality","EmptyFist"],"picked":"SKIP","floor":12.0},{"not_picked":["Collect","Establishment","CrushJoints"],"picked":"SKIP","floor":14.0},{"not_picked":["SpiritShield","Wish"],"picked":"Scrawl","floor":16.0},{"not_picked":["FlyingSleeves","ThirdEye"],"picked":"Tantrum","floor":18.0},{"not_picked":["Study+1","EmptyMind","FlurryOfBlows+1"],"picked":"SKIP","floor":19.0},{"not_picked":["Consecrate","Crescendo","Weave"],"picked":"SKIP","floor":21.0},{"not_picked":["BowlingBash","JustLucky+1","EmptyBody"],"picked":"SKIP","floor":22.0},{"not_picked":["Perseverance","WindmillStrike","Tantrum"],"picked":"SKIP","floor":24.0}],"player_experience":525407,"relics_obtained":[{"floor":6.0,"key":"Orichalcum"},{"floor":9.0,"key":"Blue Candle"},{"floor":14.0,"key":"Matryoshka"}],"event_choices":[{"damage_healed":0.0,"max_hp_gain":0.0,"max_hp_loss":0.0,"gold_gain":0.0,"event_name":"Accursed Blacksmith","player_choice":"Forge","floor":2.0,"gold_loss":0.0,"damage_taken":0.0,"cards_upgraded":["Eruption"]},{"damage_healed":0.0,"max_hp_gain":0.0,"max_hp_loss":0.0,"gold_gain":100.0,"event_name":"The Joust","player_choice":"Bet on Murderer","floor":20.0,"gold_loss":50.0,"damage_taken":0.0}],"is_beta":false,"boss_relics":[{"not_picked":["Sozu","Snecko Eye"],"picked":"Cursed Key"}],"items_purged_floors":[3],"is_endless":false,"potions_floor_spawned":[1,4,7,8,21],"killed_by":"Gremlin Leader","ascension_level":19}}