{"host":"8rgpnls124hwjv5t","time":1613165803,"event":{"mods":["BaseMod","Colored Map","Colored Powertips","DeckTracker","Highlight Path","Minty Spire (QoL Compilation)","Permanent Neow","Quick Restart","Relic Stats","Shop Mod","StSLib"],"gold_per_floor":[117,132,132,132,143,143,153,153,178,14,33,33,52,52,52,146,146,167,186,13,13,13,13,44,44,71,105,105,138,138,162,162,162,162],"floor_reached":33,"language":"ENG","playtime":1159,"items_purged":[],"score":542,"play_id":"15787dc6-d29d-45ad-a2d3-839221ed9e97","local_time":"20210212163643","is_ascension_mode":true,"campfire_choices":[{"floor":6,"key":"DIG"},{"floor":8,"key":"DIG"},{"floor":12,"key":"DIG"},{"floor":15,"key":"REST"},{"floor":23,"key":"REST"},{"floor":25,"key":"REST"},{"floor":28,"key":"REST"},{"floor":32,"key":"REST"}],"circlet_count":0,"master_deck":["AscendersBane","Strike_B","Strike_B","Strike_B","Strike_B","Defend_B","Defend_B","Defend_B","Defend_B","Zap","Dualcast","White Noise","Sunder+1","Undo","Conserve Battery","Defragment","Echo Form","Rip and Tear","Core Surge+1","Loop","Aggregate","Auto Shields","Leap","Conserve Battery","Streamline+1","Redo+1"],"relics":["Cracked Core","Shovel","Pen Nib","Gremlin Horn","Orichalcum","Strawberry","Letter Opener","Golden Idol","Runic Dome","PreservedInsect","Whetstone","Cables","Bronze Scales"],"acts_visited":["Exordium","TheCity"],"potions_floor_usage":[7,16,16,19,24,24,31],"damage_taken":[{"damage":7,"enemies":"Cultist","floor":1,"turns":4},{"damage":7,"enemies":"2 Louse","floor":2,"turns":2},{"damage":2,"enemies":"Jaw Worm","floor":5,"turns":3},{"damage":1,"enemies":"Looter","floor":7,"turns":3},{"damage":7,"enemies":"2 Fungi Beasts","floor":11,"turns":4},{"damage":8,"enemies":"Blue Slaver","floor":13,"turns":4},{"damage":23,"enemies":"Slime Boss","floor":16,"turns":9},{"damage":26,"enemies":"Shell Parasite","floor":18,"turns":6},{"damage":13,"enemies":"2 Thieves","floor":19,"turns":4},{"damage":20,"enemies":"Slavers","floor":24,"turns":5},{"damage":23,"enemies":"Gremlin Leader","floor":27,"turns":5},{"damage":19,"enemies":"Book of Stabbing","floor":29,"turns":4},{"damage":7,"enemies":"Cultist and Chosen","floor":31,"turns":4},{"damage":32,"enemies":"Champ","floor":33,"turns":2}],"seed_played":"-4323340605524765337","potions_obtained":[{"floor":2,"key":"FearPotion"},{"floor":5,"key":"Fire Potion"},{"floor":16,"key":"Fire Potion"},{"floor":18,"key":"BlessingOfTheForge"},{"floor":29,"key":"ColorlessPotion"}],"is_trial":false,"path_per_floor":["M","M","?","?","M","R","M","R","T","$","M","R","M","?","R","B",null,"M","M","$","?","$","R","E","R","T","E","R","E","?","M","R","B"],"character_chosen":"DEFECT","items_purchased":["Defragment","Regen Potion","DuplicationPotion","Auto Shields","Leap"],"campfire_rested":5,"item_purchase_floors":[10,10,20,20,20],"current_hp_per_floor":[57,50,32,32,30,30,29,29,36,36,29,29,21,21,40,32,56,30,17,17,17,17,36,16,35,35,12,31,12,12,5,24,0,0],"gold":162,"neow_bonus":"ONE_RARE_RELIC","is_daily":false,"chose_seed":false,"campfire_upgraded":0,"win_rate":0.0,"timestamp":1613165803,"path_taken":["M","M","?","?","M","R","M","R","T","$","?","R","M","?","R","BOSS","M","M","$","?","$","R","E","R","T","E","R","E","?","M","R","BOSS"],"items_purchased_type":["Card","Potion","Potion","Card","Card"],"build_version":"2020-12-22","purchased_purges":0,"victory":false,"max_hp_per_floor":[64,64,64,64,64,64,64,64,71,71,71,71,71,64,64,64,64,64,64,64,64,64,64,64,64,64,64,64,64,64,64,64,64,64],"relic_stats":{"Shovel":3,"Gremlin Horn":[12,12],"counters":[14,59],"Golden Idol":52,"Bronze Scales":[9],"Pen Nib":[6],"PreservedInsect":89,"Letter Opener":[75],"Whetstone":["Core Surge","Sunder"],"Orichalcum":[54],"obtain_stats":[{"Gremlin Horn":6,"Golden Idol":14,"Pen Nib":3,"PreservedInsect":24,"Letter Opener":12,"Whetstone":26,"Orichalcum":8,"Cables":27,"Runic Dome":17,"Shovel":0,"Strawberry":9,"Bronze Scales":29,"Cracked Core":0},{"Gremlin Horn":3,"Golden Idol":6,"Pen Nib":2,"PreservedInsect":10,"Letter Opener":5,"Whetstone":10,"Orichalcum":4,"Cables":11,"Runic Dome":7,"Shovel":0,"Strawberry":4,"Bronze Scales":12,"Cracked Core":0},{"Gremlin Horn":9,"Golden Idol":20,"Pen Nib":6,"PreservedInsect":44,"Letter Opener":16,"Whetstone":44,"Orichalcum":12,"Cables":49,"Runic Dome":29,"Shovel":0,"Strawberry":12,"Bronze Scales":53,"Cracked Core":0}],"Cables":[8,8,0,0,0]},"card_choices":[{"not_picked":["Rebound","Hello World"],"picked":"White Noise","floor":1},{"not_picked":["Scrape","Streamline"],"picked":"Sunder","floor":2},{"not_picked":["Streamline","Conserve Battery"],"picked":"Undo","floor":5},{"not_picked":["Hologram","Rebound"],"picked":"Conserve Battery","floor":7},{"not_picked":["Cold Snap","Turbo"],"picked":"Echo Form","floor":11},{"not_picked":["Scrape","Hologram"],"picked":"Rip and Tear","floor":13},{"not_picked":["All For One","Seek"],"picked":"Core Surge","floor":16},{"not_picked":["Hologram","Barrage"],"picked":"Loop","floor":18},{"not_picked":["Turbo","White Noise"],"picked":"Aggregate","floor":19},{"not_picked":["Barrage","Redo"],"picked":"Conserve Battery","floor":24},{"not_picked":["Steam+1","Rebound"],"picked":"Streamline+1","floor":27},{"not_picked":["Hologram","Compile Driver","Sweeping Beam"],"picked":"SKIP","floor":29},{"not_picked":["Recycle","Gash"],"picked":"Redo+1","floor":31}],"player_experience":585880,"relics_obtained":[{"floor":6,"key":"Gremlin Horn"},{"floor":8,"key":"Orichalcum"},{"floor":9,"key":"Strawberry"},{"floor":12,"key":"Letter Opener"},{"floor":24,"key":"PreservedInsect"},{"floor":26,"key":"Whetstone"},{"floor":27,"key":"Cables"},{"floor":29,"key":"Bronze Scales"}],"event_choices":[{"damage_healed":0,"gold_gain":0,"player_choice":"Success","damage_taken":18,"relics_obtained":["Pen Nib"],"max_hp_gain":0,"max_hp_loss":0,"event_name":"Scrap Ooze","floor":3,"gold_loss":0},{"damage_healed":0,"gold_gain":0,"player_choice":"Leave","damage_taken":0,"max_hp_gain":0,"max_hp_loss":0,"event_name":"FaceTrader","floor":4,"gold_loss":0},{"damage_healed":0,"gold_gain":0,"player_choice":"Lose Max HP","damage_taken":0,"relics_obtained":["Golden Idol"],"max_hp_gain":0,"max_hp_loss":7,"event_name":"Golden Idol","floor":14,"gold_loss":0},{"damage_healed":0,"gold_gain":0,"player_choice":"Ignored","damage_taken":0,"max_hp_gain":0,"max_hp_loss":0,"event_name":"The Mausoleum","floor":21,"gold_loss":0},{"damage_healed":0,"gold_gain":0,"player_choice":"Ignored","damage_taken":0,"max_hp_gain":0,"max_hp_loss":0,"event_name":"Cursed Tome","floor":30,"gold_loss":0}],"is_beta":false,"boss_relics":[{"not_picked":["Cursed Key","Calling Bell"],"picked":"Runic Dome"}],"items_purged_floors":[],"is_endless":false,"potions_floor_spawned":[2,5,16,18,29],"killed_by":"Champ","ascension_level":17}}