{"host":"dl909bjyolgrn2uw","time":1613100204,"event":{"mods":["2.2 Compatiblity","AlwaysNeverKeys","BaseMod","Bestiary","Better Altar","Better Note","Better Sensory Stone","Better Skull","Better Vampires","Better-Laid Plans","BetterRewards","Colored Powertips","Curses Come First","Disable Question Mark Monsters","Displayed Cursed Tome","Emptier Cage","Evolution","Minty Spire (QoL Compilation)","Permanent Neow","Quick Restart","Rare Cards Sparkle","Relic Stats","Shop Mod","Spicy Shops","StSLib","SuperFastMode","Transform Curses"],"gold_per_floor":[114,114,133,145,159,159,179,213,213,213,227,261,275,293,293,396,396,413,218,228,248,323,349,359,387,412,426,426,456,474,574,574,672,672,691,706,706,263,274,302,302,328,376,376,405,405,420,431,431,431],"floor_reached":51,"language":"ENG","playtime":3603,"items_purged":["Strike_R","Strike_R","Strike_R","Strike_R","Strike_R","Pain"],"score":1745,"play_id":"dcf0a8b1-cded-4e64-96c2-f0e78180d5c1","local_time":"20210211212324","is_ascension_mode":true,"campfire_choices":[{"data":"1","floor":6.0,"key":"LIFT"},{"data":"2","floor":10.0,"key":"LIFT"},{"data":"3","floor":15.0,"key":"LIFT"},{"data":"Demon Form","floor":28.0,"key":"SMITH"},{"data":"Dark Embrace","floor":32.0,"key":"SMITH"},{"data":"Shockwave","floor":41,"key":"SMITH"},{"data":"Fiend Fire","floor":44,"key":"SMITH"},{"data":"Limit Break","floor":49,"key":"SMITH"}],"circlet_count":0,"master_deck":["AscendersBane","Defend_R+1","Defend_R","Defend_R","Bash","Shockwave+1","Uppercut","Power Through","Uppercut","Exhume","Seeing Red","True Grit+1","True Grit","Twin Strike","Dark Embrace+1","Shrug It Off","Pommel Strike","Cleave","Inflame","Ghostly Armor","Twin Strike","Demon Form+1","Twin Strike","Sword Boomerang","Fiend Fire+1","Disarm+1","Pummel","True Grit+1","Impervious","Armaments+1","Sword Boomerang","Corruption+1","True Grit+1","Battle Trance+1","Inflame+1","Pummel+1","Evolve+1","Uppercut+1","Limit Break+1","Shockwave+1","Burning Pact"],"relics":["Burning Blood","EVO:Axolotl","Champion Belt","Girya","OrangePellets","Membership Card","Question Card","Bag of Preparation","Orrery","Gambling Chip","Thread and Needle","Darkstone Periapt","Magic Flower","Mark of Pain","Medical Kit","Matryoshka","Pen Nib","Shuriken","War Paint","Mercury Hourglass","Torii","Frozen Egg 2","Snecko Eye","WarpedTongs","Bag of Marbles","Akabeko","Molten Egg 2","PreservedInsect","Prayer Wheel","Gremlin Horn","Sundial"],"acts_visited":["Exordium","TheCity","TheBeyond"],"potions_floor_usage":[],"damage_taken":[{"damage":0.0,"enemies":"Jaw Worm","floor":1.0,"turns":3.0},{"damage":0.0,"enemies":"Cultist","floor":3.0,"turns":2.0},{"damage":0.0,"enemies":"Small Slimes","floor":4.0,"turns":3.0},{"damage":19.0,"enemies":"Exordium Thugs","floor":5.0,"turns":8.0},{"damage":4.0,"enemies":"Looter","floor":7.0,"turns":3.0},{"damage":10.0,"enemies":"3 Sentries","floor":8.0,"turns":5.0},{"damage":2.0,"enemies":"Lots of Slimes","floor":11.0,"turns":3.0},{"damage":13.0,"enemies":"Lagavulin","floor":12.0,"turns":6.0},{"damage":0.0,"enemies":"Exordium Wildlife","floor":13.0,"turns":2.0},{"damage":0.0,"enemies":"3 Louse","floor":14.0,"turns":4.0},{"damage":39.0,"enemies":"The Guardian","floor":16.0,"turns":6.0},{"damage":0.0,"enemies":"Spheric Guardian","floor":18.0,"turns":3.0},{"damage":0.0,"enemies":"Chosen","floor":20.0,"turns":3.0},{"damage":0.0,"enemies":"Shelled Parasite and Fungi","floor":21.0,"turns":3.0},{"damage":11.0,"enemies":"Gremlin Leader","floor":23.0,"turns":8.0},{"damage":0.0,"enemies":"Chosen and Byrds","floor":24.0,"turns":7.0},{"damage":0.0,"enemies":"Slavers","floor":25.0,"turns":6.0},{"damage":1.0,"enemies":"3 Cultists","floor":27.0,"turns":4.0},{"damage":20.0,"enemies":"Gremlin Leader","floor":29.0,"turns":9.0},{"damage":5.0,"enemies":"Snake Plant","floor":30.0,"turns":3.0},{"damage":0.0,"enemies":"Colosseum Slavers","floor":31.0,"turns":2.0},{"damage":0.0,"enemies":"Colosseum Nobs","floor":31.0,"turns":3.0},{"damage":46.0,"enemies":"Automaton","floor":33.0,"turns":8.0},{"damage":0.0,"enemies":"3 Darklings","floor":35.0,"turns":3.0},{"damage":4.0,"enemies":"3 Shapes","floor":36.0,"turns":3.0},{"damage":0,"enemies":"Spire Growth","floor":39,"turns":1},{"damage":0,"enemies":"Giant Head","floor":40,"turns":4},{"damage":0,"enemies":"Nemesis","floor":42,"turns":1},{"damage":0,"enemies":"Reptomancer","floor":45,"turns":1},{"damage":0,"enemies":"Sphere and 2 Shapes","floor":47,"turns":1},{"damage":0,"enemies":"3 Darklings","floor":48,"turns":1},{"damage":28,"enemies":"Awakened One","floor":50,"turns":5}],"seed_played":"-5623420322400963039","potions_obtained":[{"floor":2.0,"key":"Explosive Potion"},{"floor":2.0,"key":"Explosive Potion"},{"floor":3.0,"key":"DuplicationPotion"},{"floor":4.0,"key":"Fruit Juice"},{"floor":11.0,"key":"Explosive Potion"},{"floor":12.0,"key":"FearPotion"},{"floor":21.0,"key":"FearPotion"},{"floor":27.0,"key":"DuplicationPotion"},{"floor":30.0,"key":"LiquidMemories"},{"floor":33.0,"key":"Block Potion"},{"floor":36.0,"key":"Fruit Juice"}],"is_trial":false,"path_per_floor":["M","?","M","M","M","R","M","E","T","R","M","E","M","M","R","B",null,"M","$","M","M","?","E","M","E","T","M","R","E","M","?","R","B",null,"M","M","?","$","M","E","R","E","T","R","E","?","M","M","R","B",null],"character_chosen":"IRONCLAD","items_purchased":["Champion Belt","Shockwave","Uppercut","Girya","OrangePellets","Membership Card","Question Card","Power Through","Uppercut","Bag of Preparation","Orrery","Dark Embrace","Gambling Chip","Shrug It Off","Pommel Strike","Medical Kit","Pummel","Bag of Marbles","Akabeko","Inflame+1","LiquidBronze","Molten Egg 2"],"campfire_rested":0,"item_purchase_floors":[0,0,0,0,0,0,0,0,0,0,0,0,0,0,0,19,19,38,38,38,38,38],"current_hp_per_floor":[78,78,80,80,67,67,69,65,65,65,69,67,76,85,85,55,78,85,85,85,85,77,75,84,85,85,85,85,74,78,85,85,48,76,85,85,91,96,96,96,96,96,96,96,96,96,96,96,96,77],"gold":431,"neow_bonus":"","is_daily":false,"chose_seed":false,"campfire_upgraded":5,"win_rate":0.0,"timestamp":1613100204,"path_taken":["M","?","M","M","M","R","M","E","T","R","M","E","M","M","R","BOSS","M","$","M","M","?","E","?","E","T","M","R","E","M","?","R","BOSS","M","M","?","?","M","E","R","E","T","R","E","?","M","M","R","BOSS"],"items_purchased_type":["Relic","Card","Card","Relic","Relic","Relic","Relic","Card","Card","Relic","Relic","Card","Relic","Card","Card","Relic","Card","Relic","Relic","Card","Potion","Relic"],"build_version":"2020-12-22","purchased_purges":6,"victory":true,"max_hp_per_floor":[80,80,80,80,80,80,80,80,80,80,80,85,85,85,85,85,85,85,85,85,85,85,85,85,85,85,85,85,85,85,85,85,85,85,85,85,91,96,96,96,96,96,96,96,96,96,96,96,96,96],"relic_stats":{"Darkstone Periapt":12,"Torii":9,"Gremlin Horn":[8,8],"counters":[119,485],"Magic Flower":[32],"Pen Nib":[33],"PreservedInsect":551,"Bag of Preparation":[64],"War Paint":["Defend_R","Bloodletting","Bloodletting","Defend_R","Defend_R","True Grit"],"Question Card":37,"Medical Kit":[59],"Burning Blood":494,"Mercury Hourglass":[183],"WarpedTongs":[14],"OrangePellets":[10],"Shuriken":[9],"Sundial":[0],"Gambling Chip":[131],"Snecko Eye":[27,29,26,37],"Prayer Wheel":2,"Champion Belt":[78],"obtain_stats":[{"Gremlin Horn":43,"Vajra":0,"EVO:Axolotl":0,"Ginger":0,"Whetstone":0,"Bottled Tornado":25,"Boot":9,"Blood Vial":48,"Centennial Puzzle":54,"HornCleat":30,"DollysMirror":19,"Sundial":45,"Prayer Wheel":42,"Kunai":53,"Girya":40,"Eternal Feather":40,"Pen Nib":26,"Letter Opener":54,"War Paint":24,"Question Card":0,"Akabeko":38,"WarpedTongs":37,"OrangePellets":0,"Bottled Flame":0,"Shuriken":26,"Bird Faced Urn":26,"Snecko Eye":34,"Molten Egg 2":9,"Mark of Pain":17,"Pocketwatch":11,"Darkstone Periapt":27,"Regal Pillow":24,"Torii":31,"Magic Flower":12,"Bag of Preparation":40,"Incense Burner":48,"Cursed Key":17,"Burning Blood":0,"ClockworkSouvenir":19,"Dream Catcher":7,"Nunchaku":8,"Matryoshka":23,"Gambling Chip":0,"Tiny Chest":29,"Red Skull":44,"Runic Pyramid":17,"Lee\u0027s Waffle":53,"Golden Idol":5,"Thread and Needle":8,"The Courier":7,"PreservedInsect":9,"Omamori":0,"Orichalcum":44,"Frozen Egg 2":31,"MawBank":12,"Medical Kit":0,"Mercury Hourglass":12,"Cauldron":0,"Busted Crown":34,"Orrery":53,"Bag of Marbles":19,"Membership Card":48,"Champion Belt":0},{"Gremlin Horn":115,"Vajra":28,"EVO:Axolotl":0,"Ginger":0,"Whetstone":28,"Bottled Tornado":70,"Boot":33,"Blood Vial":25,"Centennial Puzzle":27,"HornCleat":73,"DollysMirror":11,"Sundial":116,"Prayer Wheel":115,"Kunai":26,"Girya":80,"Eternal Feather":52,"Pen Nib":70,"Letter Opener":86,"War Paint":42,"Question Card":87,"Akabeko":112,"WarpedTongs":112,"OrangePellets":87,"Bottled Flame":55,"Shuriken":104,"Bird Faced Urn":12,"Snecko Eye":110,"Molten Egg 2":60,"Mark of Pain":65,"Pocketwatch":61,"Darkstone Periapt":71,"Regal Pillow":12,"Torii":109,"Magic Flower":95,"Bag of Preparation":22,"Incense Burner":84,"Cursed Key":36,"Burning Blood":0,"ClockworkSouvenir":11,"Dream Catcher":33,"Nunchaku":60,"Matryoshka":102,"Gambling Chip":87,"Tiny Chest":15,"Red Skull":23,"Runic Pyramid":10,"Lee\u0027s Waffle":26,"Golden Idol":59,"Thread and Needle":93,"The Courier":5,"PreservedInsect":5,"Omamori":28,"Orichalcum":54,"Frozen Egg 2":109,"MawBank":7,"Medical Kit":55,"Mercury Hourglass":35,"Cauldron":28,"Busted Crown":16,"Orrery":26,"Bag of Marbles":11,"Membership Card":84,"Champion Belt":87},{"Gremlin Horn":477,"Vajra":155,"EVO:Axolotl":0,"Ginger":0,"Whetstone":155,"Bottled Tornado":307,"Boot":170,"Blood Vial":128,"Centennial Puzzle":145,"HornCleat":317,"DollysMirror":48,"Sundial":478,"Prayer Wheel":477,"Kunai":136,"Girya":336,"Eternal Feather":255,"Pen Nib":307,"Letter Opener":356,"War Paint":204,"Question Card":361,"Akabeko":471,"WarpedTongs":471,"OrangePellets":361,"Bottled Flame":268,"Shuriken":436,"Bird Faced Urn":54,"Snecko Eye":465,"Molten Egg 2":279,"Mark of Pain":291,"Pocketwatch":281,"Darkstone Periapt":311,"Regal Pillow":54,"Torii":457,"Magic Flower":394,"Bag of Preparation":110,"Incense Burner":348,"Cursed Key":179,"Burning Blood":0,"ClockworkSouvenir":48,"Dream Catcher":170,"Nunchaku":279,"Matryoshka":423,"Gambling Chip":361,"Tiny Chest":71,"Red Skull":117,"Runic Pyramid":41,"Lee\u0027s Waffle":136,"Golden Idol":274,"Thread and Needle":385,"The Courier":19,"PreservedInsect":19,"Omamori":155,"Orichalcum":264,"Frozen Egg 2":457,"MawBank":26,"Medical Kit":268,"Mercury Hourglass":175,"Cauldron":155,"Busted Crown":79,"Orrery":136,"Bag of Marbles":48,"Membership Card":348,"Champion Belt":361}]},"card_choices":[{"not_picked":["Reckless Charge","Warcry","Wild Strike"],"picked":"Exhume","floor":0.0},{"not_picked":["Thunderclap","Body Slam","Havoc"],"picked":"Seeing Red","floor":0.0},{"not_picked":["Thunderclap","Clothesline","Iron Wave"],"picked":"True Grit","floor":0.0},{"not_picked":["Perfected Strike","Rupture","Sentinel"],"picked":"True Grit","floor":0.0},{"not_picked":["Dropkick","Anger","Flex"],"picked":"Twin Strike","floor":0.0},{"not_picked":["Bludgeon","Flex","Pommel Strike"],"picked":"Cleave","floor":1.0},{"not_picked":["Fire Breathing","Thunderclap","True Grit","Clash"],"picked":"SKIP","floor":3.0},{"not_picked":["Heavy Blade","Wild Strike","Infernal Blade","Second Wind"],"picked":"SKIP","floor":4.0},{"not_picked":["Cleave","Twin Strike","Impervious"],"picked":"Inflame","floor":5.0},{"not_picked":["Flex","Havoc","Cleave","Headbutt"],"picked":"SKIP","floor":7.0},{"not_picked":["Infernal Blade","Sentinel","Iron Wave"],"picked":"Ghostly Armor","floor":8.0},{"not_picked":["Thunderclap","Twin Strike","Armaments","Hemokinesis"],"picked":"SKIP","floor":11.0},{"not_picked":["Thunderclap","Armaments","Hemokinesis"],"picked":"Twin Strike","floor":11.0},{"not_picked":["Thunderclap","Combust","Iron Wave"],"picked":"Demon Form","floor":12.0},{"not_picked":["Armaments","Flex","Clothesline"],"picked":"Twin Strike","floor":13.0},{"not_picked":["Anger","Warcry","Body Slam"],"picked":"Sword Boomerang","floor":14.0},{"not_picked":["Barricade","Limit Break","Reaper"],"picked":"Fiend Fire","floor":16.0},{"not_picked":["Headbutt","Anger","Power Through"],"picked":"Disarm+1","floor":18.0},{"not_picked":["Rupture","Heavy Blade","Clothesline"],"picked":"True Grit+1","floor":20.0},{"not_picked":["Rage","Fire Breathing","Flex","Cleave"],"picked":"SKIP","floor":21.0},{"not_picked":["Pommel Strike","Clothesline+1","Intimidate"],"picked":"Impervious","floor":23.0},{"not_picked":["Blood for Blood","Anger","Carnage"],"picked":"Armaments+1","floor":24.0},{"not_picked":["Clash","Reckless Charge","Searing Blow","Whirlwind+1"],"picked":"SKIP","floor":25.0},{"not_picked":["Thunderclap","True Grit","Rupture","Cleave"],"picked":"SKIP","floor":27.0},{"not_picked":["Clothesline","True Grit+1","Cleave"],"picked":"Sword Boomerang","floor":29.0},{"not_picked":["Perfected Strike","Havoc","Infernal Blade","Sever Soul"],"picked":"SKIP","floor":30.0},{"not_picked":["Berserk+1","Fiend Fire","Feed"],"picked":"Corruption+1","floor":33.0},{"not_picked":["Thunderclap+1","Armaments+1","Iron Wave+1"],"picked":"True Grit+1","floor":35.0},{"not_picked":["Spot Weakness","Clash","Body Slam"],"picked":"Battle Trance+1","floor":36.0},{"not_picked":["Shrug It Off","Thunderclap+1","Intimidate+1"],"picked":"Pummel+1","floor":39},{"not_picked":["Twin Strike+1","Bloodletting+1","Anger+1"],"picked":"Evolve+1","floor":40},{"not_picked":["Inflame+1","Carnage+1","True Grit"],"picked":"Uppercut+1","floor":42},{"not_picked":["Blood for Blood+1","Wild Strike+1","Infernal Blade+1"],"picked":"Limit Break","floor":45},{"not_picked":["Rampage+1","Twin Strike+1","Iron Wave+1"],"picked":"Shockwave+1","floor":47},{"not_picked":["Inflame+1","Dropkick+1","Thunderclap+1","Headbutt+1"],"picked":"SKIP","floor":47},{"not_picked":["Sentinel","Fire Breathing+1","Evolve+1"],"picked":"Burning Pact","floor":48},{"not_picked":["Heavy Blade+1","Flex+1","Disarm","Clash+1"],"picked":"SKIP","floor":48}],"player_experience":385057,"relics_obtained":[{"floor":8.0,"key":"Thread and Needle"},{"floor":9.0,"key":"Darkstone Periapt"},{"floor":12.0,"key":"Magic Flower"},{"floor":23.0,"key":"Matryoshka"},{"floor":25.0,"key":"Pen Nib"},{"floor":26.0,"key":"Shuriken"},{"floor":26.0,"key":"War Paint"},{"floor":29.0,"key":"Mercury Hourglass"},{"floor":31.0,"key":"Torii"},{"floor":31.0,"key":"Frozen Egg 2"},{"floor":40,"key":"PreservedInsect"},{"floor":42,"key":"Prayer Wheel"},{"floor":43,"key":"Gremlin Horn"},{"floor":45,"key":"Sundial"}],"event_choices":[{"damage_healed":0.0,"max_hp_gain":0.0,"max_hp_loss":0.0,"gold_gain":0.0,"event_name":"Lab","player_choice":"Got Potions","floor":2.0,"gold_loss":0.0,"damage_taken":0.0},{"damage_healed":0.0,"max_hp_gain":0.0,"max_hp_loss":0.0,"gold_gain":75.0,"event_name":"FaceTrader","player_choice":"Touch","floor":22.0,"gold_loss":0.0,"damage_taken":8.0},{"damage_healed":0.0,"max_hp_gain":0.0,"max_hp_loss":0.0,"gold_gain":0.0,"event_name":"Colosseum","player_choice":"Fight","floor":31.0,"gold_loss":0.0,"damage_taken":0.0},{"damage_healed":0.0,"max_hp_gain":0.0,"max_hp_loss":0.0,"gold_gain":0.0,"event_name":"Colosseum","player_choice":"Fought Nobs","floor":31.0,"gold_loss":0.0,"damage_taken":0.0},{"damage_healed":0.0,"max_hp_gain":0.0,"max_hp_loss":0.0,"gold_gain":0.0,"event_name":"Accursed Blacksmith","player_choice":"Rummage","floor":37.0,"gold_loss":0.0,"damage_taken":0.0,"relics_obtained":["WarpedTongs"],"cards_obtained":["Pain"]},{"cards_removed":["Defend_R"],"damage_healed":0,"gold_gain":0,"player_choice":"Purged","damage_taken":0,"max_hp_gain":0,"max_hp_loss":0,"event_name":"Purifier","floor":46,"gold_loss":0}],"is_beta":false,"boss_relics":[{"not_picked":["Black Blood","Fusion Hammer"],"picked":"Mark of Pain"},{"not_picked":["Velvet Choker","Runic Cube"],"picked":"Snecko Eye"}],"items_purged_floors":[0,0,0,0,19,38],"is_endless":false,"potions_floor_spawned":[3,4,11,12,13,21,27,30,33,36,39,42,45],"ascension_level":10}}