{"host":"ewns8ifhbubwkcum","time":1613100968,"event":{"mods":["BaseMod","Block Reminder","Colored Map","Colored Powertips","Downfall","Highlight Path","Minty Spire (QoL Compilation)","Permanent Neow","Quick Restart","Random Character Button","StSLib"],"gold_per_floor":[99,114,114,124,224,224,278,313,85,95,95,124,124,124,135,239,239,239,251,251,262,262,262,262,76,106,106,106,106],"floor_reached":27,"language":"ENG","playtime":1852,"items_purged":[],"score":321,"play_id":"dd2f6209-3242-4926-995c-a9ea1ce8817e","local_time":"20210211213608","is_ascension_mode":true,"campfire_choices":[{"data":"sneckomod:DangerNoodle","floor":1,"key":"SMITH"},{"data":"sneckomod:TailWhip","floor":6,"key":"SMITH"},{"floor":13,"key":"REST"},{"data":"sneckomod:MasterEye","floor":18,"key":"SMITH"}],"circlet_count":0,"master_deck":["sneckomod:Defend","sneckomod:Defend","sneckomod:Defend","sneckomod:TailWhip+1","sneckomod:SnekBite+1","sneckomod:Unknown","sneckomod:Unknown","sneckomod:DangerNoodle+1","sneckomod:QuickBite","sneckomod:UnknownCommonAttack","sneckomod:UnknownDexterity","sneckomod:UnknownX","sneckomod:UnendingSupply","sneckomod:MasterEye+1","Steam","sneckomod:MasterEye","sneckomod:Unknown2Cost","sneckomod:Transmogrify","sneckomod:QuickMove+1","sneckomod:SoulExchange","sneckomod:UnknownColorless","Necronomicurse","Ghostly","Ghostly","Ghostly","Ghostly","Ghostly","sneckomod:UnknownBlock","expansioncontent:DashGenerateEvil","sneckomod:UnknownExhaust"],"relics":["sneckomod:SneckoSoul","WarpedTongs","OrangePellets","Empty Cage","Regal Pillow","Necronomicon","FossilizedHelix","Art of War","Akabeko","White Beast Statue"],"acts_visited":["Exordium","TheCity"],"potions_floor_usage":[5,12,16,21,21],"damage_taken":[{"damage":2,"enemies":"Jaw Worm","floor":2,"turns":2},{"damage":1,"enemies":"Cultist","floor":4,"turns":2},{"damage":18,"enemies":"downfall:Heads","floor":5,"turns":6},{"damage":21,"enemies":"Gremlin Nob","floor":8,"turns":4},{"damage":5,"enemies":"downfall:FleeingMerchant","floor":9,"turns":4},{"damage":6,"enemies":"Small Slimes","floor":10,"turns":2},{"damage":22,"enemies":"3 Sentries","floor":12,"turns":6},{"damage":0,"enemies":"3 Louse","floor":15,"turns":2},{"damage":44,"enemies":"WA_ARCHETYPE_RETAIN","floor":16,"turns":5},{"damage":14,"enemies":"Shell Parasite","floor":19,"turns":3},{"damage":2,"enemies":"3 Byrds","floor":21,"turns":5},{"damage":0,"enemies":"downfall:FleeingMerchant","floor":25,"turns":4},{"damage":27,"enemies":"Book of Stabbing","floor":26,"turns":7},{"damage":15,"enemies":"Sentry and Sphere","floor":27,"turns":3}],"seed_played":"3988322558687237409","potions_obtained":[{"floor":4,"key":"Fire Potion"},{"floor":8,"key":"sneckomod:DiceRollPotion"},{"floor":10,"key":"champ:CounterPotion"},{"floor":12,"key":"Slimebound:ThreeZeroPotion"},{"floor":15,"key":"Energy Potion"},{"floor":19,"key":"Block Potion"},{"floor":26,"key":"Fruit Juice"}],"is_trial":false,"path_per_floor":["R","M","?","M","?","R","T","E","$","M","?","E","R","?","M","B",null,"R","M","?","M","?","?","T","$","E","M"],"character_chosen":"THE_SNECKO","items_purchased":["sneckomod:UnendingSupply","OrangePellets","expansioncontent:DashGenerateEvil"],"campfire_rested":1,"item_purchase_floors":[9,9,25],"current_hp_per_floor":[90,88,88,87,69,69,69,48,43,37,37,15,57,57,57,13,71,71,57,57,55,39,39,39,39,12,0,0,0],"gold":106,"neow_bonus":"ONE_RANDOM_RARE_CARD","is_daily":false,"chose_seed":false,"campfire_upgraded":3,"win_rate":0.0,"timestamp":1613100968,"path_taken":["R","M","?","?","?","R","T","E","$","M","?","E","R","?","M","BOSS","R","M","?","?","?","?","T","$","E","M"],"items_purchased_type":["Card","Relic","Card"],"build_version":"2020-12-22","purchased_purges":0,"victory":false,"max_hp_per_floor":[90,90,90,90,90,90,90,90,90,90,90,90,90,90,90,90,90,90,90,90,90,90,45,45,45,45,45,45,45],"card_choices":[{"not_picked":["sneckomod:IronFang","sneckomod:DiceBoulder"],"picked":"sneckomod:QuickBite","floor":2},{"not_picked":["sneckomod:UnknownUncommonPower","sneckomod:DiceCrush"],"picked":"sneckomod:UnknownBlock","floor":4},{"not_picked":["sneckomod:SoulRoll","sneckomod:Unknown1Cost"],"picked":"sneckomod:UnknownDexterity","floor":5},{"not_picked":["sneckomod:SoulDraw","sneckomod:RainOfDice"],"picked":"sneckomod:UnknownX","floor":8},{"not_picked":["sneckomod:TrashToTreasure","sneckomod:UnknownStrength"],"picked":"sneckomod:Memorize","floor":9},{"not_picked":["sneckomod:UnknownDexterity","sneckomod:Mudshield"],"picked":"sneckomod:MasterEye","floor":10},{"not_picked":["sneckomod:UnknownCommonAttack","sneckomod:DiceCrush"],"picked":"sneckomod:MasterEye","floor":12},{"not_picked":["sneckomod:UnknownUncommonSkill","sneckomod:SoulRoll"],"picked":"sneckomod:Unknown2Cost","floor":15},{"not_picked":["sneckomod:Unknown3Cost","sneckomod:UnknownRarePower"],"picked":"sneckomod:Transmogrify","floor":16},{"not_picked":["sneckomod:SoulCleanse+1","sneckomod:DiceCrush"],"picked":"sneckomod:QuickMove+1","floor":19},{"not_picked":["sneckomod:Rotation","sneckomod:WideSting"],"picked":"sneckomod:UnknownColorless","floor":21},{"not_picked":["sneckomod:UnknownDexterity","sneckomod:UnknownRareSkill"],"picked":"sneckomod:UnknownBlock","floor":25},{"not_picked":["sneckomod:SoulRoll","sneckomod:DiceBlock"],"picked":"sneckomod:UnknownExhaust","floor":26}],"player_experience":1192899,"relics_obtained":[{"floor":7,"key":"Smiling Mask"},{"floor":8,"key":"Ancient Tea Set"},{"floor":12,"key":"Regal Pillow"},{"floor":19,"key":"Regal Pillow"},{"floor":21,"key":"Art of War"},{"floor":22,"key":"Necronomicon"},{"floor":24,"key":"FossilizedHelix"},{"floor":25,"key":"Art of War"},{"floor":26,"key":"Akabeko"},{"floor":26,"key":"White Beast Statue"}],"event_choices":[{"damage_healed":0,"gold_gain":0,"player_choice":"Rummage","damage_taken":0,"relics_obtained":["WarpedTongs"],"max_hp_gain":0,"max_hp_loss":0,"event_name":"Accursed Blacksmith","floor":3,"gold_loss":0,"cards_obtained":["Pain"]},{"damage_healed":0,"gold_gain":0,"player_choice":"Box","damage_taken":0,"relics_obtained":["Bag of Marbles"],"max_hp_gain":0,"max_hp_loss":0,"event_name":"Big Fish","floor":11,"gold_loss":0,"cards_obtained":["Regret"]},{"damage_healed":0,"gold_gain":0,"player_choice":"Became a Ghost","damage_taken":0,"max_hp_gain":0,"max_hp_loss":45,"event_name":"Ghosts","floor":23,"gold_loss":0,"cards_obtained":["Ghostly","Ghostly","Ghostly","Ghostly","Ghostly"]}],"is_beta":false,"boss_relics":[{"not_picked":["Fusion Hammer","Runic Pyramid"],"picked":"Empty Cage"}],"items_purged_floors":[],"is_endless":false,"potions_floor_spawned":[4,8,10,12,15,19,26],"killed_by":"Sentry and Sphere","ascension_level":5}}