{"host":"5xns876pdgmmwrca","time":1613098665,"event":{"mods":["2.2 Compatiblity","BaseMod","Colored Map","Colored Powertips","Downfall","Hubris","Minty Spire (QoL Compilation)","Permanent Neow","Replay The Spire","Shop Mod","StSLib","The Bug Knight","The Hierophant"],"gold_per_floor":[117,117,25,39,52,52,84,84,108,108,123,142,162,192,192,294,294,305,305,323,523,541,541,559,577,577,577,589,599,220,231,231,332,332,343,343,359,359,359,391,391,423,423,341,351,351,366,266,266,266],"floor_reached":51,"language":"ENG","playtime":5111,"items_purged":["Sickly"],"score":748,"play_id":"1c0a2293-7c50-4d7e-8342-a319222b8096","local_time":"20210212105745","is_ascension_mode":false,"campfire_choices":[{"data":"HollowMod:SiblingsSouls","floor":6,"key":"SMITH"},{"data":"HollowMod:ZotesMagnificence","floor":10,"key":"SMITH"},{"floor":15,"key":"DIG"},{"data":"HollowMod:NewGlowingWomb","floor":23,"key":"SMITH"},{"data":"HollowMod:HuntersJournal","floor":32,"key":"SMITH"},{"data":"1","floor":41,"key":"LIFT"},{"data":"2","floor":46,"key":"LIFT"},{"data":"3","floor":49,"key":"LIFT"}],"circlet_count":0,"master_deck":["HollowMod:NailStrikeStart","HollowMod:NailStrikeStart","HollowMod:NailStrikeStart","HollowMod:QuickDashStart","HollowMod:QuickDashStart","HollowMod:QuickDashStart","HollowMod:FocusHealStart","HollowMod:PogoStrike","HollowMod:CrystalDash","HollowMod:SoulShaman","HollowMod:SiblingsSouls+1","HollowMod:HeavyBlow","HollowMod:FallenFury","Swift Strike","HollowMod:theNailsmith","HollowMod:DashSlash","HollowMod:MothsMistake","HollowMod:GoodIntentions","HollowMod:DashSlash","HollowMod:AwokenDreamNail+1","HollowMod:Grubsong+1","HollowMod:PerfectDash","HollowMod:SoulSplash+1","HollowMod:NewGlowingWomb+1","HollowMod:DashSlash","HollowMod:MothsMistake","HollowMod:HuntersJournal+1","HollowMod:InfectionAssault+1","HollowMod:HuntersJournal","HollowMod:LifebloodCocoon+1","Madness","Madness","HollowMod:PureNailStrike+1","Pain","HollowMod:InfectedCysts","HollowMod:SlysStrikes","HollowMod:MonarchWings","HollowMod:SiblingsSouls+1"],"relics":["HollowMod:VesselMask","Replay:Mystery Machine","Blood Vial","hubris:OldNail","Simple Rune","Replay:Grab Bag","hubris:VirtuousBlindfold","Painkiller Herb","Astrolabe","HollowMod:LifeEnderRelic","HandDrill","HollowMod:MillibellesNoteRelic","Cursed Key","hubris:Towel","Girya","Potion Belt","Replay:Wax Seal","Oddly Smooth Stone"],"acts_visited":["Exordium","TheCity","TheBeyond"],"potions_floor_usage":[12,18,25,37,42,44,50,50,50],"damage_taken":[{"damage":0,"enemies":"Jaw Worm","floor":1,"turns":3},{"damage":9,"enemies":"Small Slimes","floor":4,"turns":5},{"damage":1,"enemies":"Cultist","floor":5,"turns":4},{"damage":26,"enemies":"3 Sentries","floor":7,"turns":12},{"damage":7,"enemies":"Large Slime","floor":11,"turns":3},{"damage":9,"enemies":"Lots of Slimes","floor":12,"turns":6},{"damage":0,"enemies":"Blue Slaver","floor":13,"turns":1},{"damage":7,"enemies":"Gremlin Nob","floor":14,"turns":3},{"damage":42,"enemies":"Hexaghost","floor":16,"turns":10},{"damage":5,"enemies":"3 Byrds","floor":18,"turns":6},{"damage":0,"enemies":"2 Thieves","floor":20,"turns":3},{"damage":0,"enemies":"Snake Plant","floor":22,"turns":2},{"damage":0,"enemies":"Snecko","floor":24,"turns":3},{"damage":5,"enemies":"Sentry and Sphere","floor":25,"turns":3},{"damage":0,"enemies":"Snake Plant","floor":28,"turns":2},{"damage":21,"enemies":"Centurion and Healer","floor":29,"turns":6},{"damage":0,"enemies":"Cultist and Chosen","floor":31,"turns":3},{"damage":58,"enemies":"HollowMod:NKGrimm","floor":33,"turns":6},{"damage":0,"enemies":"Orb Walker","floor":35,"turns":2},{"damage":5,"enemies":"3 Shapes","floor":37,"turns":4},{"damage":6,"enemies":"Reptomancer","floor":40,"turns":4},{"damage":27,"enemies":"Giant Head","floor":42,"turns":6},{"damage":24,"enemies":"HollowMod:SlobberingHusk","floor":44,"turns":7},{"damage":0,"enemies":"Maw","floor":45,"turns":6},{"damage":4,"enemies":"Transient","floor":47,"turns":5},{"damage":3,"enemies":"HollowMod:Radiance","floor":50,"turns":6}],"seed_played":"-4700469727486319318","potions_obtained":[{"floor":7,"key":"Energy Potion"},{"floor":11,"key":"Ancient Potion"},{"floor":13,"key":"champ:CounterPotion"},{"floor":18,"key":"Swift Potion"},{"floor":20,"key":"Milkshake"},{"floor":24,"key":"LiquidMemories"},{"floor":33,"key":"ColorlessPotion"},{"floor":37,"key":"Strength Potion"},{"floor":44,"key":"SkillPotion"},{"floor":47,"key":"bronze:BurnAndBuffPotion"}],"is_trial":false,"path_per_floor":["M","?","$","M","M","R","E","?","T","R","M","M","M","E","R_BF","B",null,"?","?","?","?","?","T","?","?","T","?","?","?","T","?","T","B",null,"?","?","?","?","T","E","T","E","T","?","?","T","?","NS","T","B",null],"character_chosen":"THE_BUGKNIGHT","items_purchased":["HollowMod:SoulVessel","HollowMod:SiblingsSouls","HandDrill","HollowMod:MillibellesNoteRelic"],"campfire_rested":0,"item_purchase_floors":[3,3,30,30],"current_hp_per_floor":[75,75,75,72,71,71,57,57,57,57,58,61,63,58,58,18,75,75,75,75,75,75,75,75,70,75,75,75,60,66,74,75,17,75,75,66,69,75,75,69,75,54,60,44,62,68,71,75,75,75],"gold":266,"neow_bonus":"TRANSFORM_TWO_CARDS","is_daily":false,"chose_seed":false,"campfire_upgraded":4,"win_rate":0.0,"timestamp":1613098665,"path_taken":["M","?","$","M","M","R","E","?","T","R","M","M","M","E","R_BF","BOSS","?","?","?","?","?","T","?","?","T","?","?","?","?","?","T","BOSS","?","?","?","?","?","E","T","E","T","?","?","T","?","NS","T","BOSS"],"items_purchased_type":["Card","Card","Relic","Relic"],"build_version":"2020-12-22","purchased_purges":1,"victory":true,"max_hp_per_floor":[75,75,75,75,75,75,75,75,75,75,75,75,75,75,75,75,75,75,75,75,75,75,75,75,75,75,75,75,75,75,75,75,75,75,75,75,75,75,75,75,75,75,75,75,75,75,75,75,75,75],"card_choices":[{"not_picked":["HollowMod:SiblingsShadow","HollowMod:GoodIntentions"],"picked":"HollowMod:SoulShaman","floor":1},{"not_picked":["HollowMod:SharpenedShadows","HollowMod:CornifersMapStart","HollowMod:AbyssShriek"],"picked":"SKIP","floor":4},{"not_picked":["HollowMod:DungDefenderAura","HollowMod:Grubsong"],"picked":"HollowMod:HeavyBlow","floor":5},{"not_picked":["HollowMod:TaintedHusks","HollowMod:SoulSplash"],"picked":"HollowMod:ZotesMagnificence","floor":7},{"not_picked":["HollowMod:SharpenedNail","HollowMod:HowlingWraiths"],"picked":"HollowMod:DashSlash","floor":11},{"not_picked":["HollowMod:HeavyBlow","HollowMod:SiblingsShadow"],"picked":"HollowMod:MothsMistake","floor":12},{"not_picked":["HollowMod:NewLittleFool","HollowMod:SoulEater"],"picked":"HollowMod:GoodIntentions","floor":13},{"not_picked":["HollowMod:SharpenedShadows","HollowMod:WraithStrike"],"picked":"HollowMod:DashSlash","floor":14},{"not_picked":["HollowMod:HornetsHelp","HollowMod:LifebloodCore"],"picked":"HollowMod:AwokenDreamNail","floor":16},{"not_picked":["HollowMod:TaintedHusks","HollowMod:ShadowDash"],"picked":"HollowMod:PerfectDash","floor":18},{"not_picked":["HollowMod:TaintedHusks","HollowMod:SoulVessel"],"picked":"HollowMod:SoulSplash+1","floor":20},{"not_picked":["HollowMod:ChannelNail+1","HollowMod:LifebloodCocoon"],"picked":"HollowMod:NewGlowingWomb","floor":22},{"not_picked":["HollowMod:HowlingWraiths","HollowMod:GoodIntentions"],"picked":"HollowMod:DashSlash","floor":24},{"not_picked":["HollowMod:HuntersJournal","HollowMod:AbyssShriek"],"picked":"HollowMod:MothsMistake","floor":25},{"not_picked":["HollowMod:Grubsong","HollowMod:GoodIntentions"],"picked":"HollowMod:HuntersJournal","floor":28},{"not_picked":["HollowMod:HowlingWraiths","HollowMod:RecoilStrike"],"picked":"HollowMod:InfectionAssault+1","floor":29},{"not_picked":["HollowMod:SoulShaman","HollowMod:MonarchWings"],"picked":"HollowMod:HuntersJournal","floor":31},{"not_picked":["HollowMod:NewLittleFool+1","HollowMod:CycloneSlash"],"picked":"HollowMod:LifebloodCocoon+1","floor":35},{"not_picked":["HollowMod:LifebloodCocoon+1","HollowMod:VengefulVoid"],"picked":"HollowMod:PureNailStrike+1","floor":37},{"not_picked":["HollowMod:SoulEater+1","HollowMod:NewLittleFool+1"],"picked":"HollowMod:InfectedCysts","floor":40},{"not_picked":["HollowMod:SoulVessel","HollowMod:SiblingsSouls"],"picked":"HollowMod:SlysStrikes","floor":42},{"not_picked":["HollowMod:NewJinnsSoul+1","HollowMod:CoiledNail+1"],"picked":"HollowMod:MonarchWings","floor":44},{"not_picked":["HollowMod:ChannelNail+1","HollowMod:CornifersMapStart+1"],"picked":"HollowMod:SiblingsSouls+1","floor":45},{"not_picked":["HollowMod:SiblingsShadow+1","HollowMod:CycloneSlash+1","HollowMod:HeavyBlow+1"],"picked":"SKIP","floor":47}],"player_experience":6282,"relics_obtained":[{"floor":7,"key":"Replay:Mystery Machine"},{"floor":9,"key":"Blood Vial"},{"floor":14,"key":"hubris:OldNail"},{"floor":15,"key":"Simple Rune"},{"floor":26,"key":"HollowMod:LifeEnderRelic"},{"floor":39,"key":"Girya"},{"floor":40,"key":"Potion Belt"},{"floor":42,"key":"Replay:Wax Seal"},{"floor":43,"key":"Oddly Smooth Stone"}],"event_choices":[{"damage_healed":0,"gold_gain":0,"player_choice":"3 cards matched","damage_taken":0,"max_hp_gain":0,"max_hp_loss":0,"event_name":"Match and Keep!","floor":8,"gold_loss":0,"cards_obtained":["HollowMod:FallenFury","Swift Strike","HollowMod:theNailsmith"]},{"damage_healed":0,"gold_gain":0,"player_choice":"Ignored","damage_taken":0,"max_hp_gain":0,"max_hp_loss":0,"event_name":"Ghosts","floor":19,"gold_loss":0},{"damage_healed":0,"gold_gain":200,"player_choice":"Gold","damage_taken":0,"max_hp_gain":0,"max_hp_loss":0,"event_name":"Wheel of Change","floor":21,"gold_loss":0},{"damage_healed":0,"gold_gain":0,"player_choice":"Embrace Madness","damage_taken":9,"max_hp_gain":0,"max_hp_loss":0,"event_name":"Winding Halls","floor":36,"gold_loss":0,"cards_obtained":["Madness","Madness"]}],"is_beta":false,"boss_relics":[{"not_picked":["Fusion Hammer","Tiny House"],"picked":"Replay:Grab Bag"},{"not_picked":["Ectoplasm","hubris:TerracottaHorce"],"picked":"hubris:VirtuousBlindfold"},{"not_picked":["ReplayTheSpireMod:DimensionalGlitch","hubris:CrackedHourglass"],"picked":"Painkiller Herb"},{"not_picked":["hubris:Stopwatch","Ring of Chaos"],"picked":"Astrolabe"},{"not_picked":["hubris:GrandSneckoEye","Runic Pyramid"],"picked":"Cursed Key"}],"items_purged_floors":[30],"is_endless":false,"potions_floor_spawned":[7,11,13,18,20,24,33,37,44,47],"ascension_level":0}}