{"host":"70jy76jvzy076wi7","time":1613102438,"event":{"mods":["Act Like it!","BaseMod","Better Third Choice","BetterRewards","Energized Spire","Gensokyo","GungeonMod","Hallownest","Hermit","Infinite Spire","Library of Ruina","Library of Ruina Extra","Marisa£®ÏF”Í°°ƒß¿Ì…≥£©","Minty Spire (QoL Compilation)","Pale of the Ancients","Permanent Neow","Reliquary","Replay The Spire","Robot Space Explorer","Spicy Shops","StSLib","The Servant 0.9.4","Yakumo Yukari mod"],"gold_per_floor":[114,130,147,196,207,235,235,260,313,313,81,109,139,180,192,302,314,346,374,386,409,421,458,470,495,581,626,651,663,700,727,739,856,868,899,911,923,955,980,992,1029,1057,1096,1133,1164,1195,1235,1264,1276,1288,1300,1312,1324,387,414,414],"floor_reached":57,"language":"ZHS","playtime":40087,"items_purged":["Strike_MRS","Strike_MRS"],"score":1668,"play_id":"ba0f913c-7053-4edf-8a14-ddbbc8caf151","local_time":"20210212120038","is_ascension_mode":true,"campfire_choices":[{"data":"EnergyFlow","floor":7,"key":"SMITH"},{"data":"BinaryStars","floor":10,"key":"SMITH"},{"data":"AbsoluteMagnitude","floor":15,"key":"SMITH"},{"data":"AbsoluteMagnitude","floor":24,"key":"SMITH"},{"data":"OrrerysSun","floor":29,"key":"SMITH"},{"floor":32,"key":"REST"},{"data":"UltimateShortwave","floor":40,"key":"SMITH"},{"floor":49,"key":"RECALL"},{"data":"OrrerysSun","floor":53,"key":"SMITH"}],"circlet_count":0,"master_deck":["Strike_MRS+1","Strike_MRS+1","Defend_MRS","Defend_MRS","Defend_MRS","Defend_MRS","MasterSpark","UpSweep","OrrerysSun+1","EnergyFlow+1","PropBag","EarthLightRay","BinaryStars+1","UnstableBomb","SporeBomb","AbsoluteMagnitude+1","GalacticHalo","AbsoluteMagnitude+1","ManaConvection","UnstableBomb+1","AlicesGift+1","OrrerysSun+1","UltimateShortwave+1","Gensokyo:LifeSpringInfinity+1","AsteroidBelt+1","MagicAbsorber","BlazeAway+1","Secret Weapon"],"relics":["MiniHakkero","Oddly Smooth Stone","PageOfFairyFestival","PageOfPinocchio","Mummified Hand","DemoMod:BlueGuonStone","Ginger","infinitespire:Lucky Rock","MawBank","Kunai","energizedSpire:RedRose","Gensokyo:ConquerorOfFear","Darkstone Periapt","PageOfScorchedGirl","Replay:Wax Seal","Bottled Lightning","Velvet Choker","reliquary:Knoch","reliquary:Stiletto","PageOfSpiderBud","infinitespire:BottledMercury","Incense Burner","Whetstone","PageOfSingingMachine"],"acts_visited":["Exordium","Gensokyo:Gensokyo","Gensokyo:Gensokyoer","TheEnding"],"potions_floor_usage":[50,56,56],"damage_taken":[{"damage":0,"enemies":"Gensokyo:Python","floor":1,"turns":3},{"damage":6,"enemies":"Gensokyo:2_Kodama","floor":2,"turns":4},{"damage":3,"enemies":"Gensokyo:3_Fairies","floor":3,"turns":4},{"damage":6,"enemies":"Gensokyo:Gryphon_and_Rabbit","floor":5,"turns":4},{"damage":10,"enemies":"Gensokyo:Cirno","floor":6,"turns":6},{"damage":0,"enemies":"Gensokyo:Aya","floor":8,"turns":3},{"damage":1,"enemies":"Gensokyo:Cirno","floor":12,"turns":6},{"damage":0,"enemies":"Gensokyo:2_Rabbits","floor":13,"turns":3},{"damage":0,"enemies":"Gensokyo:Mamizou","floor":14,"turns":4},{"damage":5,"enemies":"Gensokyo:Kokoro","floor":16,"turns":5},{"damage":6,"enemies":"Gensokyo:CosmicMonolith","floor":18,"turns":3},{"damage":18,"enemies":"Gensokyo:3_Dogs","floor":19,"turns":4},{"damage":16,"enemies":"Gensokyo:Swordslinger","floor":21,"turns":2},{"damage":11,"enemies":"Gensokyo:Reisen","floor":23,"turns":4},{"damage":5,"enemies":"Gensokyo:Slime_Group","floor":25,"turns":3},{"damage":26,"enemies":"Gensokyo:Tenshi","floor":27,"turns":3},{"damage":9,"enemies":"Gensokyo:Mirror_and_Dog","floor":28,"turns":3},{"damage":20,"enemies":"Gensokyo:Reisen","floor":30,"turns":5},{"damage":16,"enemies":"Gensokyo:Wraith","floor":31,"turns":3},{"damage":29,"enemies":"Gensokyo:Kaguya","floor":33,"turns":7},{"damage":21,"enemies":"Gensokyo:3_Bats","floor":35,"turns":3},{"damage":17,"enemies":"Gensokyo:3_Bats","floor":36,"turns":7},{"damage":0,"enemies":"Gensokyo:AncientGuardian","floor":38,"turns":2},{"damage":3,"enemies":"Gensokyo:SeedOfUnknown","floor":39,"turns":3},{"damage":17,"enemies":"Gensokyo:Marisa","floor":41,"turns":3},{"damage":1,"enemies":"Gensokyo:Dusk_and_Dawn","floor":42,"turns":4},{"damage":21,"enemies":"Gensokyo:Kasen","floor":44,"turns":4},{"damage":5,"enemies":"Gensokyo:4_Bats","floor":45,"turns":4},{"damage":13,"enemies":"Gensokyo:AtlasGolem","floor":46,"turns":5},{"damage":10,"enemies":"Gensokyo:Marisa","floor":47,"turns":4},{"damage":16,"enemies":"Gensokyo:Sharpion","floor":48,"turns":3},{"damage":1,"enemies":"Gensokyo:Scarlet_Devils","floor":50,"turns":5},{"damage":12,"enemies":"Shield and Spear","floor":55,"turns":4},{"damage":20,"enemies":"The Heart","floor":56,"turns":6}],"seed_played":"-4249072435557158128","potions_obtained":[{"floor":1,"key":"AttackPotion"},{"floor":5,"key":"ColorlessPotion"},{"floor":8,"key":"Energy Potion"},{"floor":13,"key":"PowerPotion"},{"floor":41,"key":"DemoMod:BlankPotion"}],"is_trial":false,"path_per_floor":["M","M","M","?","M","E","R","E","T","R","$","E","M","E","R","B",null,"M","M","?","M","?","E","R","M","T","E","M","R","E","M","R","B",null,"M","?","?","M","M","R","E","M","T","E","M","M","E","M","R","B",null,null,"R","$","E","B",null],"character_chosen":"MARISA","items_purchased":["OrrerysSun","Oddly Smooth Stone","PageOfPinocchio","AbsoluteMagnitude","infinitespire:BottledMercury","Incense Burner","Whetstone","DuplicationPotion","Secret Weapon"],"campfire_rested":1,"item_purchase_floors":[0,0,0,11,54,54,54,54,54],"current_hp_per_floor":[59,59,61,43,46,43,43,43,43,43,43,56,56,60,60,63,75,70,67,67,57,57,58,58,54,54,40,39,39,30,15,37,35,75,68,68,68,72,72,72,58,61,61,56,51,45,38,28,28,35,35,75,75,75,75,75],"gold":414,"neow_bonus":"","is_daily":false,"chose_seed":false,"campfire_upgraded":7,"win_rate":0.0,"timestamp":1613102438,"path_taken":["M","?","M","?","M","E","R","E","T","R","?","E","M","E","R","BOSS","M","M","?","?","?","E","R","M","T","E","M","R","E","M","R","BOSS","M","?","?","M","M","R","E","M","T","E","M","M","E","M","R","BOSS","R","$","E","BOSS"],"items_purchased_type":["Card","Relic","Relic","Card","Relic","Relic","Relic","Potion","Card"],"build_version":"2020-12-22","purchased_purges":2,"victory":true,"max_hp_per_floor":[75,75,75,75,75,75,75,75,75,75,75,75,75,75,75,75,75,75,75,75,75,75,75,75,75,75,75,75,75,75,75,75,75,75,75,75,75,75,75,75,75,75,75,75,75,75,75,75,75,75,75,75,75,75,75,75],"card_choices":[{"not_picked":["EnergyRecoil","Orbital"],"picked":"EnergyFlow","floor":1},{"not_picked":["6A","Acceleration"],"picked":"PropBag","floor":2},{"not_picked":["DC","ShootingEcho"],"picked":"EarthLightRay","floor":3},{"not_picked":["SporeBomb","OortCloud"],"picked":"BinaryStars","floor":4},{"not_picked":["LuminesStrike","MysteriousBeam"],"picked":"UnstableBomb","floor":5},{"not_picked":["PropBag","OortCloud"],"picked":"SporeBomb","floor":6},{"not_picked":["UnstableBomb","ShootingEcho","EscapeVelocity"],"picked":"SKIP","floor":8},{"not_picked":["CasketOfStar","DarkMatter","StarBarrage"],"picked":"SKIP","floor":12},{"not_picked":["RefractionSpark","ShootingEcho","OpenUniverse"],"picked":"SKIP","floor":13},{"not_picked":["PowerUp","MilkyWay"],"picked":"GalacticHalo","floor":14},{"not_picked":["MaximisePower","ManaRampage"],"picked":"AbsoluteMagnitude","floor":16},{"not_picked":["DoubleSpark","MysteriousBeam+1","IllusionStar+1"],"picked":"SKIP","floor":18},{"not_picked":["AsteroidBelt+1","Orbital"],"picked":"ManaConvection","floor":19},{"not_picked":["Singularity","EarthLightRay"],"picked":"UnstableBomb+1","floor":21},{"not_picked":["JA","EnergyFlow+1"],"picked":"AlicesGift+1","floor":23},{"not_picked":["UnstableBomb","PowerUp+1","EnergyFlow"],"picked":"SKIP","floor":25},{"not_picked":["MachineGunSpark","OpenUniverse","MeteoricShower+1"],"picked":"SKIP","floor":27},{"not_picked":["DragonMeteor","DoubleSpark","SuperPerseids"],"picked":"SKIP","floor":28},{"not_picked":["SporeBomb+1","WitchOfGreed"],"picked":"OrrerysSun","floor":30},{"not_picked":["PowerUp","ChargingUp"],"picked":"UltimateShortwave","floor":31},{"not_picked":["SporeBomb","PowerUp","GrandCross+1"],"picked":"SKIP","floor":35},{"not_picked":["Gensokyo:DreamlikeParadise+1","Gensokyo:RisingWorld+1"],"picked":"Gensokyo:LifeSpringInfinity+1","floor":36},{"not_picked":["MilkyWay+1","MysteriousBeam"],"picked":"AsteroidBelt+1","floor":38},{"not_picked":["GasGiant+1","DoubleSpark","EscapeVelocity"],"picked":"SKIP","floor":39},{"not_picked":["GasGiant+1","DoubleSpark","EscapeVelocity"],"picked":"SKIP","floor":39},{"not_picked":["IllusionStar+1","StarlightTyphoon"],"picked":"MagicAbsorber","floor":41},{"not_picked":["DragonMeteor","MilkyWay","StarlightTyphoon"],"picked":"SKIP","floor":42},{"not_picked":["ChargingUp","ManaConvection+1"],"picked":"BlazeAway+1","floor":44},{"not_picked":["SuperPerseids","BlazeAway+1","ShootingEcho"],"picked":"SKIP","floor":45},{"not_picked":["LuminesStrike","PropBag+1","GrandCross+1"],"picked":"SKIP","floor":46},{"not_picked":["SporeBomb","AsteroidBelt","DarkMatter+1"],"picked":"SKIP","floor":47},{"not_picked":["SporeBomb+1","WitchLeyline+1","LuminesStrike+1"],"picked":"SKIP","floor":48},{"not_picked":["MachineGunSpark","MilkyWay","GravityBeat+1"],"picked":"SKIP","floor":55}],"player_experience":1963527,"relics_obtained":[{"floor":4,"key":"Mummified Hand"},{"floor":6,"key":"DemoMod:BlueGuonStone"},{"floor":8,"key":"Ginger"},{"floor":9,"key":"infinitespire:Lucky Rock"},{"floor":12,"key":"MawBank"},{"floor":14,"key":"Kunai"},{"floor":21,"key":"Gensokyo:ConquerorOfFear"},{"floor":23,"key":"Darkstone Periapt"},{"floor":26,"key":"PageOfScorchedGirl"},{"floor":27,"key":"Replay:Wax Seal"},{"floor":30,"key":"Bottled Lightning"},{"floor":41,"key":"reliquary:Knoch"},{"floor":44,"key":"reliquary:Stiletto"},{"floor":47,"key":"PageOfSpiderBud"},{"floor":55,"key":"PageOfSingingMachine"}],"event_choices":[],"is_beta":false,"boss_relics":[{"not_picked":["Empty Cage","Replay:Drink Me"],"picked":"energizedSpire:RedRose"},{"not_picked":["Abe\u0027s Treasure","RampagingMagicTools"],"picked":"Velvet Choker"}],"items_purged_floors":[11,54],"is_endless":false,"potions_floor_spawned":[1,5,8,12,13,16,19,23,28,30,31,35,41,44,45,46,47,48,55],"ascension_level":1}}