{"host":"tp1hyvdwlciy3xbu","time":1613109434,"event":{"mods":["BaseMod","Marisa£®ÏF”Í°°ƒß¿Ì…≥£©","Minty Spire (QoL Compilation)","SIMod","StSLib","The Servant 0.9.4"],"gold_per_floor":[110,60,235,235,254,254,280,291,314,332,24,40,75,39,39,138,138,155,18,33,33,52,52,85,85,159,186,186,186,89,104,104,209,209,222,240,115,115,128,156,156,156,156,174,184,184,204,214,214,214,214],"floor_reached":50,"language":"ZHS","playtime":1646,"items_purged":["Doubt","Bane+1","Doppelganger"],"score":651,"play_id":"d1d03f91-576b-44cc-8c07-6cd3e0fdbf31","local_time":"20210212135714","is_ascension_mode":true,"campfire_choices":[{"data":"Bane","floor":6.0,"key":"SMITH"},{"data":"Cloak And Dagger","floor":15.0,"key":"SMITH"},{"floor":23.0,"key":"REST"},{"data":"Terror","floor":25.0,"key":"SMITH"},{"data":"Accuracy","floor":29.0,"key":"SMITH"},{"floor":32.0,"key":"REST"},{"floor":41,"key":"REST"},{"data":"Finisher","floor":46,"key":"SMITH"},{"floor":49,"key":"REST"}],"circlet_count":0,"master_deck":["Survivor","Neutralize","Endless Agony","Blade Dance","Dodge and Roll","Cloak And Dagger+1","Accuracy","Prepared","Concentrate","Accuracy+1","Phantasmal Killer","Caltrops","Infinite Blades","Flechettes","Caltrops","Underhanded Strike","Underhanded Strike","Calculated Gamble","Cloak And Dagger+1","Terror+1","Blur","Cloak And Dagger","Infinite Blades","Blade Dance","Bullet Time","Accuracy","Backflip+1","Backstab+1","Distraction+1","Deflect","Deflect+1","Finisher+1","Cloak And Dagger","Backstab+1"],"relics":["Ring of the Snake","NeowsBlessing","Pyrelight","Art of War","War Paint","HandDrill","Akabeko","Pandora\u0027s Box","Mummified Hand","White Beast Statue","Pear","Boot","HoveringKite","Dream Catcher","Anchor"],"acts_visited":["Exordium","TheCity","TheBeyond"],"potions_floor_usage":[40,40],"damage_taken":[{"damage":0.0,"enemies":"Small Slimes","floor":1.0,"turns":1.0},{"damage":0.0,"enemies":"Jaw Worm","floor":5.0,"turns":1.0},{"damage":0.0,"enemies":"Lagavulin","floor":7.0,"turns":1.0},{"damage":7.0,"enemies":"2 Louse","floor":8.0,"turns":3.0},{"damage":4.0,"enemies":"Gremlin Gang","floor":10.0,"turns":4.0},{"damage":1.0,"enemies":"3 Louse","floor":12.0,"turns":4.0},{"damage":9.0,"enemies":"3 Sentries","floor":13.0,"turns":7.0},{"damage":42.0,"enemies":"The Guardian","floor":16.0,"turns":11.0},{"damage":5.0,"enemies":"3 Byrds","floor":18.0,"turns":3.0},{"damage":6.0,"enemies":"Chosen","floor":20.0,"turns":3.0},{"damage":37.0,"enemies":"Shelled Parasite and Fungi","floor":22.0,"turns":5.0},{"damage":43.0,"enemies":"Slavers","floor":24.0,"turns":4.0},{"damage":0.0,"enemies":"Gremlin Leader","floor":27.0,"turns":3.0},{"damage":0.0,"enemies":"Snecko","floor":31.0,"turns":3.0},{"damage":33.0,"enemies":"Champ","floor":33.0,"turns":4.0},{"damage":13.0,"enemies":"Orb Walker","floor":35.0,"turns":3.0},{"damage":18.0,"enemies":"3 Darklings","floor":36.0,"turns":4.0},{"damage":23.0,"enemies":"Maw","floor":39.0,"turns":5.0},{"damage":22,"enemies":"Reptomancer","floor":40,"turns":5},{"damage":1,"enemies":"Writhing Mass","floor":44,"turns":2},{"damage":6,"enemies":"Transient","floor":45,"turns":5},{"damage":18,"enemies":"Sphere and 2 Shapes","floor":47,"turns":3},{"damage":10,"enemies":"3 Darklings","floor":48,"turns":3},{"damage":92,"enemies":"Awakened One","floor":50,"turns":7}],"seed_played":"-6903419768649854157","potions_obtained":[{"floor":1.0,"key":"AttackPotion"},{"floor":5.0,"key":"Strength Potion"},{"floor":8.0,"key":"Swift Potion"},{"floor":10.0,"key":"FairyPotion"},{"floor":18.0,"key":"FearPotion"},{"floor":22.0,"key":"GhostInAJar"},{"floor":24.0,"key":"FairyPotion"},{"floor":27.0,"key":"BlessingOfTheForge"},{"floor":40,"key":"Explosive Potion"},{"floor":44,"key":"CunningPotion"},{"floor":45,"key":"FairyPotion"},{"floor":48,"key":"EssenceOfSteel"}],"is_trial":false,"path_per_floor":["M","?","?","?","M","R","E","M","T","M","$","M","E","$","R","B",null,"M","$","M","?","M","R","E","R","T","E","?","R","$","M","R","B",null,"M","M","$","?","M","E","R","?","T","M","M","R","M","M","R","B"],"character_chosen":"THE_SILENT","items_purchased":["Cloak And Dagger","Accuracy","HandDrill","Accuracy","Terror","Cloak And Dagger","Infinite Blades"],"campfire_rested":4,"item_purchase_floors":[11,11,11,14,19,30,30],"current_hp_per_floor":[70,70,70,70,70,70,70,63,63,59,59,58,49,49,49,7,70,65,65,59,46,9,31,18,18,18,28,28,28,28,28,53,20,85,72,54,54,54,31,9,34,34,34,33,27,27,9,25,50,0,0],"gold":214,"neow_bonus":"THREE_ENEMY_KILL","is_daily":false,"chose_seed":false,"campfire_upgraded":5,"win_rate":0.0,"timestamp":1613109434,"path_taken":["M","?","?","?","M","R","E","M","T","M","$","M","E","?","R","BOSS","BOSS","M","$","M","?","M","R","E","R","T","E","?","R","$","M","R","BOSS","M","?","$","?","M","E","R","?","T","?","M","R","M","M","R","BOSS"],"items_purchased_type":["Card","Card","Relic","Card","Card","Card","Card"],"build_version":"2020-12-22","purchased_purges":3,"victory":false,"max_hp_per_floor":[70,70,70,70,70,70,70,70,70,70,70,70,70,70,70,70,70,70,70,70,75,75,75,75,75,75,85,85,85,85,85,85,85,85,85,85,85,85,85,85,85,85,85,85,85,85,85,85,85,85,85],"card_choices":[{"not_picked":["Backstab","Caltrops"],"picked":"Bane","floor":1.0},{"not_picked":["Expertise","Sucker Punch","Caltrops"],"picked":"SKIP","floor":5.0},{"not_picked":["Dagger Throw","Backstab"],"picked":"Endless Agony","floor":7.0},{"not_picked":["Backflip","Masterful Stab"],"picked":"Blade Dance","floor":8.0},{"not_picked":["Slice","Noxious Fumes"],"picked":"Dodge and Roll","floor":10.0},{"not_picked":["Caltrops","Riddle With Holes"],"picked":"Prepared","floor":12.0},{"not_picked":["Bane","Underhanded Strike"],"picked":"Concentrate","floor":13.0},{"not_picked":["Adrenaline","Doppelganger"],"picked":"Phantasmal Killer","floor":16.0},{"not_picked":["Skewer","Choke"],"picked":"Cloak And Dagger+1","floor":18.0},{"not_picked":["Blur","Quick Slash","PiercingWail"],"picked":"SKIP","floor":20.0},{"not_picked":["Quick Slash","Sucker Punch","Dagger Throw"],"picked":"SKIP","floor":22.0},{"not_picked":["Deflect+1","Dagger Throw"],"picked":"Blur","floor":24.0},{"not_picked":["Outmaneuver","Skewer","Quick Slash"],"picked":"SKIP","floor":27.0},{"not_picked":["Backflip","Concentrate"],"picked":"Blade Dance","floor":31.0},{"not_picked":["Unload","Envenom"],"picked":"Bullet Time","floor":33.0},{"not_picked":["Bane","Flying Knee+1"],"picked":"Accuracy","floor":35.0},{"not_picked":["Poisoned Stab","Dagger Throw+1"],"picked":"Backflip+1","floor":36.0},{"not_picked":["Accuracy+1","Underhanded Strike"],"picked":"Backstab+1","floor":39.0},{"not_picked":["Catalyst+1","Infinite Blades"],"picked":"Distraction+1","floor":40},{"not_picked":["Masterful Stab","Concentrate+1"],"picked":"Deflect","floor":41},{"not_picked":["Terror","Deadly Poison+1"],"picked":"Deflect+1","floor":44},{"not_picked":["Skewer","Finisher","Sucker Punch"],"picked":"SKIP","floor":45},{"not_picked":["Skewer","Sucker Punch"],"picked":"Finisher","floor":45},{"not_picked":["Heel Hook+1","Backflip+1"],"picked":"Cloak And Dagger","floor":47},{"not_picked":["Dagger Spray","Dagger Throw"],"picked":"Backstab+1","floor":48}],"player_experience":324760,"relics_obtained":[{"floor":7.0,"key":"Art of War"},{"floor":9.0,"key":"War Paint"},{"floor":13.0,"key":"Akabeko"},{"floor":24.0,"key":"Mummified Hand"},{"floor":26.0,"key":"White Beast Statue"},{"floor":27.0,"key":"Pear"},{"floor":40,"key":"Dream Catcher"},{"floor":43,"key":"Anchor"}],"event_choices":[{"cards_removed":["Strike_G"],"damage_healed":0.0,"max_hp_gain":0.0,"max_hp_loss":0.0,"gold_gain":0.0,"event_name":"The Cleric","player_choice":"Card Removal","floor":2.0,"gold_loss":50.0,"damage_taken":0.0},{"damage_healed":0.0,"max_hp_gain":0.0,"max_hp_loss":0.0,"gold_gain":175.0,"event_name":"Liars Game","player_choice":"AGREE","floor":3.0,"gold_loss":0.0,"damage_taken":0.0,"cards_obtained":["Doubt"]},{"damage_healed":0.0,"max_hp_gain":5.0,"max_hp_loss":0.0,"gold_gain":0.0,"event_name":"Forgotten Altar","player_choice":"Shed Blood","floor":21.0,"gold_loss":0.0,"damage_taken":18.0},{"cards_removed":["Footwork"],"damage_healed":0.0,"max_hp_gain":0.0,"max_hp_loss":0.0,"gold_gain":0.0,"event_name":"WeMeetAgain","player_choice":"Gave Card","floor":28.0,"gold_loss":0.0,"damage_taken":0.0,"relics_obtained":["Boot"]},{"damage_healed":0,"gold_gain":0,"player_choice":"Ignored","damage_taken":0,"max_hp_gain":0,"max_hp_loss":0,"event_name":"SecretPortal","floor":42,"gold_loss":0}],"is_beta":false,"boss_relics":[{"not_picked":["Astrolabe","Sozu"],"picked":"Pandora\u0027s Box"},{"not_picked":["Velvet Choker","Fusion Hammer"],"picked":"HoveringKite"}],"items_purged_floors":[11,19,37],"is_endless":false,"potions_floor_spawned":[1,5,8,10,13,18,22,24,27,31,33,35,36,39,40,44,45,47,48],"killed_by":"Awakened One","ascension_level":1}}