{"host":"bf5upntvbdompq33","time":1613169069,"event":{"mods":["BaseMod","Bestiary","Colored Map","Colored Powertips","Curses Come First","Minty Spire (QoL Compilation)","StSLib","ojb\u0027s Info Mod"],"gold_per_floor":[138,155,155,168,184,235,235,273,324,324,370,5,5,5,5,134,134,154,11,25,25,38,38,53,68,68,68,268,291,339,339,339,339,339],"floor_reached":33,"language":"ENG","playtime":2023,"items_purged":["Parasite"],"score":476,"play_id":"90233c07-02e2-448a-8f23-5fe69cf6c8bc","local_time":"20210212153109","is_ascension_mode":true,"campfire_choices":[{"data":"Strike_B","floor":7,"key":"PURGE"},{"data":"Chaos","floor":15,"key":"SMITH"},{"data":"Dramatic Entrance","floor":23,"key":"SMITH"},{"floor":32,"key":"REST"}],"circlet_count":0,"master_deck":["AscendersBane","Strike_B","Strike_B","Strike_B","Defend_B","Defend_B","Defend_B","Defend_B","Zap","Dualcast","HandOfGreed","Leap","Steam","Zap","Ball Lightning","Turbo","Doom and Gloom","Static Discharge","Chaos+1","Auto Shields","Dramatic Entrance+1","All For One","Glacier","Rainbow","Redo+1","Capacitor","Loop+1","Barrage+1","Rebound+1"],"relics":["Cracked Core","Peace Pipe","Tiny Chest","Letter Opener","Lee\u0027s Waffle","Golden Idol","Philosopher\u0027s Stone","Pear","Symbiotic Virus","Smiling Mask"],"acts_visited":["Exordium","TheCity"],"potions_floor_usage":[6,11,16,24,25,33],"damage_taken":[{"damage":12,"enemies":"Jaw Worm","floor":1,"turns":4},{"damage":1,"enemies":"Cultist","floor":2,"turns":3},{"damage":0,"enemies":"2 Louse","floor":4,"turns":2},{"damage":4,"enemies":"Large Slime","floor":5,"turns":5},{"damage":23,"enemies":"Lagavulin","floor":6,"turns":5},{"damage":21,"enemies":"3 Louse","floor":8,"turns":3},{"damage":16,"enemies":"Gremlin Nob","floor":11,"turns":3},{"damage":0,"enemies":"Slime Boss","floor":16,"turns":6},{"damage":16,"enemies":"Shell Parasite","floor":18,"turns":5},{"damage":6,"enemies":"Chosen","floor":20,"turns":3},{"damage":17,"enemies":"Snecko","floor":22,"turns":5},{"damage":2,"enemies":"Snake Plant","floor":24,"turns":4},{"damage":28,"enemies":"Shelled Parasite and Fungi","floor":25,"turns":3},{"damage":9,"enemies":"Chosen and Byrds","floor":29,"turns":5},{"damage":66,"enemies":"Champ","floor":33,"turns":7}],"seed_played":"-3833199559154576315","potions_obtained":[{"floor":1,"key":"Block Potion"},{"floor":8,"key":"AttackPotion"},{"floor":11,"key":"DuplicationPotion"},{"floor":16,"key":"DistilledChaos"},{"floor":18,"key":"LiquidMemories"},{"floor":25,"key":"BlessingOfTheForge"},{"floor":31,"key":"PotionOfCapacity"}],"is_trial":false,"path_per_floor":["M","M","?","M","M","E","R","M","T","?","E","$","?","?","R","B",null,"M","$","M","T","M","R","M","M","T","?","?","M","T","?","R","B"],"character_chosen":"DEFECT","items_purchased":["Lee\u0027s Waffle","Dramatic Entrance","AttackPotion","Rainbow"],"campfire_rested":1,"item_purchase_floors":[12,12,12,19],"current_hp_per_floor":[56,55,55,55,51,28,28,7,7,24,8,72,67,67,67,67,67,51,51,45,55,38,38,36,8,8,33,33,24,24,24,47,0,0],"gold":339,"neow_bonus":"RANDOM_COLORLESS_2","is_daily":false,"chose_seed":false,"campfire_upgraded":2,"win_rate":0.0,"timestamp":1613169069,"path_taken":["M","M","?","?","M","E","R","?","T","?","E","$","?","?","R","BOSS","M","$","M","?","M","R","M","M","T","?","?","?","?","?","R","BOSS"],"items_purchased_type":["Relic","Card","Potion","Card"],"build_version":"2020-12-22","purchased_purges":1,"victory":false,"max_hp_per_floor":[68,68,68,68,68,68,68,68,68,68,68,72,67,67,67,67,67,67,67,67,77,77,77,77,77,77,77,77,77,77,77,77,77,77],"card_choices":[{"not_picked":["Thinking Ahead","Secret Technique"],"picked":"HandOfGreed","floor":0},{"not_picked":["Cold Snap","FTL"],"picked":"Leap","floor":1},{"not_picked":["Barrage","Turbo"],"picked":"Steam","floor":2},{"not_picked":["Stack","Amplify"],"picked":"Turbo","floor":4},{"not_picked":["Barrage","Hologram"],"picked":"Doom and Gloom","floor":5},{"not_picked":["Ball Lightning","Rebound"],"picked":"Static Discharge","floor":6},{"not_picked":["Heatsinks","Streamline"],"picked":"Chaos","floor":8},{"not_picked":["Lockon","Sweeping Beam"],"picked":"Auto Shields","floor":11},{"not_picked":["Core Surge","Thunder Strike"],"picked":"All For One","floor":16},{"not_picked":["Streamline","Chill"],"picked":"Glacier","floor":18},{"not_picked":["BootSequence","Heatsinks"],"picked":"Redo+1","floor":20},{"not_picked":["Steam","Barrage"],"picked":"Capacitor","floor":22},{"not_picked":["Redo","Leap"],"picked":"Loop+1","floor":24},{"not_picked":["Beam Cell","Steam+1"],"picked":"Barrage+1","floor":25},{"not_picked":["Steam","Streamline"],"picked":"Rebound+1","floor":29}],"player_experience":1548340,"relics_obtained":[{"floor":6,"key":"Peace Pipe"},{"floor":9,"key":"Tiny Chest"},{"floor":11,"key":"Letter Opener"},{"floor":21,"key":"Pear"},{"floor":26,"key":"Symbiotic Virus"},{"floor":30,"key":"Smiling Mask"}],"event_choices":[{"damage_healed":0,"gold_gain":0,"player_choice":"2 cards matched","damage_taken":0,"max_hp_gain":0,"max_hp_loss":0,"event_name":"Match and Keep!","floor":3,"gold_loss":0,"cards_obtained":["Zap","Ball Lightning"]},{"damage_healed":17,"gold_gain":0,"player_choice":"Healed and dodged fight","damage_taken":0,"max_hp_gain":0,"max_hp_loss":0,"event_name":"Mushrooms","floor":10,"gold_loss":0,"cards_obtained":["Parasite"]},{"damage_healed":0,"gold_gain":0,"player_choice":"Lose Max HP","damage_taken":0,"relics_obtained":["Golden Idol"],"max_hp_gain":0,"max_hp_loss":5,"event_name":"Golden Idol","floor":13,"gold_loss":0},{"damage_healed":0,"gold_gain":0,"player_choice":"Leave","damage_taken":0,"max_hp_gain":0,"max_hp_loss":0,"event_name":"FaceTrader","floor":14,"gold_loss":0},{"damage_healed":25,"gold_gain":0,"player_choice":"Heal","damage_taken":0,"max_hp_gain":0,"max_hp_loss":0,"event_name":"The Library","floor":27,"gold_loss":0},{"damage_healed":0,"gold_gain":200,"player_choice":"Gold","damage_taken":0,"max_hp_gain":0,"max_hp_loss":0,"event_name":"Wheel of Change","floor":28,"gold_loss":0},{"damage_healed":0,"gold_gain":0,"player_choice":"Got Potions","damage_taken":0,"max_hp_gain":0,"max_hp_loss":0,"event_name":"Lab","floor":31,"gold_loss":0}],"is_beta":false,"boss_relics":[{"not_picked":["Ectoplasm","FrozenCore"],"picked":"Philosopher\u0027s Stone"}],"items_purged_floors":[12],"is_endless":false,"potions_floor_spawned":[1,8,11,16,18,25],"killed_by":"Champ","ascension_level":11}}