{"host":"u8f6oqzdc7r6igag","time":1613093107,"event":{"mods":["BaseMod","Minty Spire (QoL Compilation)","Relic Stats"],"gold_per_floor":[110,122,133,133,147,147,171,202,202,222,70,70,100,163,163,263,263,282,282,282,282,293,293,293],"floor_reached":23,"language":"ENG","playtime":955,"items_purged":["Strike_B"],"score":259,"play_id":"c19c2454-1736-493f-ac9c-ac66da1feaa1","local_time":"20210211192507","is_ascension_mode":true,"campfire_choices":[{"data":"Zap","floor":6.0,"key":"SMITH"},{"floor":12.0,"key":"REST"},{"data":"Gash","floor":15.0,"key":"SMITH"}],"circlet_count":0,"master_deck":["Strike_B","Strike_B","Defend_B","Defend_B","Defend_B","Defend_B","Zap+1","Dualcast","Beam Cell","Ball Lightning","Compile Driver","Sweeping Beam","Conserve Battery","FTL","Beam Cell","All For One","Gash+1","Glacier","Rainbow","FTL","Necronomicurse","Self Repair"],"relics":["Cracked Core","NeowsBlessing","Odd Mushroom","Bag of Marbles","Centennial Puzzle","InkBottle","Smiling Mask","Philosopher\u0027s Stone","Necronomicon","Calipers"],"acts_visited":["Exordium","TheCity"],"potions_floor_usage":[16,22,23],"damage_taken":[{"damage":0.0,"enemies":"Small Slimes","floor":1.0,"turns":1.0},{"damage":0.0,"enemies":"2 Louse","floor":2.0,"turns":1.0},{"damage":0.0,"enemies":"Jaw Worm","floor":3.0,"turns":1.0},{"damage":8.0,"enemies":"Exordium Wildlife","floor":5.0,"turns":4.0},{"damage":7.0,"enemies":"The Mushroom Lair","floor":7.0,"turns":3.0},{"damage":20.0,"enemies":"3 Sentries","floor":8.0,"turns":6.0},{"damage":1.0,"enemies":"Looter","floor":10.0,"turns":2.0},{"damage":18.0,"enemies":"Gremlin Nob","floor":13.0,"turns":3.0},{"damage":15.0,"enemies":"3 Sentries","floor":14.0,"turns":4.0},{"damage":5,"enemies":"The Guardian","floor":16,"turns":8},{"damage":0,"enemies":"Shell Parasite","floor":18,"turns":3},{"damage":0,"enemies":"Spheric Guardian","floor":22,"turns":3},{"damage":46,"enemies":"Book of Stabbing","floor":23,"turns":4}],"seed_played":"7699634963322314465","potions_obtained":[{"floor":8.0,"key":"Energy Potion"},{"floor":13.0,"key":"Regen Potion"},{"floor":14.0,"key":"SneckoOil"},{"floor":22,"key":"EssenceOfSteel"}],"is_trial":false,"path_per_floor":["M","M","M","?","M","R","?","E","T","M","$","R","E","?","R","B",null,"M","?","T","?","M","E"],"character_chosen":"DEFECT","items_purchased":["All For One"],"campfire_rested":1,"item_purchase_floors":[11],"current_hp_per_floor":[68,68,68,68,60,60,53,33,33,32,32,54,36,33,33,28,63,63,47,47,41,41,0,0],"gold":293,"neow_bonus":"THREE_ENEMY_KILL","is_daily":false,"chose_seed":false,"campfire_upgraded":2,"win_rate":0.0,"timestamp":1613093107,"path_taken":["M","M","M","?","M","R","?","E","T","M","$","R","E","?","R","BOSS","M","?","?","?","M","E"],"items_purchased_type":["Card"],"build_version":"2020-12-22","purchased_purges":1,"victory":false,"max_hp_per_floor":[75,75,75,75,75,75,75,75,75,75,75,75,75,75,75,75,75,75,75,75,75,75,75,75],"relic_stats":{"Centennial Puzzle":[15],"counters":[13,43],"Necronomicon":[2],"Smiling Mask":0,"obtain_stats":[{"Centennial Puzzle":9,"Calipers":20,"NeowsBlessing":0,"Philosopher\u0027s Stone":17,"Bag of Marbles":8,"Necronomicon":19,"Odd Mushroom":7,"Cracked Core":0,"Smiling Mask":14,"InkBottle":13},{"Centennial Puzzle":6,"Calipers":11,"NeowsBlessing":0,"Philosopher\u0027s Stone":10,"Bag of Marbles":6,"Necronomicon":11,"Odd Mushroom":5,"Cracked Core":0,"Smiling Mask":9,"InkBottle":8},{"Centennial Puzzle":16,"Calipers":36,"NeowsBlessing":0,"Philosopher\u0027s Stone":33,"Bag of Marbles":16,"Necronomicon":36,"Odd Mushroom":10,"Cracked Core":0,"Smiling Mask":25,"InkBottle":21}],"InkBottle":[11]},"card_choices":[{"not_picked":["Barrage","Redo"],"picked":"Beam Cell","floor":1.0},{"not_picked":["Hologram","Beam Cell"],"picked":"Ball Lightning","floor":2.0},{"not_picked":["Go for the Eyes","Cold Snap"],"picked":"Compile Driver","floor":3.0},{"not_picked":["Stack","Redo","Streamline"],"picked":"SKIP","floor":5.0},{"not_picked":["Compile Driver","Auto Shields"],"picked":"Conserve Battery","floor":7.0},{"not_picked":["Streamline","Hyperbeam"],"picked":"FTL","floor":8.0},{"not_picked":["Barrage","Redo"],"picked":"Beam Cell","floor":10.0},{"not_picked":["Rebound","Hologram"],"picked":"Gash","floor":13.0},{"not_picked":["Beam Cell","Stack"],"picked":"Glacier","floor":14.0},{"not_picked":["Machine Learning","Thunder Strike"],"picked":"Rainbow","floor":16},{"not_picked":["Compile Driver","Aggregate"],"picked":"FTL","floor":18},{"not_picked":["Chaos+1","FTL+1"],"picked":"Self Repair","floor":22}],"player_experience":149224,"relics_obtained":[{"floor":7.0,"key":"Odd Mushroom"},{"floor":8.0,"key":"Bag of Marbles"},{"floor":9.0,"key":"Centennial Puzzle"},{"floor":13.0,"key":"InkBottle"},{"floor":14.0,"key":"Smiling Mask"},{"floor":19,"key":"Necronomicon"},{"floor":20,"key":"Calipers"}],"event_choices":[{"damage_healed":0.0,"max_hp_gain":0.0,"max_hp_loss":0.0,"gold_gain":0.0,"cards_transformed":["Strike_B"],"event_name":"Living Wall","player_choice":"Change","floor":4.0,"gold_loss":0.0,"damage_taken":0.0,"cards_obtained":["Sweeping Beam"]},{"damage_healed":0.0,"max_hp_gain":0.0,"max_hp_loss":0.0,"gold_gain":0.0,"event_name":"Mushrooms","player_choice":"Fought Mushrooms","floor":7.0,"gold_loss":0.0,"damage_taken":0.0},{"damage_healed":0.0,"max_hp_gain":0.0,"max_hp_loss":0.0,"gold_gain":0.0,"event_name":"Dead Adventurer","player_choice":"Searched \u00272\u0027 times","floor":14.0,"gold_loss":0.0,"damage_taken":0.0},{"damage_healed":0,"gold_gain":0,"player_choice":"Obtained Book","damage_taken":16,"max_hp_gain":0,"max_hp_loss":0,"event_name":"Cursed Tome","floor":19,"gold_loss":0},{"damage_healed":0,"gold_gain":0,"player_choice":"","damage_taken":6,"max_hp_gain":0,"max_hp_loss":0,"event_name":"Knowing Skull","floor":21,"potions_obtained":[],"gold_loss":0,"cards_obtained":[]}],"is_beta":false,"boss_relics":[{"not_picked":["Velvet Choker","SacredBark"],"picked":"Philosopher\u0027s Stone"}],"items_purged_floors":[11],"is_endless":false,"potions_floor_spawned":[8,13,14,22],"killed_by":"Book of Stabbing","ascension_level":6}}