{"host":"bf5upntvbdompq33","time":1613090180,"event":{"mods":["BaseMod","Colored Map","Colored Powertips","Curses Come First","Minty Spire (QoL Compilation)","StSLib","The Dragon Tamer","The Hierophant","The Marked","The Mystic","The Servant 0.9.4"],"gold_per_floor":[116,127,138,151,151,151,34,34,57,70,70,127,6,37,37,135,135,147,75,75,93,93,93],"floor_reached":22,"language":"ENG","playtime":4443,"items_purged":[],"score":267,"play_id":"f8a651fc-cb1c-4b13-8999-06057cb5507c","local_time":"20210211173620","is_ascension_mode":true,"campfire_choices":[{"data":"Quick Slash","floor":6,"key":"SMITH"},{"data":"Bane","floor":8,"key":"SMITH"},{"data":"Neutralize","floor":11,"key":"SMITH"},{"floor":15,"key":"REST"}],"circlet_count":0,"master_deck":["Strike_G","Strike_G","Strike_G","Strike_G","Defend_G","Defend_G","Defend_G","Defend_G","Defend_G","Survivor","Neutralize+1","Deadly Poison","Leg Sweep","Slice","Quick Slash+1","Bane+1","Well Laid Plans","Deadly Poison","Crippling Poison","Bane","Escape Plan","Adrenaline","Dagger Spray","Catalyst","Bouncing Flask"],"relics":["Ring of the Snake","NeowsBlessing","Nunchaku","PreservedInsect","Fusion Hammer"],"acts_visited":["Exordium","TheCity"],"potions_floor_usage":[],"damage_taken":[{"damage":0,"enemies":"Jaw Worm","floor":1,"turns":1},{"damage":0,"enemies":"Cultist","floor":2,"turns":1},{"damage":0,"enemies":"Small Slimes","floor":3,"turns":1},{"damage":5,"enemies":"Exordium Wildlife","floor":4,"turns":4},{"damage":8,"enemies":"Red Slaver","floor":10,"turns":5},{"damage":15,"enemies":"Lagavulin","floor":14,"turns":6},{"damage":37,"enemies":"Hexaghost","floor":16,"turns":10},{"damage":14,"enemies":"Shell Parasite","floor":18,"turns":3},{"damage":18,"enemies":"Spheric Guardian","floor":21,"turns":5},{"damage":41,"enemies":"Shelled Parasite and Fungi","floor":22,"turns":2}],"seed_played":"3804791779966825806","potions_obtained":[{"floor":3,"key":"Dexterity Potion"},{"floor":4,"key":"PowerPotion"},{"floor":10,"key":"SpeedPotion"}],"is_trial":false,"path_per_floor":["M","M","M","M","?","R","$","R","T","M","R","?","$","E","R","B",null,"M","$","?","M","M"],"character_chosen":"THE_SILENT","items_purchased":["Bane","Well Laid Plans","Crippling Poison","Bane","Catalyst"],"campfire_rested":1,"item_purchase_floors":[7,7,13,13,19],"current_hp_per_floor":[63,63,63,58,58,58,58,58,58,50,50,50,50,35,56,19,57,43,43,43,25,0,0],"gold":93,"neow_bonus":"THREE_ENEMY_KILL","is_daily":false,"chose_seed":false,"campfire_upgraded":3,"win_rate":0.0,"timestamp":1613090180,"path_taken":["M","M","M","M","?","R","?","R","T","M","R","?","$","E","R","BOSS","M","$","?","M","M"],"items_purchased_type":["Card","Card","Card","Card","Card"],"build_version":"2020-12-22","purchased_purges":0,"victory":false,"max_hp_per_floor":[70,70,70,70,70,70,70,70,70,70,70,70,70,70,70,70,70,70,70,70,70,70,70],"card_choices":[{"not_picked":["Predator","Flying Knee"],"picked":"Deadly Poison","floor":1},{"not_picked":["Eviscerate","Bane"],"picked":"Leg Sweep","floor":2},{"not_picked":["Dodge and Roll","Outmaneuver"],"picked":"Slice","floor":3},{"not_picked":["Escape Plan","Tactician"],"picked":"Quick Slash","floor":4},{"not_picked":["PiercingWail","Underhanded Strike"],"picked":"Deadly Poison","floor":10},{"not_picked":["Cloak And Dagger","Bane"],"picked":"Escape Plan","floor":14},{"not_picked":["A Thousand Cuts","Venomology"],"picked":"Adrenaline","floor":16},{"not_picked":["Flying Knee","Blur"],"picked":"Dagger Spray","floor":18},{"not_picked":["Riddle With Holes+1","Concentrate"],"picked":"Bouncing Flask","floor":21}],"player_experience":1543118,"relics_obtained":[{"floor":9,"key":"Nunchaku"},{"floor":14,"key":"PreservedInsect"}],"event_choices":[{"damage_healed":0,"gold_gain":0,"player_choice":"0 cards matched","damage_taken":0,"max_hp_gain":0,"max_hp_loss":0,"event_name":"Match and Keep!","floor":5,"gold_loss":0,"cards_obtained":[]},{"damage_healed":0,"gold_gain":57,"player_choice":"Gained Gold","damage_taken":0,"max_hp_gain":0,"max_hp_loss":0,"event_name":"Golden Wing","floor":12,"gold_loss":0},{"cards_removed":["Strike_G"],"damage_healed":0,"gold_gain":0,"player_choice":"Offered Basic","damage_taken":0,"max_hp_gain":0,"max_hp_loss":0,"event_name":"Bonfire Elementals","floor":20,"gold_loss":0}],"is_beta":false,"boss_relics":[{"not_picked":["Velvet Choker","SlaversCollar"],"picked":"Fusion Hammer"}],"items_purged_floors":[],"is_endless":false,"potions_floor_spawned":[3,4,10,14,21],"killed_by":"Shelled Parasite and Fungi","ascension_level":9}}