{"host":"6s56i2m8qxa2yngo","time":1613169564,"event":{"mods":["100% Spire Juice","2.2 Compatiblity","Act Like it!","AlwaysNeverKeys","Aspiration","BaseMod","Better Altar","Better Match","Better Note","Better Sensory Stone","Better Skull","Better Third Choice","Better Vampires","CapriCore","Card Forge","Challenge The Spire","Conspire","DeckTracker","Energized Spire","Faster Ascension Climbing","Friendly Minions","Gold Saver","Halation","Hubris","Minty Spire (QoL Compilation)","Permanent Neow","Prisma Mod","Quarter Circle Forward PUNCH!","Railgun Mod","Relic Filter","Remilia??????","Remove Card Discount Mod","Replay The Spire","Shop Mod","Small Relic Pack","StSLib","SuperFastMode","The Alterego","The Animator","The Death Knight","The Immortal","The Marked","Uncapped","Wandering Minibosses"],"gold_per_floor":[118,118,132,132,132,160,160,192,192,93,105,105,136,152,233,306,306,317,330,388,407,407,438,438,400,400,433,433,445,471,487,487,515,515,530,556,621,883,894,872,570,605,656,671,701,716,740,684,684,702,722,722,722,783,836,850],"floor_reached":57,"language":"ENG","playtime":3577,"items_purged":[],"score":3286,"play_id":"afd11bae-d4f6-407a-972d-85ba53419ca0","local_time":"20210212163924","is_ascension_mode":true,"campfire_choices":[{"floor":7,"key":"REST"},{"floor":32,"key":"DIG"}],"circlet_count":0,"master_deck":["AscendersBane","theMarked:Defend","theMarked:Defend","theMarked:SoldierOfQuellstein+1","theMarked:EmpowerWeapon+1","theMarked:Opportunist+1","theMarked:Defend","theMarked:EmpowerWeapon+1","theMarked:SoldierOfQuellstein+1","theMarked:Improvise+1","theMarked:Defend","theMarked:Friction+1","theMarked:BindingBlade+1","theMarked:Indomitable+1"],"relics":["theMarked:ArtifactOfAir","Hammer of Thor","Seething Fire","Anvil of the Gods","qcfpunch:Red_Headband","Simple Rune","Potion Belt","MerchantsRug","halation:PurpleSoulGem","Tiny Chest","Replay:Ancient Bell","halation:Toothbrush","aspiration:SeaSaltIceCream","Coffee Dripper","hubris:GlazedTorus","Ornamental Fan","hubris:Icosahedron","CaptainsWheel","Sundial","Eternal Feather","qcfpunch:Chain_With_Nametags","Anchor","halation:SmartPhone","wanderingMiniBosses:Inkheart","Replay:Baseball","Darkstone Periapt","Bag of Preparation","aspiration:ArtOfWarUpgrade","Membership Card","conspire:BottledYoYo","hubris:CuriousFeather","Oddly Smooth Stone","conspire:TopHat","Replay:Bandana","Bird Faced Urn","Quantum Egg","ReplayTheSpireMod:CursedCoin","Shuriken"],"acts_visited":["Exordium","TheCity","TheBeyond","TheEnding"],"potions_floor_usage":[21,45,56],"damage_taken":[{"damage":0,"enemies":"Cultist","floor":1,"turns":3},{"damage":0,"enemies":"Jaw Worm","floor":3,"turns":2},{"damage":12,"enemies":"3 Sentries","floor":6,"turns":6},{"damage":0,"enemies":"Lagavulin","floor":8,"turns":5},{"damage":0,"enemies":"2 Louse","floor":11,"turns":2},{"damage":0,"enemies":"Replay:BlueRogue","floor":13,"turns":4},{"damage":0,"enemies":"Exordium Wildlife","floor":14,"turns":2},{"damage":5,"enemies":"Slime Boss","floor":16,"turns":9},{"damage":0,"enemies":"2 Thieves","floor":18,"turns":3},{"damage":0,"enemies":"Spheric Guardian","floor":19,"turns":3},{"damage":74,"enemies":"Chosen and Byrds","floor":21,"turns":9},{"damage":0,"enemies":"conspire:Head Lice","floor":23,"turns":7},{"damage":0,"enemies":"Snake Plant","floor":25,"turns":3},{"damage":4,"enemies":"Slavers","floor":27,"turns":5},{"damage":0,"enemies":"3 Cultists","floor":29,"turns":4},{"damage":0,"enemies":"Gremlin Leader","floor":30,"turns":4},{"damage":10,"enemies":"Snecko","floor":31,"turns":3},{"damage":0,"enemies":"Champ","floor":33,"turns":7},{"damage":0,"enemies":"3 Darklings","floor":35,"turns":5},{"damage":0,"enemies":"Orb Walker","floor":39,"turns":3},{"damage":0,"enemies":"Nemesis","floor":40,"turns":3},{"damage":0,"enemies":"Reptomancer","floor":42,"turns":3},{"damage":0,"enemies":"Sphere and 2 Shapes","floor":44,"turns":3},{"damage":0,"enemies":"R_Hoarder","floor":45,"turns":5},{"damage":0,"enemies":"Jaw Worm Horde","floor":46,"turns":3},{"damage":0,"enemies":"Awakened One","floor":50,"turns":4},{"damage":0,"enemies":"Replay:Hell Engine","floor":51,"turns":4},{"damage":0,"enemies":"Shield and Spear","floor":55,"turns":4},{"damage":0,"enemies":"The Heart","floor":56,"turns":7}],"seed_played":"2367326413453190408","potions_obtained":[{"floor":3,"key":"theMarked:SummonPotion"},{"floor":8,"key":"Block Potion"},{"floor":13,"key":"SpeedPotion"},{"floor":16,"key":"Block Potion"},{"floor":18,"key":"Adrenaline Potion"},{"floor":21,"key":"Fire Potion"},{"floor":23,"key":"Strength Potion"},{"floor":30,"key":"SpeedPotion"},{"floor":31,"key":"theMarked:ChargePotion"},{"floor":39,"key":"Energy Potion"},{"floor":45,"key":"Ancient Potion"}],"is_trial":false,"path_per_floor":["M","$","M","?","$","E","R","E","T","$","M","?","E","M","R","B",null,"M","M","$","M","?","E","?","M","T","E","?","M","E","M","R","B",null,"M","T","$","?","M","E","$","E","T","M","E","M","T","$","R","B","B",null,"R","$","E","B",null],"character_chosen":"THE_DEFAULT","items_purchased":["MerchantsRug","Membership Card","conspire:BottledYoYo","Bird Faced Urn","Quantum Egg","ReplayTheSpireMod:CursedCoin"],"campfire_rested":1,"item_purchase_floors":[10,41,41,48,54,54],"current_hp_per_floor":[59,59,59,59,59,47,66,66,66,66,66,66,66,66,66,61,146,146,146,146,72,64,64,64,64,64,60,63,150,150,140,146,146,149,138,138,138,65,65,65,65,65,65,65,65,58,58,58,64,195,195,195,195,184,186,188],"gold":850,"neow_bonus":"RANDOM_COMMON_RELIC","is_daily":false,"chose_seed":false,"campfire_upgraded":0,"win_rate":0.0,"timestamp":1613169564,"path_taken":["M","?","M","?","?","E","R","E","T","$","?","?","E","M","R","BOSS","M","M","$","M","?","E","?","M","T","E","?","M","E","M","R","BOSS","M","?","$","?","?","E","?","E","T","M","E","M","?","$","R","BOSS","BOSS","R","$","E","BOSS"],"items_purchased_type":["Relic","Relic","Relic","Relic","Relic","Relic"],"build_version":"2020-12-22","purchased_purges":0,"victory":true,"max_hp_per_floor":[66,66,66,66,66,66,66,66,66,66,66,66,66,66,66,66,147,147,147,147,147,147,147,147,147,147,147,150,150,150,150,150,150,150,150,150,150,195,195,195,195,195,195,195,195,195,195,195,195,195,195,195,195,204,204,204],"card_choices":[{"not_picked":["theMarked:WastefulAttack","theMarked:HeightenedSenses"],"picked":"theMarked:EmpowerWeapon","floor":1},{"not_picked":["theMarked:ContemptForTheProud","theMarked:Frustration"],"picked":"theMarked:Opportunist","floor":3},{"not_picked":["theMarked:Seal","theMarked:ShockingTouch","theMarked:Parry"],"picked":"SKIP","floor":6},{"not_picked":["theMarked:BanishingStrike","theMarked:GodGivenPower","theMarked:ComboAttacks"],"picked":"SKIP","floor":8},{"not_picked":["theMarked:WardOff","theMarked:Opportunist","theMarked:ResourceFulStrike"],"picked":"SKIP","floor":11},{"not_picked":["theMarked:ElectricStrings","theMarked:WardOff","theMarked:Parkour"],"picked":"SKIP","floor":13},{"not_picked":["theMarked:Snap","theMarked:Standoff"],"picked":"theMarked:Improvise","floor":14},{"not_picked":["theMarked:Snap","theMarked:Defy"],"picked":"theMarked:Challenge","floor":16},{"not_picked":["CurseOfTheBell","ReplayTheSpireMod:IOU"],"picked":"hubris:Sloth","floor":17},{"not_picked":["animator:Curse_Greed","hubris:Lust"],"picked":"hubris:Compulsion","floor":17},{"not_picked":["Overencumbered","ReplayTheSpireMod:Faulty Equipment"],"picked":"Regret","floor":17},{"not_picked":["theMarked:WardOff","theMarked:SwordAndMagic","theMarked:ComboAttacks+1"],"picked":"SKIP","floor":18},{"not_picked":["theMarked:BanishingStrike","theMarked:Panic+1","theMarked:ElectricStrings"],"picked":"SKIP","floor":19},{"not_picked":["theMarked:ContemptForTheProud+1","theMarked:Pokerface+1","theMarked:HeightenedSenses"],"picked":"SKIP","floor":21},{"not_picked":["theMarked:TakeCover","theMarked:RepellingDischarge"],"picked":"theMarked:Friction","floor":23},{"not_picked":["theMarked:Aftermath","theMarked:ChainLightning","theMarked:EnhanceMovement"],"picked":"SKIP","floor":25},{"not_picked":["theMarked:Opportunist","theMarked:Aftermath","theMarked:Memento+1"],"picked":"SKIP","floor":27},{"not_picked":["theMarked:Opportunist","theMarked:DispelDoubt","theMarked:Aftermath"],"picked":"SKIP","floor":29},{"not_picked":["theMarked:RepellingDischarge+1","theMarked:Memento","theMarked:Improvise"],"picked":"SKIP","floor":30},{"not_picked":["theMarked:Convert","theMarked:TakeCover","theMarked:Frustration"],"picked":"SKIP","floor":31},{"not_picked":["theMarked:Defy","theMarked:Challenge"],"picked":"theMarked:BindingBlade","floor":33},{"not_picked":["theMarked:WardOff","theMarked:Aftermath+1","theMarked:Panic+1"],"picked":"SKIP","floor":35},{"not_picked":["theMarked:Parry","theMarked:Overthink","theMarked:HeightenedSenses"],"picked":"SKIP","floor":39},{"not_picked":["theMarked:ShockingTouch+1","theMarked:TurnInvisible","theMarked:Parkour"],"picked":"SKIP","floor":40},{"not_picked":["theMarked:RepellingDischarge","theMarked:EmpowerWeapon","theMarked:WardOff"],"picked":"SKIP","floor":42},{"not_picked":["theMarked:TakeCover","theMarked:Friction","theMarked:RepellingDischarge+1"],"picked":"SKIP","floor":44},{"not_picked":["theMarked:Generate","theMarked:ShockingTouch","theMarked:ComboAttacks+1"],"picked":"SKIP","floor":45},{"not_picked":["theMarked:HeightenedSenses","theMarked:TwofoldDefense"],"picked":"theMarked:Indomitable+1","floor":46},{"not_picked":["theMarked:Vacuum","theMarked:Frustration","theMarked:Defy"],"picked":"SKIP","floor":55}],"player_experience":186263,"relics_obtained":[{"floor":6,"key":"Simple Rune"},{"floor":8,"key":"Potion Belt"},{"floor":9,"key":"Bottled Tornado"},{"floor":13,"key":"Tiny Chest"},{"floor":23,"key":"Ornamental Fan"},{"floor":26,"key":"CaptainsWheel"},{"floor":27,"key":"Sundial"},{"floor":30,"key":"qcfpunch:Chain_With_Nametags"},{"floor":32,"key":"Anchor"},{"floor":35,"key":"wanderingMiniBosses:Inkheart"},{"floor":36,"key":"Replay:Baseball"},{"floor":40,"key":"Art of War"},{"floor":42,"key":"hubris:CuriousFeather"},{"floor":43,"key":"Oddly Smooth Stone"},{"floor":45,"key":"conspire:TopHat"},{"floor":47,"key":"Replay:Bandana"},{"floor":55,"key":"Shuriken"}],"event_choices":[{"damage_healed":0,"gold_gain":0,"player_choice":"Leave","damage_taken":0,"max_hp_gain":0,"max_hp_loss":0,"event_name":"conspire:Investor","floor":22,"gold_loss":0},{"cards_removed":["theMarked:Challenge"],"damage_healed":0,"gold_gain":0,"player_choice":"Gave Card","damage_taken":0,"relics_obtained":["Eternal Feather"],"max_hp_gain":0,"max_hp_loss":0,"event_name":"WeMeetAgain","floor":28,"gold_loss":0},{"damage_healed":0,"gold_gain":262,"player_choice":"GO RE GO RE GO ","damage_taken":125,"relics_obtained":["Darkstone Periapt","Bag of Preparation"],"max_hp_gain":0,"max_hp_loss":0,"event_name":"betterSkull:BetterSkull","floor":38,"gold_loss":0,"cards_upgraded":[]}],"is_beta":false,"boss_relics":[{"not_picked":["energizedSpire:MagnifyingGlass","hubris:Stopwatch"],"picked":"Replay:Ancient Bell"},{"not_picked":["DeathKnight:PutricidesVial","Boot"],"picked":"halation:Toothbrush"},{"not_picked":["aspiration:FetidBarrel","hubris:PeanutButter"],"picked":"aspiration:SeaSaltIceCream"},{"not_picked":["Ice Cream","Replay:Multitool"],"picked":"hubris:GlazedTorus"},{"not_picked":["Painkiller Herb","qcfpunch:Dark_Gi"],"picked":"halation:SmartPhone"}],"items_purged_floors":[],"is_endless":false,"potions_floor_spawned":[3,8,13,16,18,21,23,30,31,39,45],"ascension_level":20}}