{"host":"e0kes70z4atl8xdk","time":1613116442,"event":{"mods":["AchievementEnabler","BaseMod","Colored Map","Colored Powertips","Minty Spire (QoL Compilation)","Rare Cards Sparkle","Relic Stats"],"gold_per_floor":[109,119,219,235,247,247,280,280,306,123,133,133,146,179,179,276,276,286,306,4,16,16,16],"floor_reached":22,"language":"ENG","playtime":1285,"items_purged":["Strike_R"],"score":287,"play_id":"44e0e801-d4a0-4f31-abfd-a370a4cb6e70","local_time":"20210212085402","is_ascension_mode":true,"campfire_choices":[{"data":"True Grit","floor":6,"key":"SMITH"},{"floor":8,"key":"REST"},{"data":"Pommel Strike","floor":12,"key":"SMITH"},{"floor":15,"key":"REST"}],"circlet_count":0,"master_deck":["Strike_R","Strike_R","Strike_R","Strike_R","Defend_R","Defend_R","Defend_R","Defend_R","Bash","Anger+1","Flex","True Grit+1","Dropkick","Inflame","Disarm","Inflame","Pommel Strike+1","Clothesline+1","Feed","Heavy Blade","Power Through+1"],"relics":["Runic Cube","Pen Nib","Vajra","Regal Pillow","Black Star","Whetstone","PreservedInsect"],"acts_visited":["Exordium","TheCity"],"potions_floor_usage":[2,5,5,7,14,14,14,16],"damage_taken":[{"damage":8,"enemies":"2 Louse","floor":1,"turns":2},{"damage":1,"enemies":"Cultist","floor":2,"turns":3},{"damage":4,"enemies":"Small Slimes","floor":4,"turns":3},{"damage":3,"enemies":"Blue Slaver","floor":5,"turns":4},{"damage":46,"enemies":"Lagavulin","floor":7,"turns":7},{"damage":0,"enemies":"Exordium Thugs","floor":11,"turns":4},{"damage":5,"enemies":"Red Slaver","floor":13,"turns":4},{"damage":24,"enemies":"Gremlin Nob","floor":14,"turns":4},{"damage":24,"enemies":"Slime Boss","floor":16,"turns":10},{"damage":24,"enemies":"Spheric Guardian","floor":18,"turns":4},{"damage":21,"enemies":"Shell Parasite","floor":19,"turns":4},{"damage":25,"enemies":"Centurion and Healer","floor":21,"turns":7},{"damage":10,"enemies":"Snecko","floor":22,"turns":3}],"seed_played":"-1110770096059686018","potions_obtained":[{"floor":2,"key":"Fruit Juice"},{"floor":4,"key":"EntropicBrew"},{"floor":7,"key":"DuplicationPotion"},{"floor":13,"key":"Dexterity Potion"},{"floor":14,"key":"Weak Potion"}],"is_trial":false,"path_per_floor":["M","M","?","M","M","R","E","R","T","$","M","R","M","E","R","B",null,"M","M","$","M","M"],"character_chosen":"IRONCLAD","items_purchased":["Disarm","Inflame","Whetstone","PreservedInsect"],"campfire_rested":2,"item_purchase_floors":[10,10,20,20],"current_hp_per_floor":[64,68,68,64,61,61,15,40,40,40,40,40,35,11,51,27,71,47,29,29,7,0,0],"gold":16,"neow_bonus":"BOSS_RELIC","is_daily":false,"chose_seed":false,"campfire_upgraded":2,"win_rate":0.0,"timestamp":1613116442,"path_taken":["M","M","?","M","M","R","E","R","T","$","M","R","?","E","R","BOSS","M","M","?","M","M"],"items_purchased_type":["Card","Card","Relic","Relic"],"build_version":"2020-12-22","purchased_purges":1,"victory":false,"max_hp_per_floor":[80,85,85,85,85,85,85,85,85,85,85,85,85,85,85,85,85,85,88,88,91,91,91],"relic_stats":{"Regal Pillow":15,"counters":[13,59],"Pen Nib":[7],"PreservedInsect":0,"Black Star":0,"Whetstone":["Clothesline","Anger"],"obtain_stats":[{"Regal Pillow":14,"Vajra":9,"Pen Nib":7,"PreservedInsect":20,"Black Star":17,"Whetstone":20,"Burning Blood":0,"Runic Cube":0},{"Regal Pillow":8,"Vajra":5,"Pen Nib":5,"PreservedInsect":11,"Black Star":9,"Whetstone":11,"Burning Blood":0,"Runic Cube":0},{"Regal Pillow":31,"Vajra":19,"Pen Nib":19,"PreservedInsect":49,"Black Star":41,"Whetstone":49,"Burning Blood":0,"Runic Cube":0}],"Runic Cube":[27]},"card_choices":[{"not_picked":["Heavy Blade","Feel No Pain"],"picked":"Anger","floor":1},{"not_picked":["Warcry","Havoc"],"picked":"Flex","floor":2},{"not_picked":["Rupture","Power Through"],"picked":"True Grit","floor":4},{"not_picked":["Thunderclap","Blood for Blood"],"picked":"Dropkick","floor":5},{"not_picked":["Combust","Pommel Strike"],"picked":"Inflame","floor":7},{"not_picked":["Havoc","Clash"],"picked":"Pommel Strike","floor":11},{"not_picked":["Corruption","Combust","Anger"],"picked":"SKIP","floor":13},{"not_picked":["True Grit","Sever Soul"],"picked":"Clothesline","floor":14},{"not_picked":["Fiend Fire","Juggernaut"],"picked":"Feed","floor":16},{"not_picked":["Sword Boomerang+1","Infernal Blade"],"picked":"Heavy Blade","floor":18},{"not_picked":["Sword Boomerang","Intimidate"],"picked":"Power Through+1","floor":19},{"not_picked":["Dark Embrace","True Grit","Thunderclap+1"],"picked":"SKIP","floor":21}],"player_experience":232239,"relics_obtained":[{"floor":7,"key":"Pen Nib"},{"floor":9,"key":"Vajra"},{"floor":14,"key":"Regal Pillow"}],"event_choices":[{"damage_healed":0,"gold_gain":100,"player_choice":"Pray","damage_taken":0,"max_hp_gain":0,"max_hp_loss":0,"event_name":"Golden Shrine","floor":3,"gold_loss":0}],"is_beta":false,"boss_relics":[{"not_picked":["SacredBark","Coffee Dripper"],"picked":"Black Star"}],"items_purged_floors":[10],"is_endless":false,"potions_floor_spawned":[2,4,7,13,14],"killed_by":"Snecko","ascension_level":9}}