{"host":"farxtl2u8hmkbdo2","time":1613159411,"event":{"mods":["A Magickal Journey","BaseMod","Better Altar","Better Note","Better Sensory Stone","Better Skull","Better Third Choice","Challenge The Spire","Colored Map","Colored Powertips","Current Relic Mod","Downfall","Energized Spire","Fox Events","Gremlin Mod","Hermit","Hubris","Mimic Mod","Minty Spire (QoL Compilation)","Quick Restart","READ ME - Guardian Mod","Rare Cards Sparkle","StSLib","The Bladedancer","The Bug Knight","The Cursed","The Disciple","The Hierophant","The Marked","The Necromancer","The Runesmith","Transform Curses"],"gold_per_floor":[99,99,99,20,31,62,98,98,117,146,146,166,201,217,233,332,332,332,349,368,45,57,72,72,104,104,104,12,22,57,87,116,128,128,128],"floor_reached":33,"language":"SPA","playtime":2535,"items_purged":[],"score":402,"play_id":"41d401af-d498-43f6-a760-4af958e0ad10","local_time":"20210212165011","is_ascension_mode":true,"campfire_choices":[{"data":"Guardian:TwinSlam","floor":1,"key":"SMITH"},{"data":"Guardian:FierceBash","floor":8,"key":"SMITH"},{"data":"Guardian:ShieldSpikes","floor":11,"key":"SMITH"},{"data":"Guardian:ConstructionForm","floor":18,"key":"SMITH"},{"data":"Guardian:SentryBeam","floor":26,"key":"SMITH"}],"circlet_count":0,"master_deck":["Guardian:Strike_Guardian","Guardian:Strike_Guardian","Guardian:Strike_Guardian+1","Guardian:Strike_Guardian","Guardian:Defend_Guardian","Guardian:Defend_Guardian","Guardian:Defend_Guardian","Guardian:Defend_Guardian","Guardian:CurlUp","Guardian:TwinSlam+1","Guardian:MultiBeam+1","Guardian:PiercingHide","Guardian:ChargeUp","Guardian:FierceBash+1","Guardian:FastForward","Guardian:BronzeArmor","Guardian:ShieldSpikes+1","Guardian:CrystalBeam","Guardian:Gem_Green","Guardian:SentryBeam+1","Guardian:FuturePlans","Guardian:ConstructionForm+1","CurseOfTheBell","Guardian:Gem_Lightblue","Guardian:RollAttack+1","Guardian:Gem_Yellow","Guardian:ChargeCore+1","Guardian:CrystalBeam+1","bronze:Mutator+1","Guardian:Incinerate","Guardian:FastForward","Guardian:Gem_Orange","Guardian:Gem_Yellow","Guardian:DonusPower","Guardian:MultiBeam"],"relics":["Guardian:ModeShifter","downfall:HeartsMalice","Shuriken","Oddly Smooth Stone","Question Card","Whetstone","Calling Bell","Nunchaku","Sundial","hubris:MedicalManual","Letter Opener","Eternal Feather","Smiling Mask","MawBank"],"acts_visited":["Exordium","TheCity"],"potions_floor_usage":[6,10,16,19,20,21,21,25,30,31],"damage_taken":[{"damage":0,"enemies":"Cultist","floor":2,"turns":1},{"damage":0,"enemies":"Small Slimes","floor":3,"turns":1},{"damage":0,"enemies":"downfall:FleeingMerchant","floor":4,"turns":1},{"damage":0,"enemies":"2 Louse","floor":5,"turns":2},{"damage":10,"enemies":"3 Sentries","floor":6,"turns":6},{"damage":0,"enemies":"Exordium Thugs","floor":7,"turns":6},{"damage":14,"enemies":"Exordium Thugs","floor":9,"turns":5},{"damage":0,"enemies":"Lagavulin","floor":10,"turns":5},{"damage":0,"enemies":"2 Fungi Beasts","floor":12,"turns":4},{"damage":0,"enemies":"Gremlin Nob","floor":13,"turns":5},{"damage":4,"enemies":"Lots of Slimes","floor":14,"turns":2},{"damage":0,"enemies":"Red Slaver","floor":15,"turns":3},{"damage":12,"enemies":"SI_SHIV_ARCHETYPE","floor":16,"turns":7},{"damage":0,"enemies":"Spheric Guardian","floor":19,"turns":8},{"damage":2,"enemies":"Shell Parasite","floor":20,"turns":6},{"damage":0,"enemies":"downfall:FleeingMerchant","floor":21,"turns":4},{"damage":9,"enemies":"Snake Plant","floor":22,"turns":5},{"damage":11,"enemies":"Snecko","floor":23,"turns":4},{"damage":11,"enemies":"Book of Stabbing","floor":25,"turns":5},{"damage":0,"enemies":"downfall:FleeingMerchant","floor":28,"turns":4},{"damage":8,"enemies":"Centurion and Healer","floor":29,"turns":6},{"damage":28,"enemies":"Slavers","floor":30,"turns":5},{"damage":2,"enemies":"Cultist and Chosen","floor":31,"turns":5},{"damage":18,"enemies":"Shelled Parasite and Fungi","floor":32,"turns":5},{"damage":19,"enemies":"WA_ARCHETYPE_CALM","floor":33,"turns":7}],"seed_played":"-1035363564789786593","potions_obtained":[{"floor":5,"key":"bronze:BurnAndBuffPotion"},{"floor":9,"key":"DuplicationPotion"},{"floor":12,"key":"Weak Potion"},{"floor":14,"key":"Guardian:AcceleratePotion"},{"floor":15,"key":"SkillPotion"},{"floor":16,"key":"Swift Potion"},{"floor":20,"key":"hexamod:SoulburnPotion"},{"floor":23,"key":"SkillPotion"},{"floor":29,"key":"Weak Potion"},{"floor":30,"key":"SkillPotion"},{"floor":31,"key":"GamblersBrew"}],"is_trial":false,"path_per_floor":["R","M","M","$","M","E","MIM","R","M","E","R","M","E","M","M","B",null,"R","M","M","$","M","M","T","E","R","?","$","M","E","M","M","B"],"character_chosen":"GUARDIAN","items_purchased":["Guardian:FierceBash","Letter Opener","Guardian:Gem_Red","Guardian:FastForward"],"campfire_rested":0,"item_purchase_floors":[4,21,21,28],"current_hp_per_floor":[80,80,80,80,80,70,70,70,56,56,56,56,56,52,52,40,80,80,80,78,78,69,58,58,47,65,65,65,57,29,27,9,0,0,0],"gold":128,"neow_bonus":"THREE_ENEMY_KILL","is_daily":false,"chose_seed":false,"campfire_upgraded":5,"win_rate":0.0,"timestamp":1613159411,"path_taken":["R","M","M","$","?","E","MIM","R","M","E","R","M","E","M","M","BOSS","R","M","M","$","M","?","T","E","R","?","?","M","E","M","M","BOSS"],"items_purchased_type":["Card","Relic","Card","Card"],"build_version":"2020-12-22","purchased_purges":0,"victory":false,"max_hp_per_floor":[80,80,80,80,80,80,80,80,80,80,80,80,80,80,80,80,80,80,80,80,80,80,80,80,80,80,80,80,80,80,80,80,80,80,80],"card_choices":[{"not_picked":["Guardian:WalkerClaw","Guardian:PiercingHide"],"picked":"Guardian:MultiBeam","floor":2},{"not_picked":["Guardian:Incinerate","Guardian:RollAttack"],"picked":"Guardian:PiercingHide","floor":3},{"not_picked":["Guardian:PrimingBeam","Guardian:WalkerClaw"],"picked":"Guardian:ChargeUp","floor":4},{"not_picked":["Guardian:Gem_Lightblue","Guardian:Gem_Red"],"picked":"Guardian:FastForward","floor":5},{"not_picked":["Guardian:RollAttack","Guardian:Emergency"],"picked":"Guardian:BronzeArmor","floor":6},{"not_picked":["Guardian:Harden","Guardian:Recover"],"picked":"Guardian:ShieldSpikes","floor":7},{"not_picked":["Guardian:PrimingBeam","Guardian:TemporalStrike"],"picked":"Guardian:CrystalBeam","floor":9},{"not_picked":["Guardian:FierceBash","Guardian:Planning"],"picked":"Guardian:Gem_Blue","floor":10},{"not_picked":["Guardian:Gem_Crimson","Guardian:Emergency","Guardian:VentSteam"],"picked":"Guardian:Gem_Green","floor":12},{"not_picked":["Guardian:DonusPower","Guardian:VentSteam","Guardian:Emergency"],"picked":"Guardian:SentryBeam","floor":13},{"not_picked":["Guardian:VentSteam","Guardian:PolyBeam","Guardian:ChargeCore"],"picked":"Guardian:Gem_Cyan","floor":14},{"not_picked":["Guardian:Reroute","Guardian:Preprogram","Guardian:TemporalStrike"],"picked":"Guardian:FuturePlans","floor":15},{"not_picked":["Guardian:ExploitGems","Guardian:CompilePackage","Guardian:HyperBeam_Guardian"],"picked":"Guardian:ConstructionForm","floor":16},{"not_picked":["Guardian:VentSteam","Guardian:RollAttack","Guardian:TemporalShield+1"],"picked":"Guardian:Gem_Lightblue","floor":19},{"not_picked":["Guardian:Recover","Guardian:VentSteam","Guardian:Incinerate"],"picked":"Guardian:Gem_Purple","floor":20},{"not_picked":["Guardian:Gem_Green","Guardian:FastForward","Guardian:Gem_Red"],"picked":"Guardian:RollAttack+1","floor":21},{"not_picked":["Guardian:ShieldCharger","Guardian:Gem_Lightblue","Guardian:Suspension"],"picked":"Guardian:Gem_Yellow","floor":22},{"not_picked":["Guardian:Reroute","Guardian:GemFire","Guardian:Incinerate"],"picked":"Guardian:ChargeCore+1","floor":23},{"not_picked":["Guardian:Gem_Green","Guardian:EvasiveProtocol","Guardian:Incinerate"],"picked":"Guardian:CrystalBeam+1","floor":25},{"not_picked":["Guardian:WalkerClaw","Guardian:Planning","Guardian:Gem_Lightblue"],"picked":"Guardian:Incinerate","floor":28},{"not_picked":["Guardian:Gem_Green","Guardian:Planning","Guardian:CrystalBeam+1"],"picked":"Guardian:Gem_Orange","floor":29},{"not_picked":["Guardian:Orbwalk","Guardian:WalkerClaw+1","Guardian:Incinerate"],"picked":"Guardian:Gem_Yellow","floor":30},{"not_picked":["Guardian:PrimingBeam","Guardian:Recover","Guardian:Gem_Cyan"],"picked":"Guardian:DonusPower","floor":31},{"not_picked":["Guardian:RollAttack+1","Guardian:WalkerClaw","Guardian:Gem_Red"],"picked":"Guardian:MultiBeam","floor":32}],"player_experience":2133545,"relics_obtained":[{"floor":6,"key":"Shuriken"},{"floor":7,"key":"Oddly Smooth Stone"},{"floor":10,"key":"Question Card"},{"floor":13,"key":"Whetstone"},{"floor":17,"key":"Nunchaku"},{"floor":17,"key":"Sundial"},{"floor":17,"key":"hubris:MedicalManual"},{"floor":24,"key":"Eternal Feather"},{"floor":25,"key":"Smiling Mask"},{"floor":30,"key":"MawBank"}],"event_choices":[{"damage_healed":0,"gold_gain":2,"player_choice":"4","damage_taken":0,"max_hp_gain":0,"max_hp_loss":0,"event_name":"betterStone:BetterStone","floor":27,"gold_loss":0,"cards_obtained":["bronze:Mutator"]}],"is_beta":false,"boss_relics":[{"not_picked":["Runic Dome","energizedSpire:MagnifyingGlass"],"picked":"Calling Bell"}],"items_purged_floors":[],"is_endless":false,"potions_floor_spawned":[5,9,12,14,15,16,20,23,29,30,31],"killed_by":"WA_ARCHETYPE_CALM","ascension_level":1}}