{"host":"y3h3n3f7seyagppx","time":1613093546,"event":{"mods":["AlwaysNeverKeys","BaseMod","Better Vampires","Colored Powertips","DeckTracker","Emptier Cage","Minty Spire (QoL Compilation)","Permanent Neow","Quick Restart","Rare Cards Sparkle","Relic Sorter","Relic Stats","StSLib","Transform Curses"],"gold_per_floor":[367,367,388,15,38,72,72,88,88,131,144,144,69,89,89,187,187,203,255,279,303,34,34,72,85,159,193,108,1,32,47,47,146,146,166,8,32,32,52,88,107,107,107],"floor_reached":42,"language":"ENG","playtime":6237,"items_purged":["Strike_G","Strike_G"],"score":1125,"play_id":"57a4f064-10c2-44b6-ab93-167ce01317a7","local_time":"20210211203226","is_ascension_mode":true,"campfire_choices":[{"data":"Skewer","floor":7.0,"key":"SMITH"},{"data":"Corpse Explosion","floor":15.0,"key":"SMITH"},{"floor":23,"key":"REST"},{"floor":32,"key":"REST"}],"circlet_count":0,"master_deck":["AscendersBane","Strike_G","Strike_G","Strike_G","Defend_G","Defend_G","Defend_G","Defend_G","Defend_G+1","Survivor+1","Neutralize+1","Dagger Throw","Poisoned Stab","Blade Dance","Skewer+1","Corpse Explosion+1","A Thousand Cuts+1","Caltrops+1","Footwork+1","Dagger Spray+1","Well Laid Plans+1","Blade Dance","Night Terror","Deflect+1","Acrobatics","Decay","Quick Slash+1","Sucker Punch+1","Blade Dance+1"],"relics":["Ring of the Snake","Golden Idol","Happy Flower","OrangePellets","Frozen Egg 2","Blue Candle","MealTicket","Fusion Hammer","Vajra","War Paint","Kunai","Molten Egg 2","Strawberry","StrikeDummy","Boot","Coffee Dripper","PreservedInsect","Mercury Hourglass"],"acts_visited":["Exordium","TheCity","TheBeyond"],"potions_floor_usage":[27,27,30,42],"damage_taken":[{"damage":8.0,"enemies":"Jaw Worm","floor":1.0,"turns":7.0},{"damage":0.0,"enemies":"Small Slimes","floor":3.0,"turns":5.0},{"damage":1.0,"enemies":"Cultist","floor":5.0,"turns":3.0},{"damage":19.0,"enemies":"3 Sentries","floor":6.0,"turns":7.0},{"damage":0.0,"enemies":"Looter","floor":8.0,"turns":3.0},{"damage":12.0,"enemies":"Lagavulin","floor":10.0,"turns":5.0},{"damage":1.0,"enemies":"Blue Slaver","floor":11.0,"turns":2.0},{"damage":0.0,"enemies":"Exordium Wildlife","floor":14.0,"turns":3.0},{"damage":21.0,"enemies":"Hexaghost","floor":16.0,"turns":9.0},{"damage":16.0,"enemies":"Shell Parasite","floor":18.0,"turns":5.0},{"damage":9.0,"enemies":"2 Thieves","floor":20.0,"turns":2.0},{"damage":4.0,"enemies":"Cultist and Chosen","floor":21.0,"turns":3.0},{"damage":5,"enemies":"Gremlin Leader","floor":24,"turns":6},{"damage":0,"enemies":"Snake Plant","floor":25,"turns":3},{"damage":22,"enemies":"Slavers","floor":27,"turns":3},{"damage":15,"enemies":"Book of Stabbing","floor":30,"turns":5},{"damage":0,"enemies":"Centurion and Healer","floor":31,"turns":4},{"damage":11,"enemies":"Champ","floor":33,"turns":15},{"damage":12,"enemies":"3 Darklings","floor":35,"turns":4},{"damage":6,"enemies":"Orb Walker","floor":37,"turns":4},{"damage":1,"enemies":"Spire Growth","floor":39,"turns":5},{"damage":1,"enemies":"Nemesis","floor":40,"turns":5},{"damage":11,"enemies":"Writhing Mass","floor":41,"turns":7},{"damage":42,"enemies":"Giant Head","floor":42,"turns":6}],"seed_played":"-1967150907651833242","potions_obtained":[{"floor":3.0,"key":"SkillPotion"},{"floor":8.0,"key":"SkillPotion"},{"floor":14.0,"key":"Swift Potion"},{"floor":20.0,"key":"AttackPotion"},{"floor":21.0,"key":"SmokeBomb"},{"floor":24,"key":"CunningPotion"},{"floor":39,"key":"Poison Potion"}],"is_trial":false,"path_per_floor":["M","?","M","$","M","E","R","M","T","E","M","?","$","M","R","B",null,"M","T","M","M","$","R","E","M","T","E","?","$","E","M","R","B",null,"M","$","M","?","M","E","M","E"],"character_chosen":"THE_SILENT","items_purchased":["Happy Flower","OrangePellets","Blade Dance","War Paint","Fire Potion","Swift Potion","PreservedInsect"],"campfire_rested":2,"item_purchase_floors":[4,4,4,22,29,29,36],"current_hp_per_floor":[51,51,51,51,50,31,31,31,31,19,18,18,33,33,33,12,44,28,28,19,15,30,46,41,41,41,26,26,41,26,26,44,33,54,42,57,51,51,50,49,38,0,0],"gold":107,"neow_bonus":"TWO_FIFTY_GOLD","is_daily":false,"chose_seed":false,"campfire_upgraded":2,"win_rate":0.0,"timestamp":1613093546,"path_taken":["M","?","M","$","M","E","R","M","T","E","M","?","$","M","R","BOSS","M","?","M","M","$","R","E","M","T","E","?","?","E","M","R","BOSS","M","$","M","?","?","E","M","E"],"items_purchased_type":["Relic","Relic","Card","Relic","Potion","Potion","Relic"],"build_version":"2020-12-22","purchased_purges":2,"victory":false,"max_hp_per_floor":[60,54,54,54,54,54,54,54,54,54,54,54,54,54,54,54,54,54,54,54,54,54,54,54,54,54,61,61,61,61,61,61,61,61,61,61,61,61,61,61,61,61,61],"relic_stats":{"Happy Flower":[36],"counters":[24,121],"Golden Idol":139,"Blue Candle":[4],"PreservedInsect":180,"War Paint":["Survivor","Defend_G"],"Boot":[86],"Mercury Hourglass":[30],"OrangePellets":[11],"MealTicket":60,"Kunai":[46],"obtain_stats":[{"Happy Flower":4,"Golden Idol":2,"Blue Candle":9,"Vajra":19,"PreservedInsect":36,"Frozen Egg 2":6,"War Paint":22,"Boot":30,"Mercury Hourglass":40,"OrangePellets":4,"Strawberry":27,"MealTicket":10,"Molten Egg 2":26,"Fusion Hammer":17,"Coffee Dripper":34,"Kunai":24,"StrikeDummy":28,"Ring of the Snake":0},{"Happy Flower":2,"Golden Idol":1,"Blue Candle":5,"Vajra":10,"PreservedInsect":19,"Frozen Egg 2":4,"War Paint":12,"Boot":16,"Mercury Hourglass":22,"OrangePellets":2,"Strawberry":15,"MealTicket":6,"Molten Egg 2":14,"Fusion Hammer":9,"Coffee Dripper":18,"Kunai":13,"StrikeDummy":15,"Ring of the Snake":0},{"Happy Flower":12,"Golden Idol":7,"Blue Candle":25,"Vajra":49,"PreservedInsect":94,"Frozen Egg 2":22,"War Paint":54,"Boot":71,"Mercury Hourglass":108,"OrangePellets":12,"Strawberry":66,"MealTicket":30,"Molten Egg 2":63,"Fusion Hammer":44,"Coffee Dripper":90,"Kunai":60,"StrikeDummy":66,"Ring of the Snake":0}],"Ring of the Snake":[48]},"card_choices":[{"not_picked":["Poisoned Stab","Backflip"],"picked":"Dagger Throw","floor":1.0},{"not_picked":["Acrobatics","Reflex"],"picked":"Poisoned Stab","floor":3.0},{"not_picked":["Slice","Expertise","Underhanded Strike"],"picked":"SKIP","floor":5.0},{"not_picked":["Bane","Cloak And Dagger"],"picked":"Skewer","floor":6.0},{"not_picked":["Quick Slash","Reflex","Acrobatics"],"picked":"SKIP","floor":8.0},{"not_picked":["Footwork+1","Slice"],"picked":"Corpse Explosion","floor":10.0},{"not_picked":["Bane","Acrobatics","Slice"],"picked":"SKIP","floor":11.0},{"not_picked":["Bane","Acrobatics","Slice"],"picked":"SKIP","floor":11.0},{"not_picked":["Cloak And Dagger","Poisoned Stab","Blur"],"picked":"SKIP","floor":14.0},{"not_picked":["Bullet Time","Phantasmal Killer"],"picked":"A Thousand Cuts+1","floor":16.0},{"not_picked":["Sucker Punch","Flying Knee"],"picked":"Caltrops+1","floor":18.0},{"not_picked":["Slice","Accuracy+1"],"picked":"Footwork+1","floor":20.0},{"not_picked":["Underhanded Strike","Outmaneuver"],"picked":"Dagger Spray+1","floor":21.0},{"not_picked":["Flying Knee","Flechettes","Slice"],"picked":"SKIP","floor":24},{"not_picked":["Concentrate","Backstab+1"],"picked":"Well Laid Plans+1","floor":25},{"not_picked":["Prepared","Caltrops+1","Eviscerate+1"],"picked":"SKIP","floor":27},{"not_picked":["Slice+1","Poisoned Stab+1"],"picked":"Blade Dance","floor":30},{"not_picked":["Outmaneuver","Well Laid Plans+1","Prepared"],"picked":"SKIP","floor":31},{"not_picked":["Tools of the Trade+1","Doppelganger"],"picked":"Night Terror","floor":33},{"not_picked":["Dagger Spray+1","Choke+1"],"picked":"Deflect+1","floor":35},{"not_picked":["Infinite Blades+1","Underhanded Strike+1"],"picked":"Acrobatics","floor":37},{"not_picked":["Quick Slash+1","Riddle With Holes+1","Deflect"],"picked":"SKIP","floor":39},{"not_picked":["Riddle With Holes+1","Deflect"],"picked":"Quick Slash+1","floor":39},{"not_picked":["Calculated Gamble+1","Dagger Spray+1"],"picked":"Sucker Punch+1","floor":40},{"not_picked":["Adrenaline","Prepared+1"],"picked":"Blade Dance+1","floor":41}],"player_experience":22144890,"relics_obtained":[{"floor":6.0,"key":"Frozen Egg 2"},{"floor":9.0,"key":"Blue Candle"},{"floor":10.0,"key":"MealTicket"},{"floor":19.0,"key":"Vajra"},{"floor":24,"key":"Kunai"},{"floor":26,"key":"Molten Egg 2"},{"floor":27,"key":"Strawberry"},{"floor":30,"key":"Boot"},{"floor":40,"key":"Mercury Hourglass"}],"event_choices":[{"damage_healed":0.0,"max_hp_gain":0.0,"max_hp_loss":6.0,"gold_gain":0.0,"event_name":"Golden Idol","player_choice":"Lose Max HP","floor":2.0,"gold_loss":0.0,"damage_taken":0.0,"relics_obtained":["Golden Idol"]},{"damage_healed":0.0,"max_hp_gain":0.0,"max_hp_loss":0.0,"gold_gain":0.0,"event_name":"Upgrade Shrine","player_choice":"Upgraded","floor":12.0,"gold_loss":0.0,"damage_taken":0.0,"cards_upgraded":["Neutralize"]},{"damage_healed":0,"gold_gain":0,"player_choice":"Obtained Relic","damage_taken":0,"relics_obtained":["StrikeDummy"],"max_hp_gain":0,"max_hp_loss":0,"event_name":"Addict","floor":28,"gold_loss":85},{"damage_healed":0,"gold_gain":0,"player_choice":"Cursed","damage_taken":0,"max_hp_gain":0,"max_hp_loss":0,"event_name":"Wheel of Change","floor":38,"gold_loss":0,"cards_obtained":["Decay"]}],"is_beta":false,"boss_relics":[{"not_picked":["Ectoplasm","Tiny House"],"picked":"Fusion Hammer"},{"not_picked":["Runic Pyramid","Astrolabe"],"picked":"Coffee Dripper"}],"items_purged_floors":[13,22],"is_endless":false,"potions_floor_spawned":[3,8,14,20,21,24,39,41],"killed_by":"Giant Head","ascension_level":20}}