{"host":"farxtl2u8hmkbdo2","time":1613095131,"event":{"mods":["A Magickal Journey","BaseMod","Better Altar","Better Note","Better Sensory Stone","Better Skull","Better Third Choice","Challenge The Spire","Colored Map","Colored Powertips","Current Relic Mod","Downfall","Energized Spire","Fox Events","Gremlin Mod","Hermit","Hubris","Mimic Mod","Minty Spire (QoL Compilation)","Quick Restart","READ ME - Guardian Mod","Rare Cards Sparkle","StSLib","The Bladedancer","The Bug Knight","The Cursed","The Disciple","The Hierophant","The Marked","The Necromancer","The Runesmith","Transform Curses"],"gold_per_floor":[99,114,129,129,144,154,224,254,254,273,304,318,349,369,386,483,483,383,403,0,0,0,0,23,52,66,66,51,84,84,84,84,84],"floor_reached":31,"language":"SPA","playtime":2733,"items_purged":[],"score":336,"play_id":"3620d913-d12e-41eb-8890-896ce1939f4d","local_time":"20210211225851","is_ascension_mode":true,"campfire_choices":[{"data":"bronze:Replicate","floor":1,"key":"SMITH"},{"data":"bronze:Virus","floor":9,"key":"SMITH"},{"data":"bronze:SpaghettiCode","floor":18,"key":"SMITH"},{"data":"RitualDagger","floor":23,"key":"SMITH"},{"data":"bronze:Constructor","floor":27,"key":"SMITH"},{"data":"bronze:Turbo","floor":30,"key":"SMITH"}],"circlet_count":0,"master_deck":["bronze:Strike","bronze:Strike","bronze:Defend","bronze:Defend","bronze:Replicate+1","bronze:Goto","bronze:ClassDefault","bronze:Iterate","bronze:Constructor+1","bronze:ClassDefault","bronze:Virus+1","bronze:DelayedSlice","bronze:Fortify","bronze:FineTuning","bronze:Turbo","bronze:ChosenStrike","bronze:Turbo+1","bronze:SpaghettiCode+1","bronze:ForLoop+1","bronze:Deprecate+1","bronze:ItsAFeature+1","bronze:Allocate+1","bronze:Verify","bronze:OilSpill","RitualDagger+1","bronze:Break","bronze:BronzeOrb","bronze:Shell+1","bronze:Terminator+1"],"relics":["bronze:BronzeCore","Bottled Lightning","The Courier","Mummified Hand","Dead Branch","Astrolabe","downfall:HeartBlessingGreen","Blood Vial","FossilizedHelix","hubris:SlimyHat","Singing Bowl","Gambling Chip"],"acts_visited":["Exordium","TheCity"],"potions_floor_usage":[8,10,12,13,20,29,31],"damage_taken":[{"damage":1,"enemies":"Cultist","floor":2,"turns":3},{"damage":1,"enemies":"Jaw Worm","floor":3,"turns":4},{"damage":0,"enemies":"Small Slimes","floor":5,"turns":4},{"damage":3,"enemies":"Red Slaver","floor":6,"turns":4},{"damage":4,"enemies":"3 Sentries","floor":8,"turns":5},{"damage":0,"enemies":"Lots of Slimes","floor":10,"turns":1},{"damage":0,"enemies":"Gremlin Nob","floor":11,"turns":4},{"damage":2,"enemies":"Gremlin Gang","floor":12,"turns":3},{"damage":8,"enemies":"3 Sentries","floor":13,"turns":6},{"damage":7,"enemies":"Blue Slaver","floor":14,"turns":4},{"damage":6,"enemies":"Exordium Thugs","floor":15,"turns":3},{"damage":18,"enemies":"DF_ARCHETYPE_STREAMLINE","floor":16,"turns":8},{"damage":5,"enemies":"Spheric Guardian","floor":19,"turns":4},{"damage":0,"enemies":"downfall:FleeingMerchant","floor":20,"turns":4},{"damage":28,"enemies":"Slavers","floor":25,"turns":7},{"damage":0,"enemies":"Shell Parasite","floor":26,"turns":3},{"damage":0,"enemies":"downfall:FleeingMerchant","floor":28,"turns":4},{"damage":53,"enemies":"Gremlin Leader","floor":29,"turns":8},{"damage":27,"enemies":"Book of Stabbing","floor":31,"turns":6}],"seed_played":"-2445035472423670331","potions_obtained":[{"floor":3,"key":"SteroidPotion"},{"floor":4,"key":"AttackPotion"},{"floor":4,"key":"Weak Potion"},{"floor":8,"key":"FairyPotion"},{"floor":11,"key":"ColorlessPotion"},{"floor":12,"key":"champ:CounterPotion"},{"floor":16,"key":"SneckoOil"},{"floor":29,"key":"Fire Potion"}],"is_trial":false,"path_per_floor":["R","M","M","?","M","M","T","E","R","M","E","M","E","M","M","B",null,"R","M","$","?","?","R","T","E","M","R","$","E","R","E"],"character_chosen":"THE_AUTOMATON","items_purchased":["Blood Vial","FossilizedHelix","bronze:OilSpill"],"campfire_rested":0,"item_purchase_floors":[20,20,20],"current_hp_per_floor":[77,76,75,75,75,72,72,68,68,68,68,66,58,51,45,27,77,77,72,72,66,66,66,66,40,42,42,44,23,23,0,0,0],"gold":84,"neow_bonus":"TEN_PERCENT_HP_BONUS","is_daily":false,"chose_seed":false,"campfire_upgraded":6,"win_rate":0.0,"timestamp":1613095131,"path_taken":["R","M","M","?","M","M","T","E","R","?","E","M","E","M","M","BOSS","R","M","?","?","?","R","T","E","?","R","$","E","R","E"],"items_purchased_type":["Relic","Relic","Card"],"build_version":"2020-12-22","purchased_purges":0,"victory":false,"max_hp_per_floor":[77,77,77,77,77,77,77,77,77,77,77,77,77,77,77,77,77,77,77,77,77,77,77,77,77,77,77,77,77,77,77,77,77],"card_choices":[{"not_picked":["bronze:Deprecate","bronze:Iterate"],"picked":"bronze:ClassDefault","floor":2},{"not_picked":["bronze:DelayedGuard","bronze:Shield"],"picked":"bronze:Iterate","floor":3},{"not_picked":["bronze:FollowUp","bronze:DelayedSlice"],"picked":"bronze:Constructor","floor":5},{"not_picked":["bronze:Constructor","bronze:FineTuning"],"picked":"bronze:ClassDefault","floor":6},{"not_picked":["bronze:BugBarrage","bronze:Branch"],"picked":"bronze:Virus","floor":8},{"not_picked":["bronze:WildBeam","bronze:Separator"],"picked":"bronze:DelayedSlice","floor":10},{"not_picked":["bronze:CutThrough","bronze:BugBarrage"],"picked":"bronze:Fortify","floor":11},{"not_picked":["bronze:Safeguard","bronze:Overload"],"picked":"bronze:FineTuning","floor":12},{"not_picked":["bronze:ItsAFeature","bronze:Fortify"],"picked":"bronze:Turbo","floor":13},{"not_picked":["bronze:FineTuning","bronze:Iterate"],"picked":"bronze:ChosenStrike","floor":14},{"not_picked":["bronze:FollowUp","bronze:NullPointer"],"picked":"bronze:Turbo","floor":15},{"not_picked":["bronze:HardenedForm","bronze:Format"],"picked":"bronze:SpaghettiCode","floor":16},{"not_picked":["bronze:Repulsor","bronze:Constructor"],"picked":"bronze:Allocate+1","floor":19},{"not_picked":["bronze:Shield","bronze:Separator"],"picked":"bronze:Verify","floor":20},{"not_picked":["bronze:BitShift","bronze:Invalidate"],"picked":"bronze:Break","floor":25},{"not_picked":["bronze:MaxOutput","bronze:CutThrough"],"picked":"bronze:BronzeOrb","floor":26},{"not_picked":["bronze:Overheat","bronze:BitShift+1"],"picked":"bronze:Shell+1","floor":28},{"not_picked":["bronze:Branch","bronze:Backtrace"],"picked":"bronze:Terminator+1","floor":29}],"player_experience":2120189,"relics_obtained":[{"floor":7,"key":"Bottled Lightning"},{"floor":8,"key":"The Courier"},{"floor":11,"key":"Mummified Hand"},{"floor":13,"key":"Dead Branch"},{"floor":24,"key":"hubris:SlimyHat"},{"floor":25,"key":"Singing Bowl"},{"floor":29,"key":"Gambling Chip"}],"event_choices":[{"damage_healed":0,"gold_gain":0,"player_choice":"Got Potions","damage_taken":0,"max_hp_gain":0,"max_hp_loss":0,"event_name":"Lab","floor":4,"gold_loss":0}],"is_beta":false,"boss_relics":[{"not_picked":["SacredBark","energizedSpire:RedRose"],"picked":"Astrolabe"}],"items_purged_floors":[],"is_endless":false,"potions_floor_spawned":[3,8,11,12,16,29],"killed_by":"Book of Stabbing","ascension_level":1}}