{"host":"jruzzdd1waq9u00d","time":1613135289,"event":{"mods":["BaseMod","Colored Map","Colored Powertips","DeckTracker","Downfall","Minty Spire (QoL Compilation)","Quick Restart","Relic Stats","StSLib","SuperFastMode"],"gold_per_floor":[99,99,116,132,142,161,161,180,180,180,10,30,30,30,30],"floor_reached":13,"language":"ENG","playtime":446,"items_purged":[],"score":96,"play_id":"f7cdce4b-ad6a-43fb-b794-3c5258f5000e","local_time":"20210212220809","is_ascension_mode":true,"campfire_choices":[{"data":"Slimebound:Split","floor":1.0,"key":"SMITH"},{"floor":9,"key":"REST"}],"circlet_count":0,"master_deck":["Slimebound:Strike_Slimebound","Slimebound:Strike_Slimebound","Slimebound:Tackle","Slimebound:Defend_Slimebound","Slimebound:Defend_Slimebound","Slimebound:Defend_Slimebound","Slimebound:Defend_Slimebound","Slimebound:Split+1","Slimebound:CorrosiveSpit","Slimebound:FirmFortitude","Slimebound:SlimeBrawl","Slimebound:Repurpose","Slimebound:Overexert"],"relics":["Slimebound:AbsorbEndCombat","Singing Bowl"],"acts_visited":["Exordium"],"potions_floor_usage":[12,13],"damage_taken":[{"damage":7,"enemies":"Small Slimes","floor":3,"turns":4},{"damage":10,"enemies":"Cultist","floor":4,"turns":5},{"damage":7,"enemies":"Jaw Worm","floor":5,"turns":3},{"damage":31,"enemies":"Gremlin Gang","floor":6,"turns":5},{"damage":9,"enemies":"Red Slaver","floor":8,"turns":4},{"damage":0,"enemies":"downfall:FleeingMerchant","floor":11,"turns":4},{"damage":15,"enemies":"2 Fungi Beasts","floor":12,"turns":2},{"damage":14,"enemies":"3 Sentries","floor":13,"turns":4}],"seed_played":"98597720556970544","potions_obtained":[{"floor":2.0,"key":"Slimebound:SlimyTonguePotion"},{"floor":2.0,"key":"Swift Potion"},{"floor":2.0,"key":"SpeedPotion"},{"floor":5,"key":"AttackPotion"},{"floor":12,"key":"Swift Potion"}],"is_trial":false,"path_per_floor":["R","?","M","M","M","M","T","M","R","?","$","M","E"],"character_chosen":"SLIMEBOUND","items_purchased":["Slimebound:Overexert"],"campfire_rested":1,"item_purchase_floors":[11],"current_hp_per_floor":[65,65,60,54,49,20,20,13,32,32,38,27,13,13,13],"gold":30,"neow_bonus":"ONE_RANDOM_RARE_CARD","is_daily":false,"chose_seed":false,"campfire_upgraded":1,"win_rate":0.0,"timestamp":1613135289,"path_taken":["R","?","M","M","M","?","T","M","R","?","$","?","E"],"items_purchased_type":["Card"],"build_version":"2020-12-22","purchased_purges":0,"victory":false,"max_hp_per_floor":[65,65,65,65,65,65,65,65,65,65,67,69,69,69,69],"relic_stats":{"Singing Bowl":4,"counters":[8,30],"obtain_stats":[{"Singing Bowl":7,"Slimebound:AbsorbEndCombat":0},{"Singing Bowl":4,"Slimebound:AbsorbEndCombat":0},{"Singing Bowl":16,"Slimebound:AbsorbEndCombat":0}]},"card_choices":[{"not_picked":["Slimebound:LeechEnergy","Slimebound:RollThrough"],"picked":"Slimebound:SlimeBrawl","floor":3},{"not_picked":["Slimebound:GoopTackle","Slimebound:RollThrough","Slimebound:FormOfPuddle"],"picked":"SKIP","floor":4},{"not_picked":["Slimebound:Gluttony","Slimebound:LeechingTouch","Slimebound:LivingWall"],"picked":"SKIP","floor":5},{"not_picked":["Slimebound:Gluttony","Slimebound:LeechingTouch","Slimebound:LivingWall"],"picked":"SKIP","floor":5},{"not_picked":["Slimebound:HauntingLick","Slimebound:DisruptingSlam","Slimebound:Prepare"],"picked":"SKIP","floor":6},{"not_picked":["Slimebound:SplitLeeching","Slimebound:Prepare"],"picked":"Slimebound:Repurpose","floor":8},{"not_picked":["Slimebound:Gluttony","Slimebound:Nibble","Slimebound:SlimeTap"],"picked":"Singing Bowl","floor":11},{"not_picked":["Slimebound:SplitBruiser","Slimebound:SelfFormingGoo","Slimebound:ItLooksTasty"],"picked":"Singing Bowl","floor":12}],"player_experience":438508,"relics_obtained":[{"floor":7,"key":"Singing Bowl"}],"event_choices":[{"damage_healed":0.0,"max_hp_gain":0.0,"max_hp_loss":0.0,"gold_gain":0.0,"event_name":"Lab","player_choice":"Got Potions","floor":2.0,"gold_loss":0.0,"damage_taken":0.0},{"cards_removed":["Slimebound:Strike_Slimebound"],"damage_healed":0,"gold_gain":0,"player_choice":"Offered Basic","damage_taken":0,"max_hp_gain":0,"max_hp_loss":0,"event_name":"Bonfire Elementals","floor":10,"gold_loss":0}],"is_beta":false,"boss_relics":[],"items_purged_floors":[],"is_endless":false,"potions_floor_spawned":[5,12],"killed_by":"3 Sentries","ascension_level":5}}