{"host":"Luke","time":1613089478,"event":{"mods":["BaseMod","Downfall","Hermit","Minty Spire (QoL Compilation)","StSLib"],"gold_per_floor":[99,111,122,134,147,166,166,186,636,636,653,664,664,664,683,788,788,788,888,204,217,231,250,273,67,77,77,103,116,116,135,153,255,255,55,75,16,116,116,116,168,168,195,222,249,47,68,81,94,94],"floor_reached":51,"language":"ENG","playtime":5337,"items_purged":["Doubt"],"score":922,"play_id":"b2500e17-f9b7-465e-b2f0-458a7b3457de","local_time":"20210212002438","is_ascension_mode":false,"campfire_choices":[{"data":"champ:Taunt","floor":1,"key":"SMITH"},{"data":"champ:FlashCut","floor":13,"key":"SMITH"},{"data":"champ:HoldFirm","floor":18,"key":"SMITH"},{"floor":27,"key":"RECALL"},{"floor":30,"key":"REST"},{"data":"champ:GladiatorForm","floor":35,"key":"SMITH"},{"data":"champ:SkillfulDodge","floor":40,"key":"SMITH"},{"data":"champ:StanceDance","floor":42,"key":"SMITH"}],"circlet_count":0,"master_deck":["champ:Strike","champ:Strike","champ:Strike","champ:Defend+1","champ:Defend","champ:Defend","champ:Execute","champ:Taunt+1","champ:ArenaPreparation+1","champ:StanceDance+1","champ:ArenaPreparation+1","champ:CheapShot","champ:FlashCut+1","champ:BerserkersShout","downfall:Icky","downfall:Icky","downfall:Icky","champ:ShieldWall","champ:Haymaker","champ:BringItOn","champ:HoldFirm+1","champ:EndlessRage+1","champ:MurderStrike+1","champ:FlashCut","champ:Circumvent+1","champ:FocusedBerserking+1","champ:DeathBlow","champ:CrookedStrike+1","champ:RecklessLeap","champ:DancingMaster","champ:FancyFootwork+1","champ:ShieldThrow","champ:ShieldWall+1","champ:GladiatorForm+1","champ:BringItOn+1","champ:HeartStrike+1","champ:SkillfulDodge+1","CurseOfTheBell","CurseOfTheBell","Clumsy","champ:TripleStrike","Writhe","Parasite","expansioncontent:AwakenDeath","expansioncontent:PolyBeam","expansioncontent:PolyBeam","champ:StanceDance+1","champ:GladiatorStyle+1"],"relics":["champ:ChampionCrown","StoneCalendar","Letter Opener","Astrolabe","OrangePellets","Shuriken","PreservedInsect","Mummified Hand","Black Star","downfall:HeartBlessingRed","downfall:HeartBlessingBlue","champ:GladiatorsBookOfMartialProwess","downfall:ExtraCursedBell","Art of War","Mercury Hourglass","Pocketwatch","CeramicFish","Lizard Tail","Blood Vial","Lee\u0027s Waffle"],"acts_visited":["Exordium","TheCity","TheBeyond"],"potions_floor_usage":[6,12,15,20,21,23,29,32,32,36,36,37,44,45,48,48,50,50],"damage_taken":[{"damage":10,"enemies":"2 Louse","floor":2,"turns":3},{"damage":30,"enemies":"Jaw Worm","floor":3,"turns":4},{"damage":15,"enemies":"Small Slimes","floor":4,"turns":4},{"damage":5,"enemies":"Exordium Thugs","floor":5,"turns":2},{"damage":13,"enemies":"Gremlin Gang","floor":6,"turns":2},{"damage":25,"enemies":"Large Slime","floor":8,"turns":3},{"damage":38,"enemies":"2 Fungi Beasts","floor":11,"turns":3},{"damage":35,"enemies":"Blue Slaver","floor":12,"turns":4},{"damage":10,"enemies":"Large Slime","floor":15,"turns":3},{"damage":71,"enemies":"IC_STATUS_ARCHETYPE","floor":16,"turns":6},{"damage":25,"enemies":"downfall:FleeingMerchant","floor":20,"turns":4},{"damage":6,"enemies":"Shell Parasite","floor":21,"turns":5},{"damage":3,"enemies":"3 Byrds","floor":22,"turns":4},{"damage":27,"enemies":"Centurion and Healer","floor":23,"turns":7},{"damage":55,"enemies":"downfall:FleeingMerchant","floor":25,"turns":5},{"damage":46,"enemies":"Chosen and Byrds","floor":26,"turns":4},{"damage":70,"enemies":"Gremlin Leader","floor":28,"turns":6},{"damage":52,"enemies":"Snecko","floor":29,"turns":5},{"damage":35,"enemies":"Shelled Parasite and Fungi","floor":31,"turns":3},{"damage":20,"enemies":"3 Cultists","floor":32,"turns":3},{"damage":147,"enemies":"WA_ARCHETYPE_CALM","floor":33,"turns":9},{"damage":10,"enemies":"Orb Walker","floor":36,"turns":3},{"damage":56,"enemies":"downfall:FleeingMerchant","floor":37,"turns":5},{"damage":38,"enemies":"Giant Head","floor":44,"turns":4},{"damage":28,"enemies":"3 Shapes","floor":45,"turns":5},{"damage":56,"enemies":"Maw","floor":47,"turns":7},{"damage":48,"enemies":"Transient","floor":48,"turns":5},{"damage":44,"enemies":"3 Darklings","floor":49,"turns":5},{"damage":100,"enemies":"SI_POISON_ARCHETYPE","floor":50,"turns":6}],"seed_played":"-572758816745099117","potions_obtained":[{"floor":3,"key":"Explosive Potion"},{"floor":5,"key":"EssenceOfSteel"},{"floor":8,"key":"BlessingOfTheForge"},{"floor":11,"key":"Guardian:BlockOnCardUsePotion"},{"floor":16,"key":"sneckomod:MuddlingPotion"},{"floor":22,"key":"GamblersBrew"},{"floor":26,"key":"CultistPotion"},{"floor":28,"key":"Regen Potion"},{"floor":29,"key":"sneckomod:MuddlingPotion"},{"floor":33,"key":"EntropicBrew"},{"floor":44,"key":"bronze:BurnAndBuffPotion"},{"floor":45,"key":"Dexterity Potion"},{"floor":47,"key":"sneckomod:MuddlingPotion"},{"floor":49,"key":"champ:UltimateStancePotion"}],"is_trial":false,"path_per_floor":["R","M","M","M","M","M","T","M","?","T","M","M","R","?","M","B",null,"R","?","$","M","M","M","T","$","M","R","E","M","R","M","M","B",null,"R","M","$","?","?","R","T","R","?","E","M","$","M","M","M","B",null],"character_chosen":"THE_CHAMP","items_purchased":["OrangePellets","Shuriken","champ:FlashCut","PreservedInsect","champ:RecklessLeap","champ:DancingMaster","champ:GladiatorsBookOfMartialProwess","champ:SkillfulDodge","Lee\u0027s Waffle","SteroidPotion"],"campfire_rested":1,"item_purchase_floors":[20,20,20,20,25,25,37,37,46,46],"current_hp_per_floor":[99,99,99,99,94,81,81,81,81,81,78,78,78,78,78,57,99,99,99,99,93,90,83,83,83,77,77,52,55,84,84,84,22,99,109,109,98,103,103,103,103,103,93,80,69,121,105,79,42,44],"gold":94,"neow_bonus":"TEN_PERCENT_HP_BONUS","is_daily":false,"chose_seed":false,"campfire_upgraded":6,"win_rate":0.0,"timestamp":1613089478,"path_taken":["R","M","M","M","M","M","T","M","?","?","M","M","R","?","M","BOSS","R","?","$","M","M","M","T","?","M","R","E","?","R","M","M","BOSS","R","M","$","?","?","R","T","R","?","E","M","$","M","M","M","BOSS"],"items_purchased_type":["Relic","Relic","Card","Relic","Card","Card","Relic","Card","Relic","Potion"],"build_version":"2020-12-18","purchased_purges":1,"victory":true,"max_hp_per_floor":[99,99,99,99,99,99,99,99,99,99,99,99,99,99,99,99,99,99,99,99,99,99,99,99,99,99,99,99,99,99,99,99,99,99,109,109,109,114,114,114,114,114,114,114,114,121,121,121,121,121],"card_choices":[{"not_picked":["champ:Backstep","champ:AdrenalArmor"],"picked":"champ:ArenaPreparation","floor":2},{"not_picked":["champ:TornadoPunch","champ:CrownThrow"],"picked":"champ:StanceDance","floor":3},{"not_picked":["champ:AdrenalArmor","champ:Parry"],"picked":"champ:ArenaPreparation","floor":4},{"not_picked":["champ:PerfectedStrike","champ:Haymaker"],"picked":"champ:CheapShot","floor":5},{"not_picked":["champ:TornadoPunch","champ:RapidStrikes"],"picked":"champ:FlashCut","floor":6},{"not_picked":["champ:GutPunch","champ:Haymaker"],"picked":"champ:BerserkersShout","floor":8},{"not_picked":["champ:DefensiveShout","champ:EnGarde"],"picked":"champ:ShieldWall","floor":11},{"not_picked":["champ:SetATrap","champ:CrownThrow"],"picked":"champ:Haymaker","floor":12},{"not_picked":["champ:EnGarde","champ:Parry"],"picked":"champ:BringItOn","floor":15},{"not_picked":["champ:SwordThrow","champ:StrikeOfGenius"],"picked":"champ:HoldFirm","floor":16},{"not_picked":["champ:PerfectedStrike","champ:CrownThrow","champ:TornadoPunch"],"picked":"SKIP","floor":20},{"not_picked":["champ:AdrenalArmor","champ:DeathBlow"],"picked":"champ:Circumvent+1","floor":21},{"not_picked":["champ:BladeFlurry","champ:FocusedDefense"],"picked":"champ:FocusedBerserking+1","floor":22},{"not_picked":["champ:CrownThrow","champ:RapidStrikes"],"picked":"champ:DeathBlow","floor":23},{"not_picked":["champ:FanOfKnives+1","champ:CrownThrow"],"picked":"champ:CrookedStrike+1","floor":25},{"not_picked":["champ:PerfectedStrike+1","champ:Haymaker"],"picked":"champ:FancyFootwork+1","floor":26},{"not_picked":["champ:CrookedStrike","champ:FanOfKnives"],"picked":"champ:ShieldThrow","floor":28},{"not_picked":["champ:DefensiveShout","champ:AdrenalArmor","champ:RecklessLeap"],"picked":"SKIP","floor":29},{"not_picked":["champ:FocusedBerserking","champ:AdrenalArmor","champ:FlashCut"],"picked":"SKIP","floor":31},{"not_picked":["champ:TornadoPunch","champ:Circumvent"],"picked":"champ:ShieldWall+1","floor":32},{"not_picked":["champ:HeavySlash","champ:UltimateStance"],"picked":"champ:GladiatorForm","floor":33},{"not_picked":["champ:EnGarde+1","champ:DefensiveShout"],"picked":"champ:BringItOn+1","floor":36},{"not_picked":["champ:DefensiveShout+1","champ:DeathBlow"],"picked":"champ:HeartStrike+1","floor":37},{"not_picked":["expansioncontent:PolyBeam","expansioncontent:Chronoboost"],"picked":"expansioncontent:AwakenDeath","floor":43},{"not_picked":["expansioncontent:Hexaburn","expansioncontent:InvincibleStrength"],"picked":"expansioncontent:PolyBeam","floor":43},{"not_picked":["expansioncontent:PrepareCrush","expansioncontent:Chronoboost"],"picked":"expansioncontent:PolyBeam","floor":43},{"not_picked":["champ:Encircle","champ:DeathBlow","champ:AdrenalArmor+1"],"picked":"SKIP","floor":44},{"not_picked":["champ:BringItOn+1","champ:IgnorePain"],"picked":"champ:StanceDance+1","floor":45},{"not_picked":["champ:PerfectedStrike+1","champ:StanceDance+1"],"picked":"champ:GladiatorStyle+1","floor":47},{"not_picked":["champ:DefensiveShout","champ:Shatter+1","champ:FancyFootwork+1"],"picked":"SKIP","floor":48},{"not_picked":["champ:GutPunch","champ:RapidStrikes+1","champ:DefensiveShout+1"],"picked":"SKIP","floor":49}],"player_experience":714789,"relics_obtained":[{"floor":7,"key":"StoneCalendar"},{"floor":10,"key":"Letter Opener"},{"floor":28,"key":"Mummified Hand"},{"floor":38,"key":"Art of War"},{"floor":38,"key":"Mercury Hourglass"},{"floor":38,"key":"Pocketwatch"},{"floor":41,"key":"CeramicFish"},{"floor":44,"key":"Lizard Tail"},{"floor":44,"key":"Blood Vial"}],"event_choices":[],"is_beta":true,"boss_relics":[{"not_picked":["Pandora\u0027s Box","Snecko Eye"],"picked":"Astrolabe"},{"not_picked":["SacredBark","Fusion Hammer"],"picked":"Black Star"}],"items_purged_floors":[20],"is_endless":false,"potions_floor_spawned":[3,5,8,11,16,22,26,28,29,33,44,45,47,49],"ascension_level":0}}