{"host":"clf2hd4adhiiw0zf","time":1613169450,"event":{"mods":["AchievementEnabler","BaseMod","Beaked The Cultist","Bestiary","Dark Map","Downfall","Gremlin Mod","Hermit","Jorbs\u0027s Wanderer Trilogy","Marisa????????","Minty Spire (QoL Compilation)","Shop Mod","StSLib","The Cursed","The Servant 0.9.4","Wide Potions"],"gold_per_floor":[99,109,109,124,124,163,175,187,226,253,292,204,232,254,286,402,414,326,338,362,56,56,156,202,31,48,64,64,89,101,133,145,145,145,145],"floor_reached":33,"language":"ENG","playtime":2070,"items_purged":[],"score":522,"play_id":"f7404b02-6996-4c4d-bf8a-c7c0ecc5cadd","local_time":"20210212153730","is_ascension_mode":true,"campfire_choices":[{"data":"champ:ShieldThrow","floor":1,"key":"SMITH"},{"floor":12,"key":"RECALL"},{"data":"champ:EnchantShield","floor":18,"key":"SMITH"},{"data":"champ:GladiatorForm","floor":28,"key":"SMITH"}],"circlet_count":0,"master_deck":["champ:Strike","champ:Strike","champ:Strike","champ:Strike","champ:Defend","champ:Defend","champ:Defend","champ:Defend","champ:Execute","champ:Taunt","Regret","champ:ShieldThrow+1","champ:GutPunch","CurseOfTheBell","CurseOfTheBell","champ:FlashCut","champ:EnchantSword","champ:DefensiveStyle","champ:IronFortress","champ:ShieldThrow","champ:FlashCut","champ:AdrenalArmor","champ:EnGarde","champ:EnchantShield+1","champ:ShieldSigil","champ:PerfectedStrike","Normality","champ:GladiatorForm+1","champ:RapidStrikes","champ:PreemptiveStrike","champ:BringItOn","champ:TornadoPunch","champ:PerfectedStrike","champ:StanceDance+1"],"relics":["champ:ChampionCrown","downfall:ExtraCursedBell","champ:FightingForDummies","Pear","Thread and Needle","MawBank","MealTicket","Blue Candle","champ:LiftRelic","Happy Flower","Mercury Hourglass","downfall:HeartBlessingGreen","Cursed Key","downfall:HeartBlessingRed","OrangePellets","downfall:RedIOU","Membership Card","Smiling Mask","Bottled Lightning"],"acts_visited":["Exordium","TheCity"],"potions_floor_usage":[16,29,33,33,33,33],"damage_taken":[{"damage":10,"enemies":"2 Louse","floor":2,"turns":2},{"damage":12,"enemies":"Small Slimes","floor":4,"turns":3},{"damage":50,"enemies":"Lagavulin","floor":6,"turns":9},{"damage":40,"enemies":"Gremlin Nob","floor":9,"turns":5},{"damage":10,"enemies":"Jaw Worm","floor":10,"turns":2},{"damage":13,"enemies":"Lagavulin","floor":11,"turns":7},{"damage":0,"enemies":"2 Fungi Beasts","floor":13,"turns":3},{"damage":0,"enemies":"Exordium Wildlife","floor":14,"turns":2},{"damage":1,"enemies":"Blue Slaver","floor":15,"turns":2},{"damage":26,"enemies":"SI_SHIV_ARCHETYPE","floor":16,"turns":7},{"damage":11,"enemies":"Shell Parasite","floor":20,"turns":5},{"damage":23,"enemies":"downfall:FleeingMerchant","floor":21,"turns":4},{"damage":12,"enemies":"downfall:FleeingMerchant","floor":25,"turns":4},{"damage":1,"enemies":"Chosen","floor":26,"turns":3},{"damage":0,"enemies":"Snake Plant","floor":27,"turns":3},{"damage":31,"enemies":"Gremlin Leader","floor":29,"turns":6},{"damage":10,"enemies":"Centurion and Healer","floor":30,"turns":4},{"damage":26,"enemies":"Book of Stabbing","floor":31,"turns":5},{"damage":25,"enemies":"3 Cultists","floor":32,"turns":4},{"damage":52,"enemies":"WA_ARCHETYPE_CALM","floor":33,"turns":5}],"seed_played":"2710017098679703198","potions_obtained":[{"floor":4,"key":"bronze:BurnAndBuffPotion"},{"floor":6,"key":"Ancient Potion"},{"floor":10,"key":"champ:TechniquePotion"},{"floor":13,"key":"ColorlessPotion"},{"floor":26,"key":"champ:TechniquePotion"},{"floor":27,"key":"SkillPotion"},{"floor":29,"key":"EssenceOfSteel"},{"floor":32,"key":"SneckoOil"}],"is_trial":false,"path_per_floor":["R","M","?","M","?","E","T","?","E","M","E","R","M","M","M","B",null,"R","?","M","$","?","?","T","$","M","M","R","E","M","E","M","B"],"character_chosen":"THE_CHAMP","items_purchased":["Potion Belt","OrangePellets","Membership Card"],"campfire_rested":0,"item_purchase_floors":[21,21,25],"current_hp_per_floor":[81,81,91,89,89,59,59,59,29,29,26,26,26,26,25,24,81,81,61,60,72,72,72,72,85,84,84,84,63,63,47,22,0,0,0],"gold":145,"neow_bonus":"THREE_RARE_CARDS","is_daily":false,"chose_seed":false,"campfire_upgraded":3,"win_rate":0.0,"timestamp":1613169450,"path_taken":["R","M","?","M","?","E","T","?","E","M","E","R","M","?","M","BOSS","R","?","M","$","?","?","T","?","M","M","R","E","?","E","M","BOSS"],"items_purchased_type":["Relic","Relic","Relic"],"build_version":"2020-12-22","purchased_purges":0,"victory":false,"max_hp_per_floor":[90,90,100,100,100,100,100,100,100,100,100,100,100,100,100,100,100,100,105,105,105,105,105,105,105,105,105,105,105,105,105,105,105,105,105],"card_choices":[{"not_picked":["champ:VampiricStrike","champ:Improvising"],"picked":"champ:ShieldThrow","floor":0},{"not_picked":["champ:FlashCut","champ:CrookedStrike"],"picked":"champ:GutPunch","floor":2},{"not_picked":["champ:BladeFlurry","champ:StrikeOfGenius"],"picked":"champ:FlashCut","floor":4},{"not_picked":["champ:RageSigil","champ:BerserkersShout"],"picked":"champ:EnchantSword","floor":6},{"not_picked":["champ:Devastate","champ:EndlessRage"],"picked":"champ:DefensiveStyle","floor":9},{"not_picked":["champ:Shatter","champ:Encircle"],"picked":"champ:IronFortress","floor":10},{"not_picked":["champ:ShieldSigil","champ:FalseCounter"],"picked":"champ:ShieldThrow","floor":11},{"not_picked":["champ:EndlessRage","champ:RageSigil"],"picked":"champ:FlashCut","floor":13},{"not_picked":["champ:FanOfKnives","champ:FlashCut"],"picked":"champ:AdrenalArmor","floor":14},{"not_picked":["champ:DefensiveShout","champ:IronFortress"],"picked":"champ:EnGarde","floor":15},{"not_picked":["champ:SwordThrow","champ:LastStand"],"picked":"champ:EnchantShield","floor":16},{"not_picked":["champ:EnGarde","champ:BringItOn"],"picked":"champ:ShieldSigil","floor":20},{"not_picked":["champ:FanOfKnives+1","champ:SwordSigil"],"picked":"champ:PerfectedStrike","floor":21},{"not_picked":["champ:PreciseThrust","champ:ShieldSigil"],"picked":"champ:GladiatorForm","floor":25},{"not_picked":["champ:Encircle","champ:FocusedBerserking"],"picked":"champ:RapidStrikes","floor":26},{"not_picked":["champ:SkillfulDodge+1","champ:EnragedBash+1"],"picked":"champ:PreemptiveStrike","floor":27},{"not_picked":["champ:FancyFootwork","champ:AdrenalArmor"],"picked":"champ:BringItOn","floor":29},{"not_picked":["champ:Encircle+1","champ:Backstep"],"picked":"champ:TornadoPunch","floor":30},{"not_picked":["champ:GutPunch","champ:Circumvent"],"picked":"champ:PerfectedStrike","floor":31},{"not_picked":["champ:Haymaker","champ:TornadoPunch"],"picked":"champ:StanceDance+1","floor":32}],"player_experience":248524,"relics_obtained":[{"floor":3,"key":"champ:FightingForDummies"},{"floor":3,"key":"Pear"},{"floor":3,"key":"Thread and Needle"},{"floor":6,"key":"MealTicket"},{"floor":7,"key":"Blue Candle"},{"floor":9,"key":"Happy Flower"},{"floor":11,"key":"Mercury Hourglass"},{"floor":29,"key":"Smiling Mask"},{"floor":31,"key":"Bottled Lightning"}],"event_choices":[],"is_beta":false,"boss_relics":[{"not_picked":["SacredBark","Tiny House"],"picked":"Cursed Key"}],"items_purged_floors":[],"is_endless":false,"potions_floor_spawned":[4,6,10,13,15,26,27,29,32],"killed_by":"WA_ARCHETYPE_CALM","ascension_level":6}}