{"host":"czzthkrvfe6r7fjf","time":1613140046,"event":{"mods":["ATMod(∞¢Ë™Mod)","Act Like it!","BaseMod","Downfall","GungeonMod","Marisa£®ÏF”Í°°ƒß¿Ì…≥£©","Minty Spire (QoL Compilation)","Quick Restart","StSLib","The Servant 0.9.4","Waifu the Spire","°æπ¶ƒ‹Mod°øªÏ„Á÷Æª∑–ﬁ∏¥≤π∂°"],"gold_per_floor":[117,117,117,137,137,175,187,235,319,331,369,381,414,504,516,659,671,697,146,71,90,106,146,162,162,233,233,273,372,386,526,526,752,752,777,777,777,1110,77,212,230,360,387,387,387,399,399,37,37,237],"floor_reached":51,"language":"ZHS","playtime":1221,"items_purged":["EnergyFlow","Strike_MRS","Defend_MRS"],"score":1513,"play_id":"82539e59-cbbe-47af-99e3-8a0a53d42c8a","local_time":"20210212222726","is_ascension_mode":true,"campfire_choices":[{"data":"AT_EmpoweredMortalDraw","floor":7.0,"key":"SMITH"},{"floor":10.0,"key":"REST"},{"data":"MilkyWay","floor":15.0,"key":"SMITH"},{"data":"PropBag","floor":25.0,"key":"SMITH"},{"data":"SporeBomb","floor":32.0,"key":"SMITH"},{"data":"Acceleration","floor":44.0,"key":"SMITH"},{"data":"MasterSpark","floor":47.0,"key":"SMITH"},{"data":"Thinking Ahead","floor":49,"key":"SMITH"}],"circlet_count":0,"master_deck":["Strike_MRS","Strike_MRS","Defend_MRS","Defend_MRS+1","Defend_MRS","MasterSpark+1","UpSweep","AT_EmpoweredMortalDraw+1","AT_DivineConfetti+1","MilkyWay+1","Acceleration+1","WitchLeyline+1","PropBag+1","SporeBomb+1","Thinking Ahead+1"],"relics":["AT_ATBox","AT_MortalBlade","Orichalcum","MawBank","Toy Ornithopter","AT_GuinsooRageblade","DemoMod:Metronome","AT_LudenTempest","AT_ImmortalShieldbow","AT_TrinityForce","DemoMod:PartiallyEatenCheese","Medical Kit","Tiny Chest","DemoMod:ChaffGrenade","DemoMod:GlassGuonStoneRelic","AT_TheCollector","Blood Vial","Busted Crown","The Courier","DemoMod:BlueGuonStone","Pantograph","Nunchaku","Anchor","AT_SilvercatRing","AT_SunfireAegis","MealTicket","Ginger","Vajra","Centennial Puzzle"],"acts_visited":["Exordium","TheCity","TheBeyond"],"potions_floor_usage":[50,50],"damage_taken":[{"damage":0.0,"enemies":"Small Slimes","floor":1.0,"turns":1.0},{"damage":0.0,"enemies":"2 Louse","floor":4.0,"turns":2.0},{"damage":4.0,"enemies":"Gremlin Nob","floor":6.0,"turns":2.0},{"damage":4.0,"enemies":"Lagavulin","floor":8.0,"turns":4.0},{"damage":0.0,"enemies":"Jaw Worm","floor":13.0,"turns":1.0},{"damage":18.0,"enemies":"Hexaghost","floor":16.0,"turns":4.0},{"damage":0.0,"enemies":"2 Thieves","floor":18.0,"turns":1.0},{"damage":6.0,"enemies":"3 Byrds","floor":21.0,"turns":3.0},{"damage":0.0,"enemies":"Snake Plant","floor":22.0,"turns":1.0},{"damage":10.0,"enemies":"Gremlin Leader","floor":23.0,"turns":4.0},{"damage":7.0,"enemies":"Chosen and Byrds","floor":24.0,"turns":2.0},{"damage":5.0,"enemies":"Slavers","floor":28.0,"turns":3.0},{"damage":0.0,"enemies":"3 Cultists","floor":30.0,"turns":1.0},{"damage":3.0,"enemies":"Book of Stabbing","floor":31.0,"turns":3.0},{"damage":4.0,"enemies":"Collector","floor":33.0,"turns":4.0},{"damage":0.0,"enemies":"Orb Walker","floor":35.0,"turns":1.0},{"damage":0.0,"enemies":"Reptomancer","floor":40.0,"turns":2.0},{"damage":0.0,"enemies":"3 Shapes","floor":41.0,"turns":1.0},{"damage":0.0,"enemies":"Nemesis","floor":42.0,"turns":2.0},{"damage":0.0,"enemies":"Writhing Mass","floor":46.0,"turns":2.0},{"damage":0,"enemies":"Donu and Deca","floor":50,"turns":3}],"seed_played":"-975287615871680339","potions_obtained":[{"floor":4.0,"key":"LiquidBronze"},{"floor":8.0,"key":"Weak Potion"},{"floor":13.0,"key":"LiquidMemories"},{"floor":16.0,"key":"SteroidPotion"},{"floor":23.0,"key":"Ancient Potion"},{"floor":28.0,"key":"Fire Potion"},{"floor":31.0,"key":"Fire Potion"},{"floor":33.0,"key":"LiquidMemories"},{"floor":40.0,"key":"PowerPotion"},{"floor":41.0,"key":"DemoMod:BlankPotion"}],"is_trial":false,"path_per_floor":["M","?","?","M","?","E","R","E","T","R","T","?","M","T","R","B",null,"M","$","?","M","M","E","M","R","T","?","E","?","M","E","R","B",null,"M","?","T","?","$","E","M","E","T","R","?","M","R","$","R","B",null],"character_chosen":"MARISA","items_purchased":["DemoMod:PartiallyEatenCheese","Medical Kit","Swift Potion","DemoMod:BlueGuonStone","Pantograph","Nunchaku","Anchor","AT_SilvercatRing","AT_SunfireAegis","Centennial Puzzle","Thinking Ahead"],"campfire_rested":1,"item_purchase_floors":[19,19,19,39,39,39,39,39,39,48,48],"current_hp_per_floor":[68,50,35,35,35,31,31,27,27,49,49,37,37,37,37,24,62,62,62,62,56,56,51,44,44,44,69,69,69,69,66,66,69,74,75,75,75,75,75,75,75,75,75,75,75,75,75,75,75,75],"gold":237,"neow_bonus":"BOSS_RELIC","is_daily":false,"chose_seed":false,"campfire_upgraded":7,"win_rate":0.0,"timestamp":1613140046,"path_taken":["M","?","?","M","?","E","R","E","T","R","?","?","?","?","R","BOSS","M","$","?","M","M","E","M","R","T","?","E","?","M","E","R","BOSS","M","?","?","?","$","E","M","E","T","R","?","?","R","$","R","BOSS"],"items_purchased_type":["Relic","Relic","Potion","Relic","Relic","Relic","Relic","Relic","Relic","Relic","Card"],"build_version":"2020-12-22","purchased_purges":3,"victory":true,"max_hp_per_floor":[75,75,75,75,75,75,75,75,75,75,75,75,75,75,75,75,75,75,75,75,75,75,75,75,75,75,75,75,75,75,75,75,75,75,75,75,75,75,75,75,75,75,75,75,75,75,75,75,75,75],"card_choices":[{"not_picked":["NonDirectionalLaser","GrandCross"],"picked":"MilkyWay","floor":1.0},{"not_picked":["ChargingUp","MilkyWay"],"picked":"EnergyFlow","floor":4.0},{"not_picked":["AbsoluteMagnitude","AsteroidBelt","OneTimeOff"],"picked":"SKIP","floor":6.0},{"not_picked":["ShootingEcho","EnergyRecoil"],"picked":"Acceleration","floor":8.0},{"not_picked":["EarthLightRay","DC"],"picked":"WitchLeyline","floor":13.0},{"not_picked":["AsteroidBelt","MeteoricShower+1","DoubleSpark"],"picked":"SKIP","floor":18.0},{"not_picked":["DoubleSpark","MagicAbsorber+1"],"picked":"PropBag","floor":21.0},{"not_picked":["MagicChant","NonDirectionalLaser","ShootingEcho"],"picked":"SKIP","floor":22.0},{"not_picked":["Acceleration","EscapeVelocity"],"picked":"SporeBomb","floor":23.0},{"not_picked":["WitchLeyline+1","MysteriousBeam","DC"],"picked":"SKIP","floor":24.0},{"not_picked":["GalacticHalo","SporeBomb+1","GravityBeat+1"],"picked":"SKIP","floor":28.0},{"not_picked":["MillisecondPulsars","BlazeAway+1","MilkyWay"],"picked":"SKIP","floor":30.0},{"not_picked":["SatelliteIllusion","EnergyRecoil","PowerUp"],"picked":"SKIP","floor":31.0},{"not_picked":["Singularity"],"picked":"SKIP","floor":35.0},{"not_picked":["GalacticHalo"],"picked":"SKIP","floor":40.0},{"not_picked":["DarkMatter+1"],"picked":"SKIP","floor":41.0},{"not_picked":["MagicChant"],"picked":"SKIP","floor":42.0},{"not_picked":["6A+1"],"picked":"SKIP","floor":46.0}],"player_experience":217342,"relics_obtained":[{"floor":6.0,"key":"MawBank"},{"floor":8.0,"key":"Toy Ornithopter"},{"floor":9.0,"key":"AT_GuinsooRageblade"},{"floor":11.0,"key":"DemoMod:Metronome"},{"floor":14.0,"key":"AT_ImmortalShieldbow"},{"floor":23.0,"key":"Tiny Chest"},{"floor":26.0,"key":"DemoMod:ChaffGrenade"},{"floor":28.0,"key":"AT_TheCollector"},{"floor":31.0,"key":"Blood Vial"},{"floor":37.0,"key":"The Courier"},{"floor":40.0,"key":"MealTicket"},{"floor":42.0,"key":"Ginger"},{"floor":43.0,"key":"Vajra"}],"event_choices":[{"damage_healed":0.0,"max_hp_gain":0.0,"max_hp_loss":0.0,"gold_gain":0.0,"event_name":"Golden Idol","player_choice":"Take Damage","floor":2.0,"gold_loss":0.0,"damage_taken":18.0,"relics_obtained":["Golden Idol"]},{"damage_healed":0.0,"max_hp_gain":0.0,"max_hp_loss":0.0,"gold_gain":0.0,"event_name":"Shining Light","player_choice":"Entered Light","floor":3.0,"gold_loss":0.0,"damage_taken":15.0,"cards_upgraded":["Defend_MRS","AT_DivineConfetti"]},{"damage_healed":0.0,"max_hp_gain":0.0,"max_hp_loss":0.0,"gold_gain":0.0,"event_name":"Big Fish","player_choice":"Box","floor":5.0,"gold_loss":0.0,"damage_taken":0.0,"relics_obtained":["Orichalcum"],"cards_obtained":["Regret"]},{"damage_healed":0.0,"max_hp_gain":0.0,"max_hp_loss":0.0,"gold_gain":0.0,"event_name":"Scrap Ooze","player_choice":"Success","floor":12.0,"gold_loss":0.0,"damage_taken":12.0,"relics_obtained":["AT_LudenTempest"]},{"cards_removed":["Strike_MRS"],"damage_healed":0.0,"max_hp_gain":0.0,"max_hp_loss":0.0,"gold_gain":0.0,"event_name":"Beggar","player_choice":"Gave Gold","floor":20.0,"gold_loss":75.0,"damage_taken":0.0},{"damage_healed":25.0,"max_hp_gain":0.0,"max_hp_loss":0.0,"gold_gain":0.0,"event_name":"The Library","player_choice":"Heal","floor":27.0,"gold_loss":0.0,"damage_taken":0.0},{"damage_healed":0.0,"max_hp_gain":0.0,"max_hp_loss":0.0,"gold_gain":99.0,"event_name":"Nest","player_choice":"Stole From Cult","floor":29.0,"gold_loss":0.0,"damage_taken":0.0},{"cards_removed":["Regret"],"damage_healed":0.0,"max_hp_gain":0.0,"max_hp_loss":0.0,"gold_gain":0.0,"event_name":"Purifier","player_choice":"Purged","floor":36.0,"gold_loss":0.0,"damage_taken":0.0},{"damage_healed":0.0,"max_hp_gain":0.0,"max_hp_loss":0.0,"gold_gain":333.0,"event_name":"The Moai Head","player_choice":"Gave Idol","floor":38.0,"relics_lost":["Golden Idol"],"gold_loss":0.0,"damage_taken":0.0},{"damage_healed":0.0,"max_hp_gain":0.0,"max_hp_loss":0.0,"gold_gain":0.0,"event_name":"Lab","player_choice":"Got Potions","floor":45.0,"gold_loss":0.0,"damage_taken":0.0}],"is_beta":false,"boss_relics":[{"not_picked":["Empty Cage","Coffee Dripper"],"picked":"AT_TrinityForce"},{"not_picked":["Black Star","SacredBark"],"picked":"Busted Crown"}],"items_purged_floors":[19,39,48],"is_endless":false,"potions_floor_spawned":[4,8,13,16,18,23,28,31,33,40,41,46],"ascension_level":7}}