{"host":"fkig9nrckec4xsh0","time":1613100401,"event":{"mods":["Act Like it!","BaseMod","Colored Map","Gensokyo","Hermit","Marisa????????","Minty Spire (QoL Compilation)","Quick Restart","Replay The Spire","StSLib"],"gold_per_floor":[109,259,259,222,222,222,262,19,19,98,98,98],"floor_reached":11,"language":"ENG","playtime":375,"items_purged":["Strike_G","ReplayTheSpireMod:Restless Dread"],"score":117,"play_id":"24608cad-e419-49f2-8b85-fc1f743dd333","local_time":"20210211222641","is_ascension_mode":true,"campfire_choices":[{"data":"Discovery","floor":6,"key":"SMITH"}],"circlet_count":0,"master_deck":["AscendersBane","Strike_G","Strike_G","Strike_G","Strike_G","Defend_G","Defend_G","Defend_G","Defend_G","Defend_G","Survivor","Neutralize","Corpse Explosion","Backflip","Poisoned Stab","Discovery+1","Draining Mist","Discovery+1","Bouncing Flask"],"relics":["Ring of the Snake","ReplayTheSpireMod:CursedCoin","Golden Idol","Tiny Chest","DollysMirror","Replay:Baseball","Blue Candle"],"acts_visited":["Exordium"],"potions_floor_usage":[],"damage_taken":[{"damage":0,"enemies":"Small Slimes","floor":1,"turns":3},{"damage":19,"enemies":"3 Sentries","floor":7,"turns":6},{"damage":10,"enemies":"3 Sentries","floor":10,"turns":2},{"damage":8,"enemies":"Lagavulin","floor":11,"turns":2}],"seed_played":"-5181445305787612393","potions_obtained":[{"floor":7,"key":"Poison Potion"}],"is_trial":false,"path_per_floor":["M","?","?","$","?","R","E","$","T","?","E"],"character_chosen":"THE_SILENT","items_purchased":["ReplayTheSpireMod:CursedCoin","Poisoned Stab","Discovery","DollysMirror"],"campfire_rested":0,"item_purchase_floors":[4,4,4,8],"current_hp_per_floor":[59,59,52,52,31,31,12,12,12,2,0,0],"gold":98,"neow_bonus":"THREE_RARE_CARDS","is_daily":false,"chose_seed":false,"campfire_upgraded":1,"win_rate":0.0,"timestamp":1613100401,"path_taken":["M","?","?","$","?","R","E","$","T","?","E"],"items_purchased_type":["Relic","Card","Card","Relic"],"build_version":"2020-12-22","purchased_purges":2,"victory":false,"max_hp_per_floor":[60,60,60,60,60,60,60,60,60,60,60,60],"card_choices":[{"not_picked":["Storm of Steel","Envenom"],"picked":"Corpse Explosion","floor":0},{"not_picked":["Sucker Punch","Outmaneuver"],"picked":"Backflip","floor":1},{"not_picked":["Prepared","Bane"],"picked":"Draining Mist","floor":7},{"not_picked":["Blur","Well Laid Plans"],"picked":"Bouncing Flask","floor":10}],"player_experience":423614,"relics_obtained":[{"floor":7,"key":"Tiny Chest"},{"floor":9,"key":"Replay:Baseball"},{"floor":10,"key":"Blue Candle"}],"event_choices":[{"damage_healed":0,"gold_gain":150,"player_choice":"AGREE","damage_taken":0,"max_hp_gain":0,"max_hp_loss":0,"event_name":"Liars Game","floor":2,"gold_loss":0,"cards_obtained":["Doubt"]},{"cards_removed":["Doubt"],"damage_healed":0,"gold_gain":0,"player_choice":"Card Removal","damage_taken":7,"max_hp_gain":0,"max_hp_loss":0,"event_name":"Golden Wing","floor":3,"gold_loss":0},{"damage_healed":0,"gold_gain":0,"player_choice":"Take Damage","damage_taken":21,"relics_obtained":["Golden Idol"],"max_hp_gain":0,"max_hp_loss":0,"event_name":"Golden Idol","floor":5,"gold_loss":0},{"damage_healed":0,"gold_gain":0,"player_choice":"Searched \u00271\u0027 times","damage_taken":0,"max_hp_gain":0,"max_hp_loss":0,"event_name":"Dead Adventurer","floor":10,"gold_loss":0}],"is_beta":false,"boss_relics":[],"items_purged_floors":[4,8],"is_endless":false,"potions_floor_spawned":[7],"killed_by":"Lagavulin","ascension_level":15}}