{"host":"lx933ja015x1ub68","time":1613115029,"event":{"mods":["AchievementEnabler","BaseMod","Better Match","Better Third Choice","BetterRewards","Colored Map","Exacting","FTL Soundtrack","Minty Spire (QoL Compilation)","Shop Mod","StSLib"],"gold_per_floor":[129,404,419,44,44,74,74,89,164,14,14,44,59,74,74,174,174,189,204,204,219,234,234,249,249,249,249,249],"floor_reached":27,"language":"ENG","playtime":2755,"items_purged":[],"score":217,"play_id":"09f58236-7e1d-49fd-a0c9-8ec018ebfdda","local_time":"20210212183029","daily_mods":["Chimera","Purple Cards","DeadlyEvents"],"is_ascension_mode":false,"campfire_choices":[{"floor":7.0,"key":"REST"},{"floor":11.0,"key":"REST"},{"floor":15.0,"key":"REST"},{"floor":23,"key":"REST"},{"data":"Distraction","floor":25,"key":"SMITH"}],"circlet_count":0,"master_deck":["Bash","Survivor+1","Zap","Strike_R","Strike_G+1","Strike_B","Defend_R","Defend_G","Defend_P","Quick Slash","Endless Agony","DeceiveReality","Blade Dance","Perseverance","PathToVictory","Corpse Explosion","Distraction","ReachHeaven","RitualDagger","All Out Attack","Distraction+1","Bouncing Flask+1"],"relics":["Ring of the Snake","Lantern","Happy Flower","Unceasing Top","Sundial","Akabeko","Empty Cage","Frozen Egg 2"],"acts_visited":["Exordium","TheCity"],"potions_floor_usage":[22],"damage_taken":[{"damage":2.0,"enemies":"Small Slimes","floor":1.0,"turns":3.0},{"damage":0.0,"enemies":"Cultist","floor":3.0,"turns":2.0},{"damage":40.0,"enemies":"Lagavulin","floor":6.0,"turns":7.0},{"damage":0.0,"enemies":"2 Louse","floor":8.0,"turns":2.0},{"damage":5.0,"enemies":"Exordium Wildlife","floor":12.0,"turns":2.0},{"damage":0.0,"enemies":"3 Louse","floor":13.0,"turns":2.0},{"damage":4.0,"enemies":"Blue Slaver","floor":14.0,"turns":2.0},{"damage":40.0,"enemies":"Hexaghost","floor":16.0,"turns":12.0},{"damage":1.0,"enemies":"Shell Parasite","floor":18.0,"turns":7.0},{"damage":0.0,"enemies":"Chosen","floor":19.0,"turns":5.0},{"damage":12.0,"enemies":"Centurion and Healer","floor":21.0,"turns":5.0},{"damage":23,"enemies":"Snake Plant","floor":22,"turns":5},{"damage":0,"enemies":"3 Cultists","floor":24,"turns":2},{"damage":59,"enemies":"Slavers","floor":27,"turns":4}],"seed_played":"-8399458303924539785","potions_obtained":[{"floor":3.0,"key":"EssenceOfSteel"},{"floor":8.0,"key":"GamblersBrew"},{"floor":8.0,"key":"Explosive Potion"},{"floor":12.0,"key":"Explosive Potion"},{"floor":16.0,"key":"SpeedPotion"}],"is_trial":false,"path_per_floor":["M","?","M","$","?","E","R","M","T","$","R","M","M","M","R","B",null,"M","M","?","M","M","R","M","R","T","E"],"character_chosen":"THE_SILENT","items_purchased":["Lantern","Happy Flower","DistilledChaos","Akabeko"],"campfire_rested":4,"item_purchase_floors":[4,4,4,10],"current_hp_per_floor":[68,68,68,68,54,14,35,35,35,35,56,51,51,47,68,28,70,69,69,63,51,28,49,49,49,49,0,0],"gold":249,"neow_bonus":"","is_daily":true,"chose_seed":false,"campfire_upgraded":1,"win_rate":0.0,"timestamp":1613115029,"path_taken":["M","?","M","?","?","E","R","M","T","$","R","M","M","M","R","BOSS","M","M","?","M","M","R","M","R","T","E"],"items_purchased_type":["Relic","Relic","Potion","Relic"],"build_version":"2020-12-22","purchased_purges":0,"victory":false,"max_hp_per_floor":[70,70,70,70,70,70,70,70,70,70,70,70,70,70,70,70,70,70,70,70,70,70,70,70,70,70,70,70],"card_choices":[{"not_picked":["PiercingWail","Outmaneuver"],"picked":"Quick Slash","floor":1.0},{"not_picked":["Collect","CrushJoints","CutThroughFate"],"picked":"SKIP","floor":3.0},{"not_picked":["Skewer","Flying Knee"],"picked":"Endless Agony","floor":6.0},{"not_picked":["EmptyMind","Accuracy"],"picked":"DeceiveReality","floor":8.0},{"not_picked":["CrushJoints","BattleHymn"],"picked":"Blade Dance","floor":12.0},{"not_picked":["CutThroughFate","Halt"],"picked":"Perseverance","floor":13.0},{"not_picked":["Acrobatics","Halt"],"picked":"PathToVictory","floor":14.0},{"not_picked":["Venomology","Glass Knife"],"picked":"Corpse Explosion","floor":16.0},{"not_picked":["Underhanded Strike","CrushJoints"],"picked":"Distraction","floor":18.0},{"not_picked":["Quick Slash","EmptyMind"],"picked":"ReachHeaven","floor":19.0},{"not_picked":["ThirdEye","SashWhip+1"],"picked":"All Out Attack","floor":21.0},{"not_picked":["SashWhip+1","Dagger Spray"],"picked":"Distraction","floor":22},{"not_picked":["Dagger Throw","LikeWater+1"],"picked":"Bouncing Flask+1","floor":24}],"player_experience":60044,"relics_obtained":[{"floor":6.0,"key":"Unceasing Top"},{"floor":9.0,"key":"Sundial"},{"floor":26,"key":"Frozen Egg 2"}],"event_choices":[{"damage_healed":0.0,"max_hp_gain":0.0,"max_hp_loss":0.0,"gold_gain":275.0,"event_name":"Golden Shrine","player_choice":"Desecrate","floor":2.0,"gold_loss":0.0,"damage_taken":0.0,"cards_obtained":["Regret"]},{"damage_healed":68.0,"max_hp_gain":0.0,"max_hp_loss":70.0,"gold_gain":0.0,"event_name":"betterThird:BetterShining","player_choice":"Upgrade","floor":5.0,"gold_loss":0.0,"damage_taken":14.0,"cards_upgraded":["Survivor","Strike_G"]},{"damage_healed":0.0,"max_hp_gain":0.0,"max_hp_loss":0.0,"gold_gain":0.0,"event_name":"betterThird:BetterNest","player_choice":"Dagger","floor":20.0,"gold_loss":0.0,"damage_taken":6.0,"cards_obtained":["RitualDagger"]}],"is_beta":false,"boss_relics":[{"not_picked":["Philosopher\u0027s Stone","Black Star"],"picked":"Empty Cage"}],"items_purged_floors":[],"is_endless":false,"potions_floor_spawned":[3,8,16,18],"killed_by":"Slavers","ascension_level":0}}