{"host":"yg1n0qads92lo9wl","time":1613105561,"event":{"mods":["BaseMod","Downfall","Luminous","Minty Spire (QoL Compilation)","StSLib","Warlord Emblem"],"gold_per_floor":[99,116,116,291,291,291,291,302,302,321,321,16,28,66,77,184,184,184,204,14,14,14,14,40,58,15,15,40,40,40,40,65,65,65,65],"floor_reached":33,"language":"ZHS","playtime":4003,"items_purged":["Regret"],"score":270,"play_id":"16003206-b337-4cd4-94bd-5ac0ad19ac16","local_time":"20210212125241","is_ascension_mode":true,"campfire_choices":[{"data":"hexamod:Float","floor":1.0,"key":"SMITH"},{"data":"hexamod:Again","floor":9.0,"key":"SMITH"},{"floor":11.0,"key":"REST"},{"data":"hexamod:HexaLevel","floor":18.0,"key":"SMITH"},{"floor":23.0,"key":"REST"},{"data":"hexamod:CatchUp","floor":27.0,"key":"SMITH"},{"floor":29.0,"key":"REST"}],"circlet_count":0,"master_deck":["hexamod:Strike","hexamod:Strike","hexamod:Strike","hexamod:Defend","hexamod:Defend","hexamod:Defend","hexamod:Sear","hexamod:Float+1","hexamod:Again+1","Doubt","hexamod:SecondSeal","hexamod:FlamesFromBeyond","hexamod:HexaLevel+1","hexamod:AdvancingGuard","hexamod:ApocalypticArmor","hexamod:InspiringFlames","hexamod:UnlimitedPower","hexamod:ChargedBarrage+1","hexamod:FourthSeal","hexamod:CatchUp+1","hexamod:FastForward+1","hexamod:StepThrough","hexamod:RadiantFlame+1"],"relics":["hexamod:SpiritBrand","hexamod:SoulConsumer","Bird Faced Urn","Orichalcum","Matryoshka","Bottled Tornado","Regal Pillow","hexamod:IceCube","Nunchaku","Anchor"],"acts_visited":["Exordium","TheCity"],"potions_floor_usage":[33],"damage_taken":[{"damage":3.0,"enemies":"Jaw Worm","floor":2.0,"turns":4.0},{"damage":5.0,"enemies":"2 Louse","floor":8.0,"turns":3.0},{"damage":2.0,"enemies":"Small Slimes","floor":10.0,"turns":3.0},{"damage":2.0,"enemies":"downfall:FleeingMerchant","floor":12.0,"turns":4.0},{"damage":36.0,"enemies":"Exordium Wildlife","floor":13.0,"turns":7.0},{"damage":23.0,"enemies":"Lagavulin","floor":14.0,"turns":9.0},{"damage":7.0,"enemies":"2 Fungi Beasts","floor":15.0,"turns":5.0},{"damage":15.0,"enemies":"SI_SHIV_ARCHETYPE","floor":16.0,"turns":11.0},{"damage":52.0,"enemies":"Chosen","floor":19.0,"turns":9.0},{"damage":6.0,"enemies":"downfall:FleeingMerchant","floor":20.0,"turns":4.0},{"damage":0.0,"enemies":"Spheric Guardian","floor":22.0,"turns":2.0},{"damage":14.0,"enemies":"Centurion and Healer","floor":25.0,"turns":11.0},{"damage":10.0,"enemies":"downfall:FleeingMerchant","floor":26.0,"turns":4.0},{"damage":20.0,"enemies":"Cultist and Chosen","floor":28.0,"turns":8.0},{"damage":50,"enemies":"3 Cultists","floor":32,"turns":6},{"damage":30,"enemies":"DF_ARCHETYPE_CLAW","floor":33,"turns":3}],"seed_played":"7208763645723529476","potions_obtained":[{"floor":13.0,"key":"Fire Potion"},{"floor":14.0,"key":"Block Potion"},{"floor":16.0,"key":"Fire Potion"},{"floor":19.0,"key":"SmokeBomb"},{"floor":25.0,"key":"SkillPotion"},{"floor":26.0,"key":"Weak Potion"},{"floor":28.0,"key":"Energy Potion"},{"floor":32,"key":"Strength Potion"},{"floor":32,"key":"SmokeBomb"}],"is_trial":false,"path_per_floor":["R","M","?","?","?","?","T","M","R","M","R","$","M","E","M","B",null,"R","M","$","?","M","R","T","M","$","R","M","R","?","?","M","B"],"character_chosen":"THE_SPIRIT","items_purchased":["Bottled Tornado","hexamod:AdvancingGuard","hexamod:FourthSeal","hexamod:CatchUp","hexamod:StepThrough"],"campfire_rested":3,"item_purchase_floors":[12,12,20,20,26],"current_hp_per_floor":[63,63,63,63,63,38,38,33,33,37,55,59,29,14,15,10,63,63,17,19,11,17,50,50,48,48,48,40,63,63,63,23,0,0,0],"gold":65,"neow_bonus":"ONE_RARE_RELIC","is_daily":false,"chose_seed":false,"campfire_upgraded":4,"win_rate":0.0,"timestamp":1613105561,"path_taken":["R","M","?","?","?","?","T","M","R","M","R","$","M","E","M","BOSS","R","M","$","?","M","R","T","?","$","R","M","R","?","?","M","BOSS"],"items_purchased_type":["Relic","Card","Card","Card","Card"],"build_version":"2020-12-22","purchased_purges":1,"victory":false,"max_hp_per_floor":[63,63,63,63,63,63,63,63,63,63,63,63,63,63,63,63,63,63,63,63,63,63,63,63,63,63,63,63,63,63,63,63,63,63,63],"card_choices":[{"not_picked":["hexamod:BurningTouch","hexamod:SwordOfDarkness"],"picked":"hexamod:Again","floor":2.0},{"not_picked":["hexamod:ThermalTransfer","hexamod:HauntingEcho"],"picked":"hexamod:SecondSeal","floor":8.0},{"not_picked":["hexamod:ThermalTransfer","hexamod:SuperheatedStrike"],"picked":"hexamod:FlamesFromBeyond","floor":10.0},{"not_picked":["hexamod:SpectersWail","hexamod:CatchUp"],"picked":"hexamod:HexaLevel","floor":12.0},{"not_picked":["hexamod:SuperheatedStrike","hexamod:FlamesFromBeyond","hexamod:SpectersWail"],"picked":"SKIP","floor":13.0},{"not_picked":["hexamod:GhostLash","hexamod:RadiantFlame"],"picked":"hexamod:ApocalypticArmor","floor":14.0},{"not_picked":["hexamod:BurningTouch","hexamod:HeatMetal"],"picked":"hexamod:InspiringFlames","floor":15.0},{"not_picked":["hexamod:VolcanoVisage","hexamod:SearingWound"],"picked":"hexamod:UnlimitedPower","floor":16.0},{"not_picked":["hexamod:NightmareGuise+1","hexamod:BurningTouch"],"picked":"hexamod:ChargedBarrage","floor":19.0},{"not_picked":["hexamod:ThermalTransfer","hexamod:InspiringFlames","hexamod:SpectersWail+1"],"picked":"SKIP","floor":20.0},{"not_picked":["hexamod:NightmareStrike","hexamod:Firestarter+1","hexamod:AdvancingGuard"],"picked":"SKIP","floor":25.0},{"not_picked":["hexamod:ThirdSeal","hexamod:AdvancingGuard+1"],"picked":"hexamod:FastForward+1","floor":26.0},{"not_picked":["hexamod:CatchUp+1","hexamod:HeatCrush"],"picked":"hexamod:RadiantFlame+1","floor":28.0},{"not_picked":["hexamod:SuperheatedStrike","hexamod:ThermalTransfer+1","hexamod:NecessarySacrifice"],"picked":"SKIP","floor":32}],"player_experience":487842,"relics_obtained":[{"floor":7.0,"key":"Matryoshka"},{"floor":14.0,"key":"Regal Pillow"},{"floor":24.0,"key":"Nunchaku"},{"floor":24.0,"key":"Anchor"}],"event_choices":[{"damage_healed":0.0,"max_hp_gain":0.0,"max_hp_loss":0.0,"gold_gain":0.0,"event_name":"Big Fish","player_choice":"Box","floor":3.0,"gold_loss":0.0,"damage_taken":0.0,"relics_obtained":["Bird Faced Urn"],"cards_obtained":["Regret"]},{"damage_healed":0.0,"max_hp_gain":0.0,"max_hp_loss":0.0,"gold_gain":0.0,"event_name":"Scrap Ooze","player_choice":"Success","floor":6.0,"gold_loss":0.0,"damage_taken":25.0,"relics_obtained":["Orichalcum"]}],"is_beta":false,"boss_relics":[{"not_picked":["Calling Bell","Cursed Key"],"picked":"hexamod:IceCube"}],"items_purged_floors":[20],"is_endless":false,"potions_floor_spawned":[13,14,16,19,22,32],"killed_by":"DF_ARCHETYPE_CLAW","ascension_level":2}}