{"host":"f6w7z8zvb0mi4wy9","time":1613155996,"event":{"mods":["BaseMod","Colored Map","Minty Spire (QoL Compilation)","READ ME - Guardian Mod","StSLib","SuperFastMode","The Jungle"],"gold_per_floor":[112,132,132,132,57,90,105,140,140,166,166,178,178,194,194,289,289,306,405,420,420,239,271,271,282,282,311,329,339,264,264,264,359,359,378,57,70,70,85,110,110,127,202,227,240,240,270,287,287,287,287,287,95,121,121,121],"floor_reached":55,"language":"KOR","playtime":1681,"items_purged":["Pain","Strike_B","Strike_B"],"score":910,"play_id":"7b201e37-4658-404f-bf06-f3c704d53556","local_time":"20210213035316","is_ascension_mode":true,"campfire_choices":[{"data":"Dualcast","floor":11.0,"key":"SMITH"},{"data":"Go for the Eyes","floor":13.0,"key":"SMITH"},{"floor":15.0,"key":"RECALL"},{"data":"Coolheaded","floor":24,"key":"SMITH"},{"floor":32,"key":"REST"},{"data":"Deep Breath","floor":41,"key":"SMITH"},{"data":"Beam Cell","floor":46,"key":"SMITH"},{"data":"Defragment","floor":49,"key":"SMITH"},{"data":"Panache","floor":52,"key":"SMITH"}],"circlet_count":0,"master_deck":["Strike_B","Defend_B","Defend_B","Defend_B","Defend_B","Zap+1","Dualcast+1","Gash","Coolheaded+1","FTL","Go for the Eyes+1","All For One","Reboot","Scrape+1","Chill","Gash","Capacitor+1","Beam Cell+1","Scrape","Go for the Eyes","Chill","Deep Breath+1","Bandage Up","Panache+1","Redo+1","Defragment+1","Defragment+1","FTL"],"relics":["Cracked Core","Shuriken","WarpedTongs","Incense Burner","Bottled Lightning","Calipers","Pear","Nuclear Battery","Mercury Hourglass","Ginger","Inserter","Letter Opener","Darkstone Periapt","Toxic Egg 2","Centennial Puzzle","Nunchaku","Eternal Feather"],"acts_visited":["Exordium","TheCity","TheBeyond","TheEnding"],"potions_floor_usage":[23,55,55,55],"damage_taken":[{"damage":0.0,"enemies":"2 Louse","floor":1.0,"turns":2.0},{"damage":2.0,"enemies":"Small Slimes","floor":2.0,"turns":3.0},{"damage":25.0,"enemies":"Gremlin Nob","floor":6.0,"turns":4.0},{"damage":0.0,"enemies":"Cultist","floor":7.0,"turns":3.0},{"damage":3.0,"enemies":"3 Sentries","floor":8.0,"turns":6.0},{"damage":0.0,"enemies":"Lagavulin","floor":10.0,"turns":4.0},{"damage":4.0,"enemies":"Large Slime","floor":12.0,"turns":2.0},{"damage":0.0,"enemies":"2 Fungi Beasts","floor":14.0,"turns":2.0},{"damage":2.0,"enemies":"Hexaghost","floor":16.0,"turns":7.0},{"damage":16,"enemies":"2 Thieves","floor":18,"turns":3},{"damage":0,"enemies":"Spheric Guardian","floor":20,"turns":2},{"damage":2,"enemies":"Book of Stabbing","floor":23,"turns":3},{"damage":9,"enemies":"Shelled Parasite and Fungi","floor":25,"turns":3},{"damage":0,"enemies":"Slavers","floor":27,"turns":4},{"damage":16,"enemies":"Centurion and Healer","floor":28,"turns":3},{"damage":14,"enemies":"Snake Plant","floor":29,"turns":2},{"damage":6,"enemies":"Collector","floor":33,"turns":6},{"damage":5,"enemies":"3 Darklings","floor":35,"turns":2},{"damage":0,"enemies":"3 Shapes","floor":37,"turns":5},{"damage":11,"enemies":"3 Darklings","floor":39,"turns":3},{"damage":11,"enemies":"Nemesis","floor":40,"turns":5},{"damage":0,"enemies":"Jaw Worm Horde","floor":42,"turns":2},{"damage":2,"enemies":"Reptomancer","floor":44,"turns":4},{"damage":0,"enemies":"Sphere and 2 Shapes","floor":45,"turns":2},{"damage":0,"enemies":"Giant Head","floor":47,"turns":4},{"damage":0,"enemies":"Spire Growth","floor":48,"turns":3},{"damage":20,"enemies":"Donu and Deca","floor":50,"turns":6},{"damage":23,"enemies":"Shield and Spear","floor":54,"turns":3},{"damage":69,"enemies":"The Heart","floor":55,"turns":3}],"seed_played":"4063287101744202890","potions_obtained":[{"floor":1.0,"key":"SkillPotion"},{"floor":6.0,"key":"SteroidPotion"},{"floor":8.0,"key":"Explosive Potion"},{"floor":12.0,"key":"Explosive Potion"},{"floor":16.0,"key":"Regen Potion"},{"floor":20,"key":"ColorlessPotion"},{"floor":23,"key":"EssenceOfSteel"},{"floor":27,"key":"Dexterity Potion"},{"floor":35,"key":"Strength Potion"},{"floor":45,"key":"Dexterity Potion"}],"is_trial":false,"path_per_floor":["M","M","?","?","$","E","M","E","T","E","R","M","R","M","R","B",null,"M","?","M","?","$","E","R","M","T","E","M","M","?","?","R","B",null,"M","$","M","?","M","E","R","M","T","E","M","R","E","M","R","B",null,"R","$","E","B"],"character_chosen":"DEFECT","items_purchased":["Chill","Scrape","Go for the Eyes","Chill","Nunchaku","FTL"],"campfire_rested":1,"item_purchase_floors":[22,36,36,36,53,53],"current_hp_per_floor":[75,73,66,66,66,41,41,38,38,48,48,44,44,44,44,42,85,69,69,69,69,69,67,67,58,58,58,42,28,28,28,53,47,85,80,80,80,70,59,52,52,58,58,60,64,64,68,68,68,52,85,85,85,68,0,0],"gold":121,"neow_bonus":"UPGRADE_CARD","is_daily":false,"chose_seed":false,"campfire_upgraded":7,"win_rate":0.0,"timestamp":1613155996,"path_taken":["M","M","?","?","$","E","M","E","T","E","R","M","R","?","R","BOSS","M","?","M","?","$","E","R","?","T","E","M","M","?","?","R","BOSS","M","$","M","?","M","E","R","M","T","E","M","R","E","M","R","BOSS","R","$","E","BOSS"],"items_purchased_type":["Card","Card","Card","Card","Relic","Card"],"build_version":"2020-12-22","purchased_purges":3,"victory":false,"max_hp_per_floor":[75,75,75,75,75,75,75,75,75,85,85,85,85,85,85,85,85,85,85,85,85,85,85,85,85,85,85,85,85,85,85,85,85,85,85,85,85,85,85,85,85,85,85,85,85,85,85,85,85,85,85,85,85,85,85,85],"card_choices":[{"not_picked":["Melter","Auto Shields"],"picked":"Gash","floor":1.0},{"not_picked":["Barrage","Reinforced Body"],"picked":"Coolheaded","floor":2.0},{"not_picked":["Electrodynamics","Conserve Battery"],"picked":"FTL","floor":6.0},{"not_picked":["Coolheaded","Ball Lightning"],"picked":"Go for the Eyes","floor":7.0},{"not_picked":["Coolheaded","Sweeping Beam"],"picked":"All For One","floor":8.0},{"not_picked":["Leap","Turbo","Compile Driver"],"picked":"SKIP","floor":10.0},{"not_picked":["Aggregate","Hello World","Double Energy"],"picked":"SKIP","floor":12.0},{"not_picked":["Sweeping Beam","Stack","Coolheaded"],"picked":"SKIP","floor":14.0},{"not_picked":["Buffer","Multi-Cast"],"picked":"Reboot","floor":16.0},{"not_picked":["Turbo+1","Rip and Tear"],"picked":"Scrape+1","floor":18},{"not_picked":["Rip and Tear+1","Cold Snap","Fusion"],"picked":"SKIP","floor":20},{"not_picked":["Aggregate","Double Energy","Recycle"],"picked":"SKIP","floor":23},{"not_picked":["Ball Lightning","Loop"],"picked":"Gash","floor":25},{"not_picked":["Doom and Gloom","Lockon","Thunder Strike"],"picked":"SKIP","floor":27},{"not_picked":["Coolheaded","Stack","Tempest"],"picked":"SKIP","floor":28},{"not_picked":["Sweeping Beam","Genetic Algorithm"],"picked":"Capacitor+1","floor":29},{"not_picked":["Barrage","Rebound"],"picked":"Beam Cell","floor":35},{"not_picked":["Rebound+1","Cold Snap","Rip and Tear+1"],"picked":"SKIP","floor":37},{"not_picked":["Magnetism","PanicButton"],"picked":"Deep Breath","floor":38},{"not_picked":["Transmutation","PanicButton"],"picked":"Bandage Up","floor":38},{"not_picked":["Transmutation","Discovery"],"picked":"Panache","floor":38},{"not_picked":["Hello World","Coolheaded+1","Streamline"],"picked":"SKIP","floor":39},{"not_picked":["Electrodynamics","Doom and Gloom","Glacier+1"],"picked":"SKIP","floor":40},{"not_picked":["Stack+1","White Noise"],"picked":"Redo+1","floor":42},{"not_picked":["Recycle+1","Tempest+1"],"picked":"Defragment+1","floor":44},{"not_picked":["Sweeping Beam+1","Stack+1","Coolheaded+1"],"picked":"SKIP","floor":45},{"not_picked":["Consume+1","Redo+1"],"picked":"Defragment","floor":47},{"not_picked":["Sweeping Beam+1","Hello World","Ball Lightning+1"],"picked":"SKIP","floor":48},{"not_picked":["Compile Driver+1","Rebound+1","Reprogram+1"],"picked":"SKIP","floor":54}],"player_experience":933803,"relics_obtained":[{"floor":6.0,"key":"Incense Burner"},{"floor":8.0,"key":"Bottled Lightning"},{"floor":9.0,"key":"Calipers"},{"floor":10.0,"key":"Pear"},{"floor":23,"key":"Mercury Hourglass"},{"floor":27,"key":"Ginger"},{"floor":40,"key":"Letter Opener"},{"floor":43,"key":"Darkstone Periapt"},{"floor":44,"key":"Toxic Egg 2"},{"floor":47,"key":"Centennial Puzzle"},{"floor":54,"key":"Eternal Feather"}],"event_choices":[{"damage_healed":0.0,"max_hp_gain":0.0,"max_hp_loss":0.0,"gold_gain":0.0,"event_name":"Scrap Ooze","player_choice":"Success","floor":3.0,"gold_loss":0.0,"damage_taken":7.0,"relics_obtained":["Shuriken"]},{"damage_healed":0.0,"max_hp_gain":0.0,"max_hp_loss":0.0,"gold_gain":0.0,"event_name":"Accursed Blacksmith","player_choice":"Rummage","floor":4.0,"gold_loss":0.0,"damage_taken":0.0,"relics_obtained":["WarpedTongs"],"cards_obtained":["Pain"]},{"damage_healed":0,"gold_gain":99,"player_choice":"Stole From Cult","damage_taken":0,"max_hp_gain":0,"max_hp_loss":0,"event_name":"Nest","floor":19,"gold_loss":0},{"damage_healed":0,"gold_gain":0,"player_choice":"Bought 0 Potions","damage_taken":0,"max_hp_gain":0,"max_hp_loss":0,"event_name":"The Woman in Blue","floor":21,"gold_loss":0},{"cards_removed":["Strike_B"],"damage_healed":0,"gold_gain":0,"player_choice":"Gave Gold","damage_taken":0,"max_hp_gain":0,"max_hp_loss":0,"event_name":"Beggar","floor":30,"gold_loss":75},{"damage_healed":0,"gold_gain":0,"player_choice":"Ignored","damage_taken":0,"max_hp_gain":0,"max_hp_loss":0,"event_name":"Ghosts","floor":31,"gold_loss":0},{"damage_healed":0,"gold_gain":0,"player_choice":"Memory 3","damage_taken":10,"max_hp_gain":0,"max_hp_loss":0,"event_name":"SensoryStone","floor":38,"gold_loss":0}],"is_beta":false,"boss_relics":[{"not_picked":["Pandora\u0027s Box","Ectoplasm"],"picked":"Nuclear Battery"},{"not_picked":["Snecko Eye","Empty Cage"],"picked":"Inserter"}],"items_purged_floors":[5,22,36],"is_endless":false,"potions_floor_spawned":[1,6,8,12,16,20,23,27,33,35,39,45,48,54],"killed_by":"The Heart","ascension_level":1}}