{"host":"6eswuwtz6j8isipc","time":1613141293,"event":{"mods":["Astrologer","BaseMod","Better Third Choice","BetterRewards","Colored Map","Conspire","Hero for Fun","Hubris","Infinite Spire","Lobotomy","Minty Spire (QoL Compilation)","Permanent Neow","Reliquary","Replay The Spire","Spicy Shops","StSLib","The Animator"],"gold_per_floor":[113,51,64,64,82,82,82,82],"floor_reached":7,"language":"ENG","playtime":41035,"items_purged":[],"score":49,"play_id":"1f78be1d-536b-41ae-afb6-e0637fdb5a61","local_time":"20210212094813","is_ascension_mode":true,"campfire_choices":[{"data":"ReplayTheSpireMod:Dual Polarity","floor":6,"key":"SMITH"}],"circlet_count":0,"master_deck":["Strike_B","Strike_B","Strike_B","Strike_B","Defend_B","Defend_B","Defend_B","Defend_B","Zap","Dualcast","Echo Form","Coolheaded","ReplayTheSpireMod:Dual Polarity+1","ReplayTheSpireMod:GoodbyeWorld"],"relics":["Cracked Core","reliquary:TuningFork"],"acts_visited":["Exordium"],"potions_floor_usage":[],"damage_taken":[{"damage":12,"enemies":"Jaw Worm","floor":1,"turns":4},{"damage":6,"enemies":"Cultist","floor":3,"turns":4},{"damage":2,"enemies":"2 Louse","floor":5,"turns":2},{"damage":57,"enemies":"Gremlin Nob","floor":7,"turns":4}],"seed_played":"-607074945046740782","potions_obtained":[{"floor":3,"key":"FearPotion"}],"is_trial":false,"path_per_floor":["M","?","M","$","M","R","E"],"character_chosen":"DEFECT","items_purchased":[],"campfire_rested":0,"item_purchase_floors":[],"current_hp_per_floor":[56,56,50,50,48,48,0,0],"gold":82,"neow_bonus":"THREE_RARE_CARDS","is_daily":false,"chose_seed":false,"campfire_upgraded":1,"win_rate":0.0,"timestamp":1613141293,"path_taken":["M","?","M","?","M","R","E"],"items_purchased_type":[],"build_version":"2020-12-22","purchased_purges":0,"victory":false,"max_hp_per_floor":[68,68,68,68,68,68,68,68],"card_choices":[{"not_picked":["hubris:DoWhile","Buffer"],"picked":"Echo Form","floor":0},{"not_picked":["Stack","Redo"],"picked":"Coolheaded","floor":1},{"not_picked":["Undo","Panic Button"],"picked":"ReplayTheSpireMod:Dual Polarity","floor":3},{"not_picked":["Panic Button","Compile Driver"],"picked":"ReplayTheSpireMod:GoodbyeWorld","floor":5}],"player_experience":1312944,"relics_obtained":[],"event_choices":[{"damage_healed":0,"gold_gain":0,"player_choice":"Paid Gold","damage_taken":0,"relics_obtained":["reliquary:TuningFork"],"max_hp_gain":0,"max_hp_loss":0,"event_name":"WeMeetAgain","floor":2,"gold_loss":62}],"is_beta":false,"boss_relics":[],"items_purged_floors":[],"is_endless":false,"potions_floor_spawned":[3],"killed_by":"Gremlin Nob","ascension_level":4}}