{"host":"8vqkh0x3c7vpgzzm","time":1613172995,"event":{"mods":["AchievementEnabler","BaseMod","Colored Map","Colored Powertips","Curses Come First","DeckTracker","Highlight Path","Minty Spire (QoL Compilation)","Permanent Neow","Quick Restart","Random Character Mod","Rare Cards Sparkle","Relic Sorter","Relic Stats","StSLib","SuperFastMode","Unceasing Turn Reminder","egg","everything is the same but u backflip on backflip"],"gold_per_floor":[117,117,117,138,159,159,190,190,190,238,250,262,262],"floor_reached":12,"language":"ENG","playtime":380,"items_purged":[],"score":152,"play_id":"73e116dd-1991-4bb1-a7b5-7436267b4175","local_time":"20210213003635","is_ascension_mode":true,"campfire_choices":[{"data":"Bash","floor":6,"key":"SMITH"},{"floor":8,"key":"REST"},{"data":"Shrug It Off","floor":11,"key":"SMITH"}],"circlet_count":0,"master_deck":["AscendersBane","Strike_R","Strike_R","Strike_R","Strike_R","Defend_R","Defend_R","Defend_R","Defend_R","Bash+1","Fire Breathing","Shrug It Off+1","Spot Weakness","Seeing Red"],"relics":["Burning Blood","Gambling Chip","Golden Idol","Darkstone Periapt","Red Skull","MawBank"],"acts_visited":["Exordium"],"potions_floor_usage":[7],"damage_taken":[{"damage":5,"enemies":"Small Slimes","floor":1,"turns":5},{"damage":11,"enemies":"Jaw Worm","floor":4,"turns":5},{"damage":1,"enemies":"2 Louse","floor":5,"turns":5},{"damage":43,"enemies":"Lagavulin","floor":7,"turns":9},{"damage":36,"enemies":"Gremlin Nob","floor":12,"turns":3}],"seed_played":"-8510957460401955798","potions_obtained":[{"floor":5,"key":"Weak Potion"}],"is_trial":false,"path_per_floor":["M","?","?","M","M","R","E","R","T","T","R","E"],"character_chosen":"IRONCLAD","items_purchased":[],"campfire_rested":1,"item_purchase_floors":[],"current_hp_per_floor":[51,51,44,39,44,44,7,27,27,27,27,0,0],"gold":262,"neow_bonus":"ONE_RARE_RELIC","is_daily":false,"chose_seed":false,"campfire_upgraded":2,"win_rate":0.0,"timestamp":1613172995,"path_taken":["M","?","?","M","M","R","E","R","T","?","R","E"],"items_purchased_type":[],"build_version":"2020-12-22","purchased_purges":0,"victory":false,"max_hp_per_floor":[75,68,68,68,68,68,68,68,68,68,68,68,68],"relic_stats":{"Darkstone Periapt":0,"counters":[5,27],"Golden Idol":14,"Gambling Chip":[13],"MawBank":24,"obtain_stats":[{"Darkstone Periapt":7,"Golden Idol":2,"Gambling Chip":0,"MawBank":10,"Burning Blood":0,"Red Skull":9},{"Darkstone Periapt":4,"Golden Idol":1,"Gambling Chip":0,"MawBank":4,"Burning Blood":0,"Red Skull":4},{"Darkstone Periapt":24,"Golden Idol":5,"Gambling Chip":0,"MawBank":24,"Burning Blood":0,"Red Skull":24}],"Burning Blood":24},"card_choices":[{"not_picked":["Iron Wave","Warcry"],"picked":"Fire Breathing","floor":1},{"not_picked":["Twin Strike","Flame Barrier"],"picked":"Shrug It Off","floor":4},{"not_picked":["Twin Strike","Sword Boomerang"],"picked":"Spot Weakness","floor":5},{"not_picked":["Headbutt","Carnage"],"picked":"Seeing Red","floor":7}],"player_experience":533987,"relics_obtained":[{"floor":7,"key":"Darkstone Periapt"},{"floor":9,"key":"Red Skull"},{"floor":10,"key":"MawBank"}],"event_choices":[{"damage_healed":0,"gold_gain":0,"player_choice":"Lose Max HP","damage_taken":0,"relics_obtained":["Golden Idol"],"max_hp_gain":0,"max_hp_loss":7,"event_name":"Golden Idol","floor":2,"gold_loss":0},{"cards_removed":["Strike_R"],"damage_healed":0,"gold_gain":0,"player_choice":"Card Removal","damage_taken":7,"max_hp_gain":0,"max_hp_loss":0,"event_name":"Golden Wing","floor":3,"gold_loss":0}],"is_beta":false,"boss_relics":[],"items_purged_floors":[],"is_endless":false,"potions_floor_spawned":[5],"killed_by":"Gremlin Nob","ascension_level":20}}