{"host":"cykg0g4pphyxjwkn","time":1613163357,"event":{"mods":["AchievementEnabler","BaseMod","Bestiary","Colored Map","Colored Powertips","Curses Come First","Highlight Path","Minty Spire (QoL Compilation)","Relic Stats","StSLib","SuperFastMode"],"gold_per_floor":[117,117,132,146,146,146,189,189,266,289,325,325,343,356,356,484,484,503,603,626,626,650,650,650,250,250,78,118,118,134,168,168,296,296,319,299,319,335,353,384,384,403,430,449,483,498,498,498,498,498],"floor_reached":51,"language":"ENG","playtime":2504,"items_purged":["Strike_B","Strike_B"],"score":784,"play_id":"adf93e04-83c9-4bf9-83c6-42f40025d0c7","local_time":"20210212155557","is_ascension_mode":false,"campfire_choices":[{"data":"Sweeping Beam","floor":6.0,"key":"SMITH"},{"data":"Machine Learning","floor":8.0,"key":"SMITH"},{"floor":12.0,"key":"REST"},{"data":"Doom and Gloom","floor":15.0,"key":"SMITH"},{"data":"Biased Cognition","floor":23.0,"key":"SMITH"},{"data":"Buffer","floor":32.0,"key":"SMITH"},{"floor":41,"key":"REST"},{"floor":49,"key":"REST"}],"circlet_count":0,"master_deck":["Strike_B","Strike_B","Defend_B","Defend_B","Defend_B","Defend_B","Zap","Dualcast","Streamline","Cold Snap","Sweeping Beam+1","Machine Learning+1","Glacier","Doom and Gloom+1","Go for the Eyes","Biased Cognition+1","Conserve Battery+1","Darkness+1","Defragment","Redo","Loop","Buffer+1","Force Field+1","Melter","Amplify+1","Machine Learning","Self Repair+1","Redo+1","Chill+1","Turbo+1"],"relics":["Cracked Core","Orichalcum","Golden Idol","Du-Vu Doll","Gremlin Horn","Potion Belt","Philosopher\u0027s Stone","Blood Vial","Meat on the Bone","Shuriken","Toxic Egg 2","Fusion Hammer","Vajra","MealTicket","Smiling Mask"],"acts_visited":["Exordium","TheCity","TheBeyond"],"potions_floor_usage":[38,50,50],"damage_taken":[{"damage":2.0,"enemies":"2 Louse","floor":1.0,"turns":3.0},{"damage":5.0,"enemies":"Jaw Worm","floor":3.0,"turns":3.0},{"damage":0.0,"enemies":"Cultist","floor":4.0,"turns":3.0},{"damage":18.0,"enemies":"Gremlin Nob","floor":7.0,"turns":4.0},{"damage":7.0,"enemies":"Blue Slaver","floor":10.0,"turns":3.0},{"damage":13.0,"enemies":"Lagavulin","floor":11.0,"turns":8.0},{"damage":3.0,"enemies":"3 Louse","floor":13.0,"turns":2.0},{"damage":0.0,"enemies":"Looter","floor":14.0,"turns":4.0},{"damage":6.0,"enemies":"Slime Boss","floor":16.0,"turns":9.0},{"damage":14.0,"enemies":"2 Thieves","floor":18.0,"turns":3.0},{"damage":2.0,"enemies":"Chosen","floor":20.0,"turns":6.0},{"damage":12.0,"enemies":"Snecko","floor":22.0,"turns":5.0},{"damage":6.0,"enemies":"Gremlin Leader","floor":28.0,"turns":6.0},{"damage":10.0,"enemies":"Centurion and Healer","floor":30.0,"turns":6.0},{"damage":30.0,"enemies":"Slavers","floor":31.0,"turns":4.0},{"damage":29.0,"enemies":"Champ","floor":33.0,"turns":14.0},{"damage":20.0,"enemies":"3 Darklings","floor":35.0,"turns":6.0},{"damage":27.0,"enemies":"3 Shapes","floor":37.0,"turns":5.0},{"damage":17,"enemies":"Jaw Worm Horde","floor":38,"turns":3},{"damage":7,"enemies":"Spire Growth","floor":39,"turns":6},{"damage":3,"enemies":"Nemesis","floor":40,"turns":7},{"damage":7,"enemies":"Sphere and 2 Shapes","floor":42,"turns":4},{"damage":29,"enemies":"Writhing Mass","floor":44,"turns":7},{"damage":16,"enemies":"Reptomancer","floor":45,"turns":6},{"damage":11,"enemies":"Transient","floor":46,"turns":5},{"damage":88,"enemies":"Donu and Deca","floor":50,"turns":10}],"seed_played":"6412037415395103051","potions_obtained":[{"floor":11.0,"key":"CultistPotion"},{"floor":13.0,"key":"Energy Potion"},{"floor":18.0,"key":"Regen Potion"},{"floor":20.0,"key":"Fire Potion"},{"floor":33.0,"key":"FairyPotion"},{"floor":35.0,"key":"FocusPotion"},{"floor":36.0,"key":"FairyPotion"},{"floor":37.0,"key":"Block Potion"},{"floor":38,"key":"GamblersBrew"},{"floor":45,"key":"ColorlessPotion"}],"is_trial":false,"path_per_floor":["M","?","M","M","?","R","E","R","T","M","E","R","M","M","R","B",null,"M","?","M","?","M","R","?","$","T","$","E","?","M","E","R","B",null,"M","?","M","M","M","E","R","M","T","M","E","M","?","?","R","B",null],"character_chosen":"DEFECT","items_purchased":["Blood Vial","FairyPotion","Redo","Loop","Buffer"],"campfire_rested":3,"item_purchase_floors":[25,25,25,25,27],"current_hp_per_floor":[80,68,63,63,63,63,45,45,45,38,25,47,44,44,44,38,76,62,62,60,60,48,48,48,48,48,48,44,44,48,32,32,17,76,56,56,53,50,55,64,76,76,76,57,53,54,54,54,76,44],"gold":498,"neow_bonus":"TEN_PERCENT_HP_BONUS","is_daily":false,"chose_seed":false,"campfire_upgraded":5,"win_rate":0.0,"timestamp":1613163357,"path_taken":["M","?","M","M","?","R","E","R","T","M","E","R","M","M","R","BOSS","M","?","?","?","M","R","?","$","T","$","E","?","M","E","R","BOSS","M","?","?","M","M","E","R","M","T","M","E","M","?","?","R","BOSS"],"items_purchased_type":["Relic","Potion","Card","Card","Card"],"build_version":"2020-12-22","purchased_purges":2,"victory":true,"max_hp_per_floor":[82,82,82,82,76,76,76,76,76,76,76,76,76,76,76,76,76,76,76,76,76,76,76,76,76,76,76,76,76,76,76,76,76,76,76,76,76,76,76,76,76,76,76,76,76,76,76,76,76,76],"relic_stats":{"Blood Vial":20,"Gremlin Horn":[29,29],"counters":[26,142],"Golden Idol":177,"Shuriken":[11],"MealTicket":0,"Orichalcum":[198],"Smiling Mask":0,"obtain_stats":[{"Potion Belt":11,"Gremlin Horn":9,"Golden Idol":5,"Vajra":40,"Orichalcum":2,"Smiling Mask":45,"Du-Vu Doll":7,"Blood Vial":25,"Shuriken":28,"Philosopher\u0027s Stone":17,"MealTicket":43,"Fusion Hammer":34,"Toxic Egg 2":31,"Cracked Core":0,"Meat on the Bone":26},{"Potion Belt":6,"Gremlin Horn":4,"Golden Idol":3,"Vajra":21,"Orichalcum":1,"Smiling Mask":24,"Du-Vu Doll":4,"Blood Vial":12,"Shuriken":13,"Philosopher\u0027s Stone":9,"MealTicket":22,"Fusion Hammer":16,"Toxic Egg 2":15,"Cracked Core":0,"Meat on the Bone":12},{"Potion Belt":24,"Gremlin Horn":13,"Golden Idol":9,"Vajra":110,"Orichalcum":3,"Smiling Mask":127,"Du-Vu Doll":13,"Blood Vial":53,"Shuriken":59,"Philosopher\u0027s Stone":39,"MealTicket":114,"Fusion Hammer":83,"Toxic Egg 2":69,"Cracked Core":0,"Meat on the Bone":53}],"Meat on the Bone":72},"card_choices":[{"not_picked":["Hologram","Gash"],"picked":"Streamline","floor":1.0},{"not_picked":["Turbo","Gash"],"picked":"Cold Snap","floor":3.0},{"not_picked":["Streamline","Double Energy"],"picked":"Sweeping Beam","floor":4.0},{"not_picked":["Gash","Streamline"],"picked":"Machine Learning","floor":7.0},{"not_picked":["Reprogram","Compile Driver"],"picked":"Glacier","floor":10.0},{"not_picked":["Steam Power","Hologram","Rebound"],"picked":"SKIP","floor":11.0},{"not_picked":["Force Field","Glacier"],"picked":"Doom and Gloom","floor":13.0},{"not_picked":["Steam","Rebound"],"picked":"Go for the Eyes","floor":14.0},{"not_picked":["Thunder Strike","Buffer"],"picked":"Biased Cognition","floor":16.0},{"not_picked":["Steam","Barrage+1"],"picked":"Conserve Battery+1","floor":18.0},{"not_picked":["Steam","Chill"],"picked":"Darkness+1","floor":20.0},{"not_picked":["Ball Lightning","Beam Cell","Reprogram"],"picked":"SKIP","floor":22.0},{"not_picked":["Tempest","Gash+1"],"picked":"Force Field+1","floor":28.0},{"not_picked":["Steam","Leap"],"picked":"Melter","floor":30.0},{"not_picked":["Turbo+1","Barrage"],"picked":"Amplify+1","floor":31.0},{"not_picked":["Multi-Cast+1","Meteor Strike"],"picked":"Machine Learning","floor":33.0},{"not_picked":["Steam+1","Glacier+1"],"picked":"Self Repair+1","floor":35.0},{"not_picked":["Reprogram+1","Leap+1"],"picked":"Redo+1","floor":37.0},{"not_picked":["Hello World+1","Glacier+1"],"picked":"Chill+1","floor":38},{"not_picked":["Gash","Turbo+1","Barrage+1"],"picked":"SKIP","floor":39},{"not_picked":["Compile Driver+1","Ball Lightning+1","Undo+1"],"picked":"SKIP","floor":40},{"not_picked":["Conserve Battery+1","Hologram+1","Steam+1"],"picked":"SKIP","floor":42},{"not_picked":["Gash+1","Stack+1","Reprogram+1"],"picked":"SKIP","floor":44},{"not_picked":["Cold Snap","Compile Driver+1","Machine Learning"],"picked":"SKIP","floor":45},{"not_picked":["Go for the Eyes+1","Sweeping Beam"],"picked":"Turbo+1","floor":46}],"player_experience":45012,"relics_obtained":[{"floor":7.0,"key":"Du-Vu Doll"},{"floor":9.0,"key":"Gremlin Horn"},{"floor":11.0,"key":"Potion Belt"},{"floor":26.0,"key":"Meat on the Bone"},{"floor":28.0,"key":"Shuriken"},{"floor":31.0,"key":"Toxic Egg 2"},{"floor":40,"key":"Vajra"},{"floor":43,"key":"MealTicket"},{"floor":45,"key":"Smiling Mask"}],"event_choices":[{"damage_healed":0.0,"max_hp_gain":0.0,"max_hp_loss":0.0,"gold_gain":0.0,"event_name":"Scrap Ooze","player_choice":"Success","floor":2.0,"gold_loss":0.0,"damage_taken":12.0,"relics_obtained":["Orichalcum"]},{"damage_healed":0.0,"max_hp_gain":0.0,"max_hp_loss":6.0,"gold_gain":0.0,"event_name":"Golden Idol","player_choice":"Lose Max HP","floor":5.0,"gold_loss":0.0,"damage_taken":0.0,"relics_obtained":["Golden Idol"]},{"damage_healed":0.0,"max_hp_gain":0.0,"max_hp_loss":0.0,"gold_gain":100.0,"event_name":"Golden Shrine","player_choice":"Pray","floor":19.0,"gold_loss":0.0,"damage_taken":0.0},{"damage_healed":0.0,"max_hp_gain":0.0,"max_hp_loss":0.0,"gold_gain":0.0,"event_name":"Ghosts","player_choice":"Ignored","floor":21.0,"gold_loss":0.0,"damage_taken":0.0},{"damage_healed":0.0,"max_hp_gain":0.0,"max_hp_loss":0.0,"gold_gain":0.0,"event_name":"The Library","player_choice":"Read","floor":24.0,"gold_loss":0.0,"damage_taken":0.0,"cards_obtained":["Defragment"]},{"damage_healed":0.0,"max_hp_gain":0.0,"max_hp_loss":0.0,"gold_gain":0.0,"event_name":"Cursed Tome","player_choice":"Ignored","floor":29.0,"gold_loss":0.0,"damage_taken":0.0},{"damage_healed":0.0,"max_hp_gain":0.0,"max_hp_loss":0.0,"gold_gain":0.0,"event_name":"The Woman in Blue","player_choice":"Bought 1 Potion","floor":36.0,"gold_loss":0.0,"damage_taken":0.0},{"damage_healed":0,"gold_gain":0,"player_choice":"Memory 1","damage_taken":0,"max_hp_gain":0,"max_hp_loss":0,"event_name":"SensoryStone","floor":47,"gold_loss":0},{"damage_healed":0,"gold_gain":0,"player_choice":"0 cards matched","damage_taken":0,"max_hp_gain":0,"max_hp_loss":0,"event_name":"Match and Keep!","floor":48,"gold_loss":0,"cards_obtained":[]}],"is_beta":false,"boss_relics":[{"not_picked":["Empty Cage","Ectoplasm"],"picked":"Philosopher\u0027s Stone"},{"not_picked":["FrozenCore","Velvet Choker"],"picked":"Fusion Hammer"}],"items_purged_floors":[25,27],"is_endless":false,"potions_floor_spawned":[11,13,18,20,30,33,35,37,38,45],"ascension_level":0}}