{"host":"knk89g45d3vzr5fm","time":1613152980,"event":{"mods":["2.2 Compatiblity","BaseMod","Downfall","Minty Spire (QoL Compilation)","Relic Stats","Reliquary","Replay The Spire","StSLib","The Marked"],"gold_per_floor":[99,99,549,549,3,3,29,29,14,49,62,62,62,62,62],"floor_reached":13,"language":"FRA","playtime":351,"items_purged":["downfall:Icky"],"score":104,"play_id":"a4a2eb3b-be9a-47ed-8c34-86fe1b7818a0","local_time":"20210212190300","is_ascension_mode":true,"campfire_choices":[{"data":"Apotheosis","floor":8,"key":"SMITH"}],"circlet_count":0,"master_deck":["sneckomod:Strike","sneckomod:Strike","sneckomod:Strike","sneckomod:Defend","sneckomod:Defend","sneckomod:Defend","sneckomod:TailWhip","sneckomod:SnekBite","sneckomod:Unknown+1","Noxious Fumes","sneckomod:UnknownUncommonPower","downfall:Icky","downfall:Icky","sneckomod:QuickMove","Apotheosis+1","sneckomod:UnknownDexterity","sneckomod:UnknownUncommonPower","sneckomod:ImprovisedAttack","sneckomod:Nope","sneckomod:UnknownDraw"],"relics":["sneckomod:SneckoSoul","downfall:HeartsMalice","Pantograph","Replay:Baseball","reliquary:RoseTintedGlasses","downfall:ShatteredFragment"],"acts_visited":["Exordium"],"potions_floor_usage":[13],"damage_taken":[{"damage":0,"enemies":"Jaw Worm","floor":2,"turns":1},{"damage":0,"enemies":"downfall:FleeingMerchant","floor":5,"turns":1},{"damage":0,"enemies":"2 Louse","floor":6,"turns":1},{"damage":2,"enemies":"downfall:FleeingMerchant","floor":9,"turns":4},{"damage":37,"enemies":"Gremlin Nob","floor":10,"turns":5},{"damage":0,"enemies":"Cultist","floor":11,"turns":3},{"damage":27,"enemies":"Lagavulin","floor":13,"turns":3}],"seed_played":"3489983800454030613","potions_obtained":[{"floor":10,"key":"SkillPotion"},{"floor":11,"key":"SteroidPotion"}],"is_trial":false,"path_per_floor":["R","M","?","?","$","M","T","R","$","E","M","?","E"],"character_chosen":"THE_SNECKO","items_purchased":["Apotheosis","Pantograph","sneckomod:UnknownDexterity"],"campfire_rested":0,"item_purchase_floors":[5,5,5],"current_hp_per_floor":[81,81,81,81,81,81,81,81,79,42,42,21,0,0,0],"gold":62,"neow_bonus":"THREE_ENEMY_KILL","is_daily":false,"chose_seed":false,"campfire_upgraded":1,"win_rate":0.0,"timestamp":1613152980,"path_taken":["R","M","?","?","$","M","T","R","$","E","M","?","E"],"items_purchased_type":["Card","Relic","Card"],"build_version":"2020-12-22","purchased_purges":1,"victory":false,"max_hp_per_floor":[90,90,90,90,90,90,90,90,90,90,90,90,90,90,90],"relic_stats":{"counters":[7,15],"Pantograph":0,"obtain_stats":[{"Replay:Baseball":7,"downfall:ShatteredFragment":12,"Pantograph":5,"downfall:HeartsMalice":0,"reliquary:RoseTintedGlasses":10,"sneckomod:SneckoSoul":0},{"Replay:Baseball":3,"downfall:ShatteredFragment":6,"Pantograph":2,"downfall:HeartsMalice":0,"reliquary:RoseTintedGlasses":5,"sneckomod:SneckoSoul":0},{"Replay:Baseball":0,"downfall:ShatteredFragment":12,"Pantograph":0,"downfall:HeartsMalice":0,"reliquary:RoseTintedGlasses":9,"sneckomod:SneckoSoul":0}]},"card_choices":[{"not_picked":["sneckomod:UnknownStrength","sneckomod:IronFang"],"picked":"sneckomod:UnknownUncommonPower","floor":2},{"not_picked":["sneckomod:UnknownClassMARKED_PURPLE_COLOR","sneckomod:UnknownClassTHE_BRONZE_AUTOMATON"],"picked":"sneckomod:QuickMove","floor":5},{"not_picked":["sneckomod:Mudshield","sneckomod:UnknownClassBLUE"],"picked":"sneckomod:UnknownUncommonPower","floor":6},{"not_picked":["sneckomod:UnknownClassMARKED_PURPLE_COLOR","sneckomod:UnknownClassSLIMEBOUND"],"picked":"sneckomod:ImprovisedAttack","floor":9},{"not_picked":["sneckomod:UnknownClassTHE_CHAMP_GRAY","sneckomod:UnknownCommonAttack"],"picked":"sneckomod:Nope","floor":10},{"not_picked":["sneckomod:UnknownStrength","sneckomod:QuickMove"],"picked":"sneckomod:UnknownDraw","floor":11}],"player_experience":2119712,"relics_obtained":[{"floor":7,"key":"Replay:Baseball"},{"floor":10,"key":"reliquary:RoseTintedGlasses"}],"event_choices":[],"is_beta":false,"boss_relics":[],"items_purged_floors":[5],"is_endless":false,"potions_floor_spawned":[10,11],"killed_by":"Lagavulin","ascension_level":7}}