{"host":"rantoq7h0pygex6x","time":1613169981,"event":{"mods":["AchievementEnabler","BaseMod","BetterRewards","Minty Spire (QoL Compilation)"],"gold_per_floor":[113,125,141,141,158,158,68,68,68,68,98,129,129,144,144,215,215,235,247,162,212,57,84,103,114,114,114,144,144,160,170,170,244,244,256,256,93,141,159,159,159,159],"floor_reached":41,"language":"ENG","playtime":1654,"items_purged":["Strike_R","Strike_R"],"score":1212,"play_id":"75ec6eb2-0f86-4a8a-b067-36889fcb029a","local_time":"20210213064621","is_ascension_mode":true,"campfire_choices":[{"data":"Metallicize","floor":6.0,"key":"SMITH"},{"data":"Spot Weakness","floor":8.0,"key":"SMITH"},{"data":"Shrug It Off","floor":10.0,"key":"SMITH"},{"floor":15.0,"key":"DIG"},{"data":"Juggernaut","floor":29.0,"key":"SMITH"},{"data":"Metallicize","floor":32.0,"key":"SMITH"},{"data":"Limit Break","floor":40,"key":"SMITH"}],"circlet_count":0,"master_deck":["AscendersBane","Strike_R","Strike_R","Strike_R","Defend_R","Defend_R","Defend_R","Defend_R","Bash","Metallicize+1","Bandage Up","Iron Wave+1","Iron Wave+1","Cleave+1","Shrug It Off+1","Body Slam+1","Spot Weakness+1","Thunderclap+1","Bludgeon+1","Flex+1","Flame Barrier","Metallicize+1","Juggernaut+1","Iron Wave+1","Limit Break+1","Rage","Secret Technique","Metallicize"],"relics":["Burning Blood","Molten Egg 2","ClockworkSouvenir","InkBottle","Odd Mushroom","Shovel","Gremlin Horn","Coffee Dripper","Eternal Feather","Pantograph","Sundial","MutagenicStrength","Nunchaku","SlaversCollar","Oddly Smooth Stone","Unceasing Top"],"acts_visited":["Exordium","TheCity","TheBeyond"],"potions_floor_usage":[39,39],"damage_taken":[{"damage":0.0,"enemies":"Small Slimes","floor":1.0,"turns":4.0},{"damage":1.0,"enemies":"Cultist","floor":2.0,"turns":5.0},{"damage":0.0,"enemies":"2 Louse","floor":3.0,"turns":1.0},{"damage":6.0,"enemies":"Looter","floor":5.0,"turns":3.0},{"damage":2.0,"enemies":"The Mushroom Lair","floor":11.0,"turns":2.0},{"damage":12.0,"enemies":"3 Sentries","floor":12.0,"turns":6.0},{"damage":9.0,"enemies":"Red Slaver","floor":14.0,"turns":3.0},{"damage":51.0,"enemies":"Hexaghost","floor":16.0,"turns":10.0},{"damage":2.0,"enemies":"Spheric Guardian","floor":18.0,"turns":4.0},{"damage":10.0,"enemies":"Shell Parasite","floor":19.0,"turns":3.0},{"damage":0.0,"enemies":"Gremlin Leader","floor":23.0,"turns":3.0},{"damage":14.0,"enemies":"Snecko","floor":24.0,"turns":5.0},{"damage":14.0,"enemies":"Chosen and Byrds","floor":25.0,"turns":5.0},{"damage":20.0,"enemies":"Book of Stabbing","floor":28.0,"turns":3.0},{"damage":4.0,"enemies":"Centurion and Healer","floor":30.0,"turns":4.0},{"damage":0.0,"enemies":"3 Cultists","floor":31.0,"turns":4.0},{"damage":56.0,"enemies":"Automaton","floor":33.0,"turns":8.0},{"damage":15.0,"enemies":"3 Shapes","floor":35.0,"turns":3.0},{"damage":54.0,"enemies":"2 Orb Walkers","floor":38.0,"turns":5.0},{"damage":10,"enemies":"3 Darklings","floor":39,"turns":4},{"damage":64,"enemies":"Giant Head","floor":41,"turns":5}],"seed_played":"-8985743479568049172","potions_obtained":[{"floor":1.0,"key":"Strength Potion"},{"floor":4.0,"key":"LiquidMemories"},{"floor":4.0,"key":"BloodPotion"},{"floor":11.0,"key":"Regen Potion"},{"floor":19.0,"key":"EntropicBrew"},{"floor":24.0,"key":"Energy Potion"},{"floor":28.0,"key":"BloodPotion"},{"floor":31.0,"key":"PowerPotion"},{"floor":33.0,"key":"HeartOfIron"},{"floor":39,"key":"Energy Potion"}],"is_trial":false,"path_per_floor":["M","M","M","?","M","R","$","R","T","R","?","E","?","M","R","B",null,"M","M","?","?","$","E","M","M","T","?","E","R","M","M","R","B",null,"M","?","$","?","M","R","E"],"character_chosen":"IRONCLAD","items_purchased":["Molten Egg 2","ClockworkSouvenir","Metallicize","Bandage Up","Iron Wave+1","Iron Wave+1","Spot Weakness","Flame Barrier","Metallicize","Oddly Smooth Stone"],"campfire_rested":0,"item_purchase_floors":[0,0,0,0,0,0,7,22,22,37],"current_hp_per_floor":[41,50,56,56,60,60,60,60,60,60,68,66,75,75,75,34,65,73,75,75,75,75,75,71,67,67,67,57,69,75,75,75,29,64,59,59,59,15,15,30,0,0],"gold":159,"neow_bonus":"","is_daily":false,"chose_seed":false,"campfire_upgraded":6,"win_rate":0.0,"timestamp":1613169981,"path_taken":["M","M","M","?","M","R","?","R","T","R","?","E","?","?","R","BOSS","M","M","?","?","$","E","M","?","T","?","E","R","M","M","R","BOSS","M","?","$","?","M","R","E"],"items_purchased_type":["Relic","Relic","Card","Card","Card","Card","Card","Card","Card","Relic"],"build_version":"2020-12-22","purchased_purges":2,"victory":false,"max_hp_per_floor":[75,75,75,75,75,75,75,75,75,75,75,75,75,75,75,75,75,75,75,75,75,75,75,75,75,75,75,75,75,75,75,75,75,75,75,75,75,75,75,75,75,75],"card_choices":[{"not_picked":["Disarm","Intimidate"],"picked":"Shrug It Off","floor":1.0},{"not_picked":["Pummel+1","Perfected Strike+1","Flex"],"picked":"SKIP","floor":2.0},{"not_picked":["Feel No Pain","True Grit","Havoc"],"picked":"SKIP","floor":3.0},{"not_picked":["Clothesline+1","Disarm"],"picked":"Body Slam+1","floor":5.0},{"not_picked":["Anger+1","Warcry"],"picked":"Thunderclap+1","floor":12.0},{"not_picked":["True Grit","Sentinel","Heavy Blade+1"],"picked":"SKIP","floor":14.0},{"not_picked":["Demon Form","Brutality"],"picked":"Bludgeon+1","floor":16.0},{"not_picked":["Sword Boomerang+1","Wild Strike+1"],"picked":"Flex+1","floor":18.0},{"not_picked":["Clash+1","Searing Blow+1","Sword Boomerang+1"],"picked":"SKIP","floor":19.0},{"not_picked":["Entrench","Clothesline+1"],"picked":"Juggernaut","floor":23.0},{"not_picked":["Twin Strike+1","Intimidate+1","Wild Strike+1"],"picked":"SKIP","floor":24.0},{"not_picked":["Carnage+1","Shrug It Off"],"picked":"Iron Wave+1","floor":25.0},{"not_picked":["Wild Strike+1","Clothesline+1","Whirlwind+1"],"picked":"SKIP","floor":28.0},{"not_picked":["Headbutt+1","Carnage+1","Perfected Strike+1"],"picked":"SKIP","floor":30.0},{"not_picked":["Twin Strike+1","Second Wind+1","Clothesline+1"],"picked":"SKIP","floor":31.0},{"not_picked":["Offering","Reaper+1"],"picked":"Limit Break","floor":33.0},{"not_picked":["Spot Weakness","Ghostly Armor"],"picked":"Rage","floor":35.0},{"not_picked":["Impatience","Deep Breath"],"picked":"Secret Technique","floor":36.0},{"not_picked":["Warcry","Searing Blow+1"],"picked":"Metallicize","floor":38.0},{"not_picked":["Iron Wave+1","Flex","Wild Strike+1"],"picked":"SKIP","floor":39}],"player_experience":993152,"relics_obtained":[{"floor":9.0,"key":"InkBottle"},{"floor":11.0,"key":"Odd Mushroom"},{"floor":12.0,"key":"Shovel"},{"floor":15.0,"key":"Gremlin Horn"},{"floor":23.0,"key":"Pantograph"},{"floor":26.0,"key":"Sundial"},{"floor":28.0,"key":"Nunchaku"},{"floor":38.0,"key":"Unceasing Top"}],"event_choices":[{"damage_healed":0.0,"max_hp_gain":0.0,"max_hp_loss":0.0,"gold_gain":0.0,"event_name":"Lab","player_choice":"Got Potions","floor":4.0,"gold_loss":0.0,"damage_taken":0.0},{"damage_healed":0.0,"max_hp_gain":0.0,"max_hp_loss":0.0,"gold_gain":0.0,"event_name":"Mushrooms","player_choice":"Fought Mushrooms","floor":11.0,"gold_loss":0.0,"damage_taken":0.0},{"damage_healed":9.0,"max_hp_gain":0.0,"max_hp_loss":0.0,"gold_gain":0.0,"event_name":"Wheel of Change","player_choice":"Full Heal","floor":13.0,"gold_loss":0.0,"damage_taken":0.0},{"damage_healed":0.0,"max_hp_gain":0.0,"max_hp_loss":0.0,"gold_gain":0.0,"event_name":"Addict","player_choice":"Obtained Relic","floor":20.0,"gold_loss":85.0,"damage_taken":0.0,"relics_obtained":["Eternal Feather"]},{"damage_healed":0.0,"max_hp_gain":0.0,"max_hp_loss":0.0,"gold_gain":100.0,"event_name":"The Joust","player_choice":"Bet on Murderer","floor":21.0,"gold_loss":50.0,"damage_taken":0.0},{"damage_healed":0.0,"max_hp_gain":0.0,"max_hp_loss":0.0,"gold_gain":0.0,"event_name":"Drug Dealer","player_choice":"Inject Mutagens","floor":27.0,"gold_loss":0.0,"damage_taken":0.0,"relics_obtained":["MutagenicStrength"]},{"damage_healed":0.0,"max_hp_gain":0.0,"max_hp_loss":0.0,"gold_gain":0.0,"event_name":"SensoryStone","player_choice":"Memory 1","floor":36.0,"gold_loss":0.0,"damage_taken":0.0},{"damage_healed":0.0,"max_hp_gain":0.0,"max_hp_loss":0.0,"gold_gain":0.0,"event_name":"Mysterious Sphere","player_choice":"Fight","floor":38.0,"gold_loss":0.0,"damage_taken":0.0}],"is_beta":false,"boss_relics":[{"not_picked":["Sozu","Runic Dome"],"picked":"Coffee Dripper"},{"not_picked":["Black Blood","Velvet Choker"],"picked":"SlaversCollar"}],"items_purged_floors":[0,0],"is_endless":false,"potions_floor_spawned":[1,11,16,19,24,28,31,33,39],"killed_by":"Giant Head","ascension_level":20}}