{"host":"szp1d6dso4pv7ddl","time":1613094359,"event":{"mods":["AchievementEnabler","Alarm Clock","BaseMod","Bestiary","Block Reminder","Colored Map","Colored Powertips","Curses Come First","Dark Map","Displayed Cursed Tome","Highlight Path","Minty Spire (QoL Compilation)","Permanent Neow","Quick Restart","Relic Sorter","Relic Stats","StSLib","Synergy Search"],"gold_per_floor":[116,116,134,147,161,161,161,190,215,215,246,265,23,36,36,113,113,128,143,143,66,77,77,112,112,112,0,0,20,20,40,40,40,40],"floor_reached":33,"language":"ENG","playtime":1771,"items_purged":[],"score":554,"play_id":"f8cf2d92-cda3-48e1-b2d9-be8ba23a6f3b","local_time":"20210211174559","is_ascension_mode":true,"campfire_choices":[{"floor":6.0,"key":"REST"},{"floor":10.0,"key":"REST"},{"floor":15.0,"key":"REST"},{"floor":23.0,"key":"RECALL"},{"floor":25.0,"key":"REST"},{"floor":32,"key":"REST"}],"circlet_count":0,"master_deck":["AscendersBane","Strike_G","Strike_G","Strike_G","Strike_G","Defend_G","Defend_G","Defend_G","Defend_G","Survivor","Neutralize","Dagger Throw","Dodge and Roll","Sucker Punch","Dagger Spray","Catalyst","Catalyst","Footwork","Poisoned Stab","Tools of the Trade","Blade Dance","Tactician+1","Footwork","Poisoned Stab","Deadly Poison","Necronomicurse","Corpse Explosion","Catalyst"],"relics":["Fusion Hammer","Regal Pillow","Ancient Tea Set","Pen Nib","TwistedFunnel","HoveringKite","Akabeko","Lizard Tail","Necronomicon"],"acts_visited":["Exordium","TheCity"],"potions_floor_usage":[31,31,31],"damage_taken":[{"damage":6.0,"enemies":"Small Slimes","floor":1.0,"turns":4.0},{"damage":0.0,"enemies":"Cultist","floor":3.0,"turns":4.0},{"damage":0.0,"enemies":"Jaw Worm","floor":4.0,"turns":4.0},{"damage":1.0,"enemies":"Exordium Wildlife","floor":5.0,"turns":4.0},{"damage":38.0,"enemies":"Lagavulin","floor":8.0,"turns":7.0},{"damage":16.0,"enemies":"3 Sentries","floor":11.0,"turns":8.0},{"damage":15.0,"enemies":"Lots of Slimes","floor":12.0,"turns":4.0},{"damage":0.0,"enemies":"2 Fungi Beasts","floor":14.0,"turns":3.0},{"damage":23.0,"enemies":"Hexaghost","floor":16.0,"turns":10.0},{"damage":25.0,"enemies":"2 Thieves","floor":18.0,"turns":4.0},{"damage":19.0,"enemies":"3 Byrds","floor":19.0,"turns":4.0},{"damage":8.0,"enemies":"Centurion and Healer","floor":22.0,"turns":7.0},{"damage":28.0,"enemies":"Book of Stabbing","floor":24.0,"turns":5.0},{"damage":25,"enemies":"3 Cultists","floor":29,"turns":5},{"damage":32,"enemies":"Snecko","floor":31,"turns":4},{"damage":85,"enemies":"Champ","floor":33,"turns":11}],"seed_played":"1592282809194143692","potions_obtained":[{"floor":1.0,"key":"LiquidBronze"},{"floor":5.0,"key":"SteroidPotion"},{"floor":8.0,"key":"Weak Potion"},{"floor":16.0,"key":"Energy Potion"},{"floor":19.0,"key":"AttackPotion"},{"floor":24.0,"key":"EntropicBrew"}],"is_trial":false,"path_per_floor":["M","?","M","M","M","R","?","E","T","R","E","M","$","M","R","B",null,"M","M","?","$","M","R","E","R","T","?","?","M","$","M","R","B"],"character_chosen":"THE_SILENT","items_purchased":["TwistedFunnel","Footwork","Footwork"],"campfire_rested":5,"item_purchase_floors":[13,13,21],"current_hp_per_floor":[53,53,53,53,52,66,59,21,21,55,39,24,24,24,58,35,58,33,14,66,66,58,58,30,64,64,64,43,18,18,33,66,0,0],"gold":40,"neow_bonus":"BOSS_RELIC","is_daily":false,"chose_seed":false,"campfire_upgraded":0,"win_rate":0.0,"timestamp":1613094359,"path_taken":["M","?","M","?","M","R","?","E","T","R","E","M","?","?","R","BOSS","M","M","?","?","M","R","E","R","T","?","?","M","$","M","R","BOSS"],"items_purchased_type":["Relic","Card","Card"],"build_version":"2020-12-22","purchased_purges":0,"victory":false,"max_hp_per_floor":[66,66,66,66,66,66,66,66,66,66,66,66,66,66,66,66,66,66,66,66,66,66,66,66,66,66,66,66,66,66,66,66,66,66],"relic_stats":{"Regal Pillow":59,"Lizard Tail":33,"counters":[16,88],"HoveringKite":[19],"Pen Nib":[14],"Necronomicon":[3],"obtain_stats":[{"TwistedFunnel":13,"Regal Pillow":8,"Lizard Tail":26,"HoveringKite":17,"Fusion Hammer":0,"Pen Nib":11,"Necronomicon":28,"Ancient Tea Set":9,"Akabeko":24,"Ring of the Snake":0},{"TwistedFunnel":7,"Regal Pillow":5,"Lizard Tail":13,"HoveringKite":9,"Fusion Hammer":0,"Pen Nib":6,"Necronomicon":13,"Ancient Tea Set":5,"Akabeko":13,"Ring of the Snake":0},{"TwistedFunnel":35,"Regal Pillow":23,"Lizard Tail":68,"HoveringKite":48,"Fusion Hammer":0,"Pen Nib":31,"Necronomicon":68,"Ancient Tea Set":23,"Akabeko":68,"Ring of the Snake":0}]},"card_choices":[{"not_picked":["Acrobatics","Deadly Poison"],"picked":"Dagger Throw","floor":1.0},{"not_picked":["Backflip","Predator"],"picked":"Sucker Punch","floor":3.0},{"not_picked":["Dodge and Roll","Flechettes","Calculated Gamble"],"picked":"SKIP","floor":4.0},{"not_picked":["Outmaneuver","Setup"],"picked":"Dagger Spray","floor":5.0},{"not_picked":["Backflip","Dodge and Roll"],"picked":"Infinite Blades","floor":8.0},{"not_picked":["Tactician","Choke"],"picked":"Catalyst","floor":11.0},{"not_picked":["Quick Slash","All Out Attack"],"picked":"Catalyst","floor":12.0},{"not_picked":["Dodge and Roll","Predator"],"picked":"Poisoned Stab","floor":14.0},{"not_picked":["Wraith Form v2","Bullet Time"],"picked":"Tools of the Trade","floor":16.0},{"not_picked":["Masterful Stab","Dagger Spray"],"picked":"Blade Dance","floor":18.0},{"not_picked":["Backflip","Outmaneuver+1"],"picked":"Tactician+1","floor":19.0},{"not_picked":["Backflip","Riddle With Holes"],"picked":"Poisoned Stab","floor":22.0},{"not_picked":["Endless Agony","Terror"],"picked":"Deadly Poison","floor":24.0},{"not_picked":["Predator+1","Deflect"],"picked":"Corpse Explosion","floor":29},{"not_picked":["Accuracy","Flying Knee"],"picked":"Catalyst","floor":31}],"player_experience":1424469,"relics_obtained":[{"floor":8.0,"key":"Regal Pillow"},{"floor":9.0,"key":"Ancient Tea Set"},{"floor":11.0,"key":"Pen Nib"},{"floor":24.0,"key":"Akabeko"},{"floor":26.0,"key":"Lizard Tail"}],"event_choices":[{"damage_healed":0.0,"max_hp_gain":0.0,"max_hp_loss":0.0,"gold_gain":0.0,"cards_transformed":["Strike_G"],"event_name":"Transmorgrifier","player_choice":"Transformed","floor":2.0,"gold_loss":0.0,"damage_taken":0.0,"cards_obtained":["Dodge and Roll"]},{"cards_removed":["Defend_G"],"damage_healed":0.0,"max_hp_gain":0.0,"max_hp_loss":0.0,"gold_gain":0.0,"event_name":"Golden Wing","player_choice":"Card Removal","floor":7.0,"gold_loss":0.0,"damage_taken":7.0},{"cards_removed":["Infinite Blades"],"damage_healed":52.0,"max_hp_gain":0.0,"max_hp_loss":0.0,"gold_gain":0.0,"event_name":"Bonfire Elementals","player_choice":"Offered Uncommon","floor":20.0,"gold_loss":0.0,"damage_taken":0.0},{"damage_healed":0.0,"max_hp_gain":0.0,"max_hp_loss":0.0,"gold_gain":0.0,"event_name":"Masked Bandits","player_choice":"Paid Fearfully","floor":27.0,"gold_loss":112.0,"damage_taken":0.0},{"damage_healed":0.0,"max_hp_gain":0.0,"max_hp_loss":0.0,"gold_gain":0.0,"event_name":"Cursed Tome","player_choice":"Obtained Book","floor":28.0,"gold_loss":0.0,"damage_taken":21.0}],"is_beta":false,"boss_relics":[{"not_picked":["SlaversCollar","WristBlade"],"picked":"HoveringKite"}],"items_purged_floors":[],"is_endless":false,"potions_floor_spawned":[1,5,8,16,19,22,24],"killed_by":"Champ","ascension_level":20}}