{"host":"2hea6pl5vmah38iy","time":1613129654,"event":{"mods":["AchievementEnabler","BaseMod","Colored Map","DeckTracker","Keyboard Shortcuts","Minty Spire (QoL Compilation)","Rare Cards Sparkle","StSLib","SuperFastMode","everything is the same but u backflip on backflip"],"gold_per_floor":[365,385,397,33,33,33,61,77,125,136,136,36,61,112,112,183,183,198,198,214,229,245,277,294,294,294,324,340,340,0,26,26,102,102,116,131,141,188,30,61,61,95,140,169,169,186,200,200,200,200,200,200,40,72,72],"floor_reached":56,"language":"KOR","playtime":2560,"items_purged":["Strike_B","Defend_B"],"score":2381,"play_id":"ac384104-4640-4a9b-9d55-854f1be5b2bb","local_time":"20210212203414","is_ascension_mode":true,"campfire_choices":[{"data":"Gash","floor":6.0,"key":"SMITH"},{"floor":11.0,"key":"REST"},{"data":"Hologram","floor":15.0,"key":"SMITH"},{"floor":25.0,"key":"REST"},{"data":"Zap","floor":32.0,"key":"SMITH"},{"data":"1","floor":41,"key":"LIFT"},{"floor":49,"key":"RECALL"},{"data":"Reprogram","floor":52,"key":"SMITH"}],"circlet_count":0,"master_deck":["AscendersBane","Strike_B+1","Zap+1","Dualcast","Gash+1","Scrape+1","Gash+1","Hologram+1","Beam Cell+1","Flash of Steel+1","Scrape+1","All For One+1","Go for the Eyes+1","FTL+1","Genetic Algorithm+1","Good Instincts","Reboot","Recycle","Steam","Steam Power","Reprogram+1","Skim"],"relics":["Cracked Core","Molten Egg 2","HornCleat","Happy Flower","Whetstone","Potion Belt","SlaversCollar","Toy Ornithopter","Pantograph","Orichalcum","Oddly Smooth Stone","Bag of Marbles","Empty Cage","Girya","Bottled Lightning","PreservedInsect","Ancient Tea Set","Nunchaku","Ornamental Fan"],"acts_visited":["Exordium","TheCity","TheBeyond","TheEnding"],"potions_floor_usage":[38,40,42,47],"damage_taken":[{"damage":1.0,"enemies":"Cultist","floor":1.0,"turns":4.0},{"damage":3.0,"enemies":"Small Slimes","floor":2.0,"turns":3.0},{"damage":7.0,"enemies":"Jaw Worm","floor":3.0,"turns":2.0},{"damage":24.0,"enemies":"Lagavulin","floor":7.0,"turns":4.0},{"damage":4.0,"enemies":"Red Slaver","floor":8.0,"turns":2.0},{"damage":11.0,"enemies":"3 Louse","floor":10.0,"turns":3.0},{"damage":0.0,"enemies":"Gremlin Nob","floor":13.0,"turns":3.0},{"damage":19.0,"enemies":"The Guardian","floor":16.0,"turns":7.0},{"damage":0.0,"enemies":"Spheric Guardian","floor":18.0,"turns":3.0},{"damage":16.0,"enemies":"Shell Parasite","floor":20.0,"turns":2.0},{"damage":10.0,"enemies":"Snecko","floor":21.0,"turns":4.0},{"damage":0.0,"enemies":"Cultist and Chosen","floor":22.0,"turns":3.0},{"damage":14.0,"enemies":"Slavers","floor":23.0,"turns":5.0},{"damage":3.0,"enemies":"3 Cultists","floor":24.0,"turns":4.0},{"damage":1.0,"enemies":"Book of Stabbing","floor":27.0,"turns":3.0},{"damage":15.0,"enemies":"Snake Plant","floor":28.0,"turns":3.0},{"damage":14.0,"enemies":"Slavers","floor":31.0,"turns":4.0},{"damage":10,"enemies":"Champ","floor":33,"turns":4},{"damage":0,"enemies":"Orb Walker","floor":35,"turns":2},{"damage":16,"enemies":"3 Darklings","floor":36,"turns":3},{"damage":0,"enemies":"Transient","floor":37,"turns":6},{"damage":9,"enemies":"2 Orb Walkers","floor":38,"turns":3},{"damage":20,"enemies":"Nemesis","floor":40,"turns":9},{"damage":11,"enemies":"Reptomancer","floor":42,"turns":3},{"damage":0,"enemies":"Giant Head","floor":44,"turns":3},{"damage":5,"enemies":"4 Shapes","floor":46,"turns":5},{"damage":0,"enemies":"Spire Growth","floor":47,"turns":2},{"damage":59,"enemies":"Time Eater","floor":50,"turns":7},{"damage":0,"enemies":"Shield and Spear","floor":54,"turns":5},{"damage":57,"enemies":"The Heart","floor":55,"turns":6}],"seed_played":"-7752462925478619729","potions_obtained":[{"floor":2.0,"key":"SpeedPotion"},{"floor":13.0,"key":"Block Potion"},{"floor":16.0,"key":"SpeedPotion"},{"floor":18.0,"key":"FocusPotion"},{"floor":19.0,"key":"DuplicationPotion"},{"floor":19.0,"key":"SmokeBomb"},{"floor":23.0,"key":"SkillPotion"},{"floor":24.0,"key":"AttackPotion"},{"floor":33,"key":"PotionOfCapacity"},{"floor":37,"key":"AttackPotion"},{"floor":40,"key":"FairyPotion"},{"floor":44,"key":"FocusPotion"}],"is_trial":false,"path_per_floor":["M","M","M","$","?","R","E","M","T","M","R","$","E","T","R","B",null,"M","?","M","M","M","E","M","R","T","E","M","?","$","E","R","B",null,"M","M","M","?","$","E","R","E","T","E","?","M","M","?","R","B",null,"R","$","E","B",null],"character_chosen":"DEFECT","items_purchased":["Molten Egg 2","Gash+1","Hologram","Flash of Steel+1","Oddly Smooth Stone","Good Instincts","Steam","Nunchaku"],"campfire_rested":2,"item_purchase_floors":[4,4,4,12,30,30,39,53],"current_hp_per_floor":[63,60,53,53,53,53,29,25,25,14,33,33,33,33,33,14,52,52,52,36,26,26,12,14,33,33,37,22,22,22,8,8,23,54,54,38,38,34,34,19,19,13,13,13,13,8,13,13,13,5,47,47,47,47,4],"gold":72,"neow_bonus":"TWO_FIFTY_GOLD","is_daily":false,"chose_seed":false,"campfire_upgraded":4,"win_rate":0.0,"timestamp":1613129654,"path_taken":["M","M","M","?","?","R","E","?","T","M","R","$","E","?","R","BOSS","M","?","M","M","?","E","M","R","T","E","M","?","$","E","R","BOSS","M","M","M","?","$","E","R","E","T","E","?","M","M","?","R","BOSS","R","$","E","BOSS"],"items_purchased_type":["Relic","Card","Card","Card","Relic","Card","Card","Relic"],"build_version":"2020-12-22","purchased_purges":2,"victory":true,"max_hp_per_floor":[64,64,64,64,64,64,64,64,64,64,64,64,64,64,64,64,64,64,64,64,64,64,64,64,64,64,64,64,64,64,64,64,64,64,64,64,64,64,64,64,64,64,64,64,61,61,61,61,61,61,61,61,61,61,61],"card_choices":[{"not_picked":["Compile Driver","Leap"],"picked":"Gash","floor":1.0},{"not_picked":["Blizzard","Steam"],"picked":"Scrape","floor":2.0},{"not_picked":["Streamline","Sweeping Beam","Barrage"],"picked":"SKIP","floor":3.0},{"not_picked":["Biased Cognition","Gash+1"],"picked":"Beam Cell+1","floor":7.0},{"not_picked":["Loop","Rebound+1","Hologram"],"picked":"SKIP","floor":8.0},{"not_picked":["Leap","Ball Lightning+1","Coolheaded"],"picked":"SKIP","floor":10.0},{"not_picked":["Cold Snap+1","Streamline+1"],"picked":"Scrape+1","floor":13.0},{"not_picked":["Machine Learning","Meteor Strike+1"],"picked":"All For One+1","floor":16.0},{"not_picked":["Streamline+1","Chaos","Capacitor"],"picked":"SKIP","floor":18.0},{"not_picked":["Rebound+1","Conserve Battery"],"picked":"Go for the Eyes+1","floor":20.0},{"not_picked":["Barrage+1","Leap","Coolheaded"],"picked":"SKIP","floor":21.0},{"not_picked":["Turbo","Leap","Redo"],"picked":"SKIP","floor":22.0},{"not_picked":["Aggregate","Stack"],"picked":"FTL+1","floor":23.0},{"not_picked":["Beam Cell+1","Sunder+1"],"picked":"Genetic Algorithm+1","floor":24.0},{"not_picked":["Streamline+1","Gash+1","Consume"],"picked":"SKIP","floor":27.0},{"not_picked":["Rebound+1","Leap","Force Field"],"picked":"SKIP","floor":28.0},{"not_picked":["Cold Snap+1","Thunder Strike+1","Blizzard+1"],"picked":"SKIP","floor":31.0},{"not_picked":["Meteor Strike+1","Electrodynamics"],"picked":"Reboot","floor":33},{"not_picked":["Go for the Eyes+1","Stack","Gash+1"],"picked":"SKIP","floor":35},{"not_picked":["Gash+1","Genetic Algorithm","Stack"],"picked":"SKIP","floor":36},{"not_picked":["Sunder+1","Coolheaded"],"picked":"Recycle","floor":37},{"not_picked":["Darkness","Steam"],"picked":"Steam Power","floor":40},{"not_picked":["Stack","Doom and Gloom+1"],"picked":"Reprogram","floor":42},{"not_picked":["Coolheaded","Fusion","Cold Snap+1"],"picked":"SKIP","floor":44},{"not_picked":["Reprogram","Auto Shields","Redo+1"],"picked":"SKIP","floor":46},{"not_picked":["Redo","Cold Snap+1","Compile Driver+1"],"picked":"SKIP","floor":47},{"not_picked":["Leap","Buffer"],"picked":"Skim","floor":54}],"player_experience":568350,"relics_obtained":[{"floor":7.0,"key":"HornCleat"},{"floor":9.0,"key":"Happy Flower"},{"floor":13.0,"key":"Whetstone"},{"floor":14.0,"key":"Potion Belt"},{"floor":23.0,"key":"Toy Ornithopter"},{"floor":26.0,"key":"Pantograph"},{"floor":27.0,"key":"Orichalcum"},{"floor":31.0,"key":"Bag of Marbles"},{"floor":38,"key":"Girya"},{"floor":40,"key":"Bottled Lightning"},{"floor":42,"key":"PreservedInsect"},{"floor":44,"key":"Ancient Tea Set"},{"floor":54,"key":"Ornamental Fan"}],"event_choices":[{"cards_removed":["Strike_B"],"damage_healed":0.0,"max_hp_gain":0.0,"max_hp_loss":0.0,"gold_gain":0.0,"event_name":"Purifier","player_choice":"Purged","floor":5.0,"gold_loss":0.0,"damage_taken":0.0},{"damage_healed":0.0,"max_hp_gain":0.0,"max_hp_loss":0.0,"gold_gain":0.0,"event_name":"Lab","player_choice":"Got Potions","floor":19.0,"gold_loss":0.0,"damage_taken":0.0},{"cards_removed":["Strike_B"],"damage_healed":0.0,"max_hp_gain":0.0,"max_hp_loss":0.0,"gold_gain":0.0,"event_name":"Back to Basics","player_choice":"Elegance","floor":29.0,"gold_loss":0.0,"damage_taken":0.0},{"damage_healed":0,"gold_gain":0,"player_choice":"Fight","damage_taken":0,"max_hp_gain":0,"max_hp_loss":0,"event_name":"Mysterious Sphere","floor":38,"gold_loss":0},{"damage_healed":0,"gold_gain":0,"player_choice":"Max HP","damage_taken":0,"max_hp_gain":0,"max_hp_loss":3,"event_name":"Winding Halls","floor":45,"gold_loss":0},{"cards_removed":["Defend_B"],"damage_healed":0,"gold_gain":0,"player_choice":"Removed Skill","damage_taken":0,"max_hp_gain":0,"max_hp_loss":0,"event_name":"Falling","floor":48,"gold_loss":0}],"is_beta":false,"boss_relics":[{"not_picked":["Nuclear Battery","Snecko Eye"],"picked":"SlaversCollar"},{"not_picked":["Velvet Choker","Calling Bell"],"picked":"Empty Cage"}],"items_purged_floors":[30,39],"is_endless":false,"potions_floor_spawned":[2,13,16,18,23,24,33,37,40,44],"ascension_level":18}}