{"host":"40vzoph344nwp0en","time":1613120978,"event":{"mods":["2.2 Compatiblity","Act Like it!","BaseMod","Bestiary","Challenge The Spire","Colored Map","DeckTracker","Downfall","Friendly Minions","GifTheSpireLib","Hermit","Highlight Path","Infinite Spire","Marisa????????","Minty Spire (QoL Compilation)","Permanent Neow","Relic Sorter","Replay The Spire","Spicy Shops","StSLib","SuperFastMode","The Bug Knight","The Cursed","The Disciple","The Elementalist","The Marked","The Servant 0.9.4","??????REMEMod"],"gold_per_floor":[100098,100113,100113,98463,98473,97150,97175,96148,96160,96160,96178,96190,96190,96201,96219,96314,96414,96414,96433,96445,96460,96475,94906,94986,94986,95006,95006,93909,93909,93909,93909,93924,94024,94024,94024,94038,93001,93101,93112,93126,93126,93126,93143,92066,92066,92116,92116,92150,92150,92185],"floor_reached":51,"language":"ENG","playtime":2988,"items_purged":["Slimebound:Defend_Slimebound","Clumsy","Slimebound:Strike_Slimebound","Slimebound:Defend_Slimebound","Slimebound:Strike_Slimebound","Slimebound:Defend_Slimebound","Slimebound:Tackle","Slimebound:PressTheAttack","downfall:Haunted","Slimebound:Darklings"],"score":969,"play_id":"2d21e2c9-fb98-4aef-a4f7-76cc571466b1","local_time":"20210212020938","is_ascension_mode":false,"campfire_choices":[{"data":"Apotheosis","floor":10,"key":"SMITH"},{"data":"Slimebound:LeechEnergy","floor":13,"key":"SMITH"},{"data":"Slimebound:LeechEnergy","floor":18,"key":"SMITH"},{"floor":25,"key":"RECALL"},{"data":"Slimebound:LeechEnergy","floor":30,"key":"SMITH"},{"data":"Slimebound:SamplingLick","floor":35,"key":"SMITH"},{"data":"Slimebound:SamplingLick","floor":42,"key":"SMITH"},{"data":"REME_Flogging","floor":47,"key":"SMITH"},{"data":"Slimebound:LevelUp","floor":49,"key":"SMITH"}],"circlet_count":0,"master_deck":["Slimebound:Strike_Slimebound","Slimebound:Defend_Slimebound","Slimebound:Split+1","Slimebound:CorrosiveSpit+1","Slimebound:Schlurp","Slimebound:Gluttony","REME_Flogging+1","Slimebound:Split+1","Slimebound:SamplingLick+1","Slimebound:SamplingLick+1","Slimebound:SpikyOuterGoop","Slimebound:ItLooksTasty","Slimebound:SplitSpecialist","Slimebound:LeechEnergy+1","Slimebound:LeechEnergy+1","Slimebound:OneTwoCombo","Slimebound:SpikyOuterGoop","Slimebound:SlimeSpikes","Slimebound:ComboTackle","Apotheosis+1","Slimebound:LeechEnergy+1","Slimebound:Schlurp","Slimebound:LevelUp+1","Slimebound:Schlurp","Slimebound:OozeBath","Slimebound:GoopSpray","Slimebound:Recollect","Slimebound:HauntingLick","Slimebound:ViciousTackle+1","Slimebound:Recycling+1","Slimebound:HauntingLick","Slimebound:Nibble","Finesse","Panache+1","Mayhem","Slimebound:LeechEnergy+1","Slimebound:LeadByExample+1","Slimebound:SamplingLick+1","Slimebound:RejuvenatingLick+1","Slimebound:OneTwoCombo","Slimebound:TongueLash","Pot Of Greed","Pot Of Greed","Pot Of Greed"],"relics":["Slimebound:AbsorbEndCombat","REME_ComplimentaryCards","Unceasing Top","Bronze Scales","Durian","REME_CardOfGreed","Orichalcum","Omamori","DollysMirror","infinitespire:Broken Mirror","Dream Catcher","OrangePellets","Quantum Egg","ReplayFunnel","HandDrill","PreservedInsect","infinitespire:Satchel","ReplayTheSpireMod:TigerMarble","infinitespire:Lucky Rock","Slimebound:SelfDamagePreventRelic","Replay:Baseball","Replay:Wanted Poster","ReplayTheSpireMod:ShopPack","Onion Ring","Calipers","Simple Rune","Sling","Slimebound:MaxSlimesRelic","Guide Book","Boot","Sundial","Blue Doll","downfall:ExtraCursedKey","SacredBark","Vajra","Prayer Wheel","Replay:Lucky Slots","Slimebound:SlimedTailRelic","downfall:GremlinWheel","Oddly Smooth Stone","Iron Hammer","Bottled Tornado","Chemical X","Grinning Jar","Replay:Bandana"],"acts_visited":["Exordium","TheCity","TheBeyond"],"potions_floor_usage":[],"damage_taken":[{"damage":1,"enemies":"2 Louse","floor":2,"turns":4},{"damage":8,"enemies":"downfall:FleeingMerchant","floor":4,"turns":4},{"damage":0,"enemies":"Cultist","floor":5,"turns":2},{"damage":5,"enemies":"downfall:FleeingMerchant","floor":6,"turns":4},{"damage":19,"enemies":"downfall:FleeingMerchant","floor":8,"turns":3},{"damage":7,"enemies":"Jaw Worm","floor":9,"turns":2},{"damage":0,"enemies":"2 Fungi Beasts","floor":11,"turns":2},{"damage":0,"enemies":"Gremlin Gang","floor":12,"turns":2},{"damage":0,"enemies":"Lots of Slimes","floor":14,"turns":2},{"damage":0,"enemies":"Blue Slaver","floor":15,"turns":2},{"damage":0,"enemies":"DF_ARCHETYPE_STREAMLINE","floor":16,"turns":3},{"damage":0,"enemies":"Shell Parasite","floor":19,"turns":2},{"damage":0,"enemies":"Spheric Guardian","floor":20,"turns":1},{"damage":0,"enemies":"Cultist and Chosen","floor":21,"turns":2},{"damage":0,"enemies":"Centurion and Healer","floor":22,"turns":2},{"damage":0,"enemies":"Snake Plant","floor":26,"turns":1},{"damage":0,"enemies":"Chosen and Byrds","floor":32,"turns":1},{"damage":4,"enemies":"IC_MUSHROOM_ARCHETYPE","floor":33,"turns":2},{"damage":19,"enemies":"3 Darklings","floor":36,"turns":3},{"damage":0,"enemies":"3 Darklings","floor":38,"turns":2},{"damage":1,"enemies":"3 Shapes","floor":39,"turns":2},{"damage":8,"enemies":"Jaw Worm Horde","floor":40,"turns":3},{"damage":0,"enemies":"Maw","floor":43,"turns":2},{"damage":0,"enemies":"Nemesis","floor":48,"turns":1},{"damage":0,"enemies":"SI_POISON_ARCHETYPE","floor":50,"turns":2}],"seed_played":"-7510625609585765569","potions_obtained":[{"floor":2,"key":"PowerPotion"},{"floor":9,"key":"PowerPotion"},{"floor":11,"key":"Slimebound:SlimyTonguePotion"},{"floor":14,"key":"FairyPotion"},{"floor":43,"key":"DistilledChaos"}],"is_trial":false,"path_per_floor":["R_BF","M","?","$","M","$","T","$","M","R","M","M","R","M","M","B",null,"R","M","M","M","M","$","T","R","M","?","$","?","R","?","M","B",null,"R","M","$","?","M","M","T","R","M","$","AVR","?","R","E","R","B",null],"character_chosen":"SLIMEBOUND","items_purchased":["Bronze Scales","Durian","REME_CardOfGreed","Orichalcum","REME_Flogging","Omamori","DollysMirror","Slimebound:SamplingLick","infinitespire:Broken Mirror","Dream Catcher","OrangePellets","Quantum Egg","ReplayFunnel","HandDrill","Slimebound:SplitSpecialist","Slimebound:LeechEnergy","Slimebound:PressTheAttack","infinitespire:Satchel","ReplayTheSpireMod:TigerMarble","infinitespire:Lucky Rock","Slimebound:SelfDamagePreventRelic","Slimebound:SpikyOuterGoop","Slimebound:SlimeSpikes","Slimebound:ComboTackle","Replay:Baseball","Apotheosis","ReplayTheSpireMod:ShopPack","Onion Ring","Calipers","Simple Rune","Sling","Slimebound:Recycling","Slimebound:HauntingLick","Slimebound:Nibble","Guide Book","Boot","Sundial","Blue Doll","Mayhem","Vajra","Prayer Wheel","Replay:Lucky Slots","Slimebound:SlimedTailRelic","DistilledChaos","Oddly Smooth Stone","Iron Hammer","Bottled Tornado","Chemical X"],"campfire_rested":0,"item_purchase_floors":[4,4,4,4,4,4,4,4,6,6,6,6,6,6,6,6,6,8,8,8,8,8,8,8,8,8,23,23,23,23,23,23,23,23,28,28,28,28,28,37,37,37,37,37,44,44,44,44],"current_hp_per_floor":[65,64,64,66,68,70,70,55,54,54,58,62,62,68,70,70,70,70,70,70,70,70,70,70,70,70,70,70,70,70,70,70,70,70,70,53,53,55,60,60,60,60,72,72,72,72,72,74,74,74],"gold":92185,"neow_bonus":"ONE_RARE_RELIC","is_daily":false,"chose_seed":false,"campfire_upgraded":8,"win_rate":0.0,"timestamp":1613120978,"path_taken":["R_BF","M","?","$","M","$","T","?","M","R","M","M","R","M","M","BOSS","R","M","M","M","M","$","T","R","M","?","$","?","R","?","M","BOSS","R","M","$","?","M","?","T","R","M","?","AVR","?","R","E","R","BOSS"],"items_purchased_type":["Relic","Relic","Relic","Relic","Card","Relic","Relic","Card","Relic","Relic","Relic","Relic","Relic","Relic","Card","Card","Card","Relic","Relic","Relic","Relic","Card","Card","Card","Relic","Card","Relic","Relic","Relic","Relic","Relic","Card","Card","Card","Relic","Relic","Relic","Relic","Card","Relic","Relic","Relic","Relic","Potion","Relic","Relic","Relic","Relic"],"build_version":"2020-12-22","purchased_purges":10,"victory":true,"max_hp_per_floor":[65,65,65,70,70,70,70,70,70,70,70,70,70,70,70,70,70,70,70,70,70,70,70,70,70,70,70,70,70,70,70,70,70,70,70,70,70,70,70,70,70,70,74,74,74,74,74,74,74,74],"card_choices":[{"not_picked":["Slimebound:PressTheAttack","Slimebound:DisruptingSlam"],"picked":"Slimebound:Schlurp","floor":2},{"not_picked":["Slimebound:Repurpose","Slimebound:MassFeed"],"picked":"Slimebound:Gluttony","floor":4},{"not_picked":["Slimebound:ComboTackle","Slimebound:GoopTackle"],"picked":"Slimebound:SpikyOuterGoop","floor":5},{"not_picked":["Slimebound:Dissolve","Slimebound:HungryTackle"],"picked":"Slimebound:ItLooksTasty","floor":6},{"not_picked":["Slimebound:ServeAndProtect","Slimebound:SplitBruiser"],"picked":"Slimebound:OneTwoCombo","floor":8},{"not_picked":["Slimebound:SplitLeeching","Slimebound:SlimeTap","Slimebound:MegaLick"],"picked":"SKIP","floor":9},{"not_picked":["Slimebound:Equalize","Slimebound:MegaLick"],"picked":"Slimebound:LeechEnergy","floor":11},{"not_picked":["Slimebound:RollThrough","Slimebound:LeechEnergy"],"picked":"Slimebound:Schlurp","floor":12},{"not_picked":["Slimebound:SlimeSpikes","Slimebound:MassFeed"],"picked":"Slimebound:LevelUp","floor":14},{"not_picked":["Slimebound:SlimeSpikes","Slimebound:SplitLeeching"],"picked":"Slimebound:Schlurp","floor":15},{"not_picked":["Slimebound:LeechLife","Slimebound:MassFeed"],"picked":"Slimebound:OozeBath","floor":16},{"not_picked":["Slimebound:ProtectTheBoss","Slimebound:Grow"],"picked":"Slimebound:GoopSpray","floor":19},{"not_picked":["Slimebound:LivingWall","Slimebound:RejuvenatingLick"],"picked":"Slimebound:Recollect","floor":20},{"not_picked":["Slimebound:BestDefense+1","Slimebound:SplitLeeching"],"picked":"Slimebound:HauntingLick","floor":21},{"not_picked":["Slimebound:PressTheAttack+1","Slimebound:ItLooksTasty"],"picked":"Slimebound:ViciousTackle+1","floor":22},{"not_picked":["Impatience","Dramatic Entrance"],"picked":"Finesse","floor":23},{"not_picked":["ReplayTheSpireMod:Private Reserves","Replay:Sssssssssstrike"],"picked":"Panache","floor":23},{"not_picked":["Slimebound:ComboTackle","Slimebound:GoopTackle+1","Slimebound:RejuvenatingLick"],"picked":"SKIP","floor":26},{"not_picked":["Slimebound:ServeAndProtect","Slimebound:Schlurp"],"picked":"Slimebound:LeechEnergy+1","floor":32},{"not_picked":["Slimebound:Overexert","Slimebound:Recycling"],"picked":"Slimebound:Darklings","floor":33},{"not_picked":["Slimebound:PressTheAttack","Slimebound:ComboTackle","Slimebound:SplitBruiser"],"picked":"SKIP","floor":36},{"not_picked":["Slimebound:ItLooksTasty+1","Slimebound:Chomp"],"picked":"Slimebound:LeadByExample+1","floor":39},{"not_picked":["Slimebound:SplitBruiser","Slimebound:PressTheAttack"],"picked":"Slimebound:SamplingLick+1","floor":39},{"not_picked":["Slimebound:GoopTackle+1","Slimebound:SplitAcid"],"picked":"Slimebound:RejuvenatingLick+1","floor":40},{"not_picked":["Slimebound:Equalize+1","Slimebound:Chomp","Slimebound:ViciousTackle+1"],"picked":"SKIP","floor":40},{"not_picked":["Slimebound:PressTheAttack+1","Slimebound:Schlurp+1"],"picked":"Slimebound:OneTwoCombo","floor":43},{"not_picked":["Slimebound:GoopTackle","Slimebound:SplitMire"],"picked":"Slimebound:TongueLash","floor":43},{"not_picked":["Slimebound:SlimeSpikes+1","Slimebound:ItLooksTasty","Slimebound:SplitBruiser+1"],"picked":"SKIP","floor":48}],"player_experience":643052,"relics_obtained":[{"floor":7,"key":"PreservedInsect"},{"floor":24,"key":"Slimebound:MaxSlimesRelic"},{"floor":38,"key":"downfall:GremlinWheel"},{"floor":48,"key":"Replay:Bandana"}],"event_choices":[{"damage_healed":0,"gold_gain":0,"player_choice":"Ignored","damage_taken":0,"max_hp_gain":0,"max_hp_loss":0,"event_name":"Vampires","floor":27,"gold_loss":0},{"cards_removed":["Pot Of Greed"],"damage_healed":0,"gold_gain":0,"player_choice":"Card Removal","damage_taken":0,"max_hp_gain":0,"max_hp_loss":0,"event_name":"Wheel of Change","floor":49,"gold_loss":0}],"is_beta":false,"boss_relics":[{"not_picked":["infinitespire:Cupcake","Runic Pyramid"],"picked":"Replay:Wanted Poster"},{"not_picked":["Pandora\u0027s Box","Astrolabe"],"picked":"SacredBark"}],"items_purged_floors":[4,4,6,8,8,23,28,37,44,45],"is_endless":false,"potions_floor_spawned":[2,9,11,12,14,20,26,33,43],"ascension_level":0}}