{"host":"6z6y4ky8uzsz1dpj","time":1613139008,"event":{"mods":["AchievementEnabler","BaseMod","BetterRewards","Challenge The Spire","Colored Map","Hubris","Minty Spire (QoL Compilation)","Quick Restart","Relic Stats","Replay The Spire","StSLib"],"gold_per_floor":[113,113,38,56,66,66,93,93,93,8,19,32,138,167,167,263,313,330,317,333,333,273,306,306,332,408,333,360,375,375,375],"floor_reached":30,"language":"ENG","playtime":1348,"items_purged":["Strike_G"],"score":447,"play_id":"bb867699-cdf6-4f03-b300-9f06f1e41079","local_time":"20210212091008","is_ascension_mode":true,"campfire_choices":[{"data":"Noxious Fumes","floor":6,"key":"SMITH"},{"floor":15,"key":"REST"},{"floor":24,"key":"REST"}],"circlet_count":0,"master_deck":["AscendersBane","Strike_G","Strike_G","Strike_G","Defend_G","Defend_G","Defend_G","Defend_G","Defend_G","Survivor","Neutralize","Noxious Fumes+1","Poisoned Stab","Crippling Poison+1","Dagger Spray","Deadly Poison","Acrobatics+1","Catalyst","Dodge and Roll","Poisoned Stab","Dodge and Roll","Crippling Poison","Blur","Fluid Movement+1","ReplayTheSpireMod:Speed Training"],"relics":["Ring of the Snake","CaptainsWheel","Pet Ghost","Iron Hammer","hubris:Potato","Tiny House","hubris:Towel","Gremlin Horn","Oddly Smooth Stone","ReplayTheSpireMod:Shallot","Lantern"],"acts_visited":["Exordium","TheCity"],"potions_floor_usage":[16,19,23,25,28,29],"damage_taken":[{"damage":0,"enemies":"2 Louse","floor":1,"turns":5},{"damage":0,"enemies":"Cultist","floor":4,"turns":4},{"damage":9,"enemies":"Jaw Worm","floor":5,"turns":3},{"damage":20,"enemies":"Gremlin Nob","floor":7,"turns":5},{"damage":3,"enemies":"2 Fungi Beasts","floor":11,"turns":3},{"damage":0,"enemies":"Large Slime","floor":12,"turns":4},{"damage":10,"enemies":"3 Sentries","floor":14,"turns":7},{"damage":33,"enemies":"Fading Forest","floor":16,"turns":11},{"damage":0,"enemies":"Spheric Guardian","floor":18,"turns":4},{"damage":8,"enemies":"2 Thieves","floor":19,"turns":4},{"damage":10,"enemies":"Snake Plant","floor":20,"turns":6},{"damage":32,"enemies":"Replay:Snechameleon","floor":23,"turns":9},{"damage":9,"enemies":"Gremlin Leader","floor":25,"turns":5},{"damage":5,"enemies":"Slavers","floor":28,"turns":6},{"damage":18,"enemies":"Sentry and Sphere","floor":29,"turns":8},{"damage":8,"enemies":"Centurion and Healer","floor":30,"turns":1}],"seed_played":"3899353510348309050","potions_obtained":[{"floor":7,"key":"FearPotion"},{"floor":12,"key":"Swift Potion"},{"floor":14,"key":"SkillPotion"},{"floor":17,"key":"BlessingOfTheForge"},{"floor":23,"key":"AttackPotion"},{"floor":25,"key":"SkillPotion"}],"is_trial":false,"path_per_floor":["M","?","$","M","M","R","E","?","T","$","M","M","?","E","R","B",null,"M","M","M","?","?","E","R","E","T","?","E","M","M"],"character_chosen":"THE_SILENT","items_purchased":["Noxious Fumes","Crippling Poison","Catalyst","Dodge and Roll"],"campfire_rested":2,"item_purchase_floors":[0,3,10,10],"current_hp_per_floor":[63,63,63,63,54,54,34,34,34,34,31,31,31,21,42,17,62,62,54,44,44,44,12,34,25,25,25,20,2,0,0],"gold":375,"neow_bonus":"","is_daily":false,"chose_seed":false,"campfire_upgraded":1,"win_rate":0.0,"timestamp":1613139008,"path_taken":["M","?","$","M","?","R","E","?","T","?","M","M","?","E","R","BOSS","M","M","M","?","?","E","R","E","T","?","E","M","?"],"items_purchased_type":["Card","Card","Card","Card"],"build_version":"2020-12-22","purchased_purges":1,"victory":false,"max_hp_per_floor":[70,70,70,70,70,70,70,70,70,70,70,70,70,70,70,70,75,75,75,75,75,75,75,75,75,75,75,75,75,75,75],"relic_stats":{"Gremlin Horn":[6,6],"counters":[16,85],"obtain_stats":[{"CaptainsWheel":0,"Lantern":28,"Tiny House":17,"Gremlin Horn":23,"ReplayTheSpireMod:Shallot":26,"Oddly Smooth Stone":25,"Iron Hammer":9,"hubris:Towel":21,"Pet Ghost":7,"hubris:Potato":14,"Ring of the Snake":0},{"CaptainsWheel":0,"Lantern":14,"Tiny House":8,"Gremlin Horn":12,"ReplayTheSpireMod:Shallot":13,"Oddly Smooth Stone":13,"Iron Hammer":4,"hubris:Towel":11,"Pet Ghost":4,"hubris:Potato":7,"Ring of the Snake":0},{"CaptainsWheel":0,"Lantern":76,"Tiny House":42,"Gremlin Horn":65,"ReplayTheSpireMod:Shallot":70,"Oddly Smooth Stone":70,"Iron Hammer":17,"hubris:Towel":56,"Pet Ghost":17,"hubris:Potato":31,"Ring of the Snake":0}],"Ring of the Snake":[32]},"card_choices":[{"not_picked":["Quick Slash","Bane"],"picked":"Poisoned Stab","floor":1},{"not_picked":["Calculated Gamble","Bane"],"picked":"Dagger Spray","floor":4},{"not_picked":["Quick Slash","Cloak And Dagger"],"picked":"Deadly Poison","floor":5},{"not_picked":["Blade Dance","Quick Slash"],"picked":"Acrobatics","floor":7},{"not_picked":["Leg Sweep","Expertise","Prepared"],"picked":"SKIP","floor":11},{"not_picked":["Dagger Throw","Slice"],"picked":"Poisoned Stab","floor":12},{"not_picked":["Cloak And Dagger","Prepared"],"picked":"Dodge and Roll","floor":13},{"not_picked":["Blade Dance","Concentrate"],"picked":"Crippling Poison","floor":13},{"not_picked":["Masterful Stab","hubris:Counter","Backflip"],"picked":"SKIP","floor":14},{"not_picked":["Dodge and Roll","hubris:SlightOfHand"],"picked":"Blur","floor":17},{"not_picked":["Expertise","Outmaneuver"],"picked":"Fluid Movement+1","floor":18},{"not_picked":["Dodge and Roll","Hidden Blade","Bane"],"picked":"SKIP","floor":19},{"not_picked":["ReplayTheSpireMod:Exploit Weakness","hubris:Counter","Riddle With Holes"],"picked":"SKIP","floor":20},{"not_picked":["Masterful Stab","hubris:Sniper"],"picked":"ReplayTheSpireMod:Speed Training","floor":23},{"not_picked":["Acrobatics","Draining Mist","Hidden Blade"],"picked":"SKIP","floor":25},{"not_picked":["Prepared","hubris:TrickCloak+1","Quick Slash"],"picked":"SKIP","floor":28},{"not_picked":["Dagger Throw+1","Bane","Caltrops+1"],"picked":"SKIP","floor":29}],"player_experience":613956,"relics_obtained":[{"floor":7,"key":"Pet Ghost"},{"floor":9,"key":"Iron Hammer"},{"floor":14,"key":"hubris:Potato"},{"floor":23,"key":"Gremlin Horn"},{"floor":25,"key":"Oddly Smooth Stone"},{"floor":26,"key":"ReplayTheSpireMod:Shallot"},{"floor":28,"key":"Lantern"}],"event_choices":[{"damage_healed":0,"gold_gain":0,"player_choice":"Bought 0 Potions","damage_taken":0,"max_hp_gain":0,"max_hp_loss":0,"event_name":"The Woman in Blue","floor":2,"gold_loss":0},{"damage_healed":0,"gold_gain":0,"player_choice":"Grow","damage_taken":0,"max_hp_gain":0,"max_hp_loss":0,"event_name":"Living Wall","floor":8,"gold_loss":0,"cards_upgraded":["Crippling Poison"]},{"cards_removed":["Strike_G"],"damage_healed":0,"gold_gain":0,"player_choice":"Gave Gold","damage_taken":0,"max_hp_gain":0,"max_hp_loss":0,"event_name":"Beggar","floor":27,"gold_loss":75}],"is_beta":false,"boss_relics":[{"not_picked":["Replay:Grab Bag","ChewingGum"],"picked":"Tiny House"}],"items_purged_floors":[0],"is_endless":false,"potions_floor_spawned":[7,12,14,23,25],"killed_by":"Centurion and Healer","ascension_level":10}}