{"host":"sc0o2qwpf9j16a4i","time":1613141115,"event":{"mods":["AchievementEnabler","BaseMod","BetterRewards","Block Reminder","Colored Map","Colored Powertips","Custom Start","Highlight Path","Minty Spire (QoL Compilation)","Relic Stats"],"gold_per_floor":[141,141,316,316,23,119,44,159,185,221,254,335,385,438,438,741,741,798,133,169,169,90,186,186,186,257,287,64,64,163,214,214,508,508,559,39,39,78,78,183,243,321,370,370,403,403,403,478,478,478],"floor_reached":51,"language":"ENG","playtime":2201,"items_purged":["Regret","Transmutation"],"score":1244,"play_id":"855fac0b-8e5f-43dd-b45a-5ac4c35ff302","local_time":"20210212164515","daily_mods":["Shiny","Colorless Cards","Midas"],"is_ascension_mode":false,"campfire_choices":[{"floor":15,"key":"REST"},{"floor":29,"key":"REST"},{"floor":32,"key":"REST"},{"floor":44,"key":"REST"},{"floor":47,"key":"REST"},{"floor":49,"key":"REST"}],"circlet_count":0,"master_deck":["Double Tap","Demon Form","Bludgeon","Feed","Limit Break","Corruption","Barricade","Fiend Fire","Impervious","Juggernaut","Reaper","Exhume","Offering","Immolate","Thinking Ahead","Metamorphosis","Master of Strategy","Magnetism","Chrysalis","HandOfGreed","Mayhem","Apotheosis","Secret Weapon","Panache","Violence","Secret Technique","The Bomb","Sadistic Nature","Dual Wield","Enlightenment","Shockwave","True Grit","Master of Strategy","Impervious","CurseOfTheBell","Pommel Strike+1","Ghostly Armor+1","Feel No Pain","Dark Embrace","Sentinel","Secret Technique","Second Wind","True Grit+1","Dark Embrace","Burning Pact","Feed","Second Wind+1","Reaper","Apotheosis","Burning Pact","Sentinel","Second Wind+1","Seeing Red+1"],"relics":["Burning Blood","Champion Belt","Mummified Hand","Bag of Preparation","Oddly Smooth Stone","MealTicket","Anchor","Potion Belt","HornCleat","Calling Bell","Akabeko","Ornamental Fan","Dead Branch","Orrery","FossilizedHelix","Nilry\u0027s Codex","Red Skull","StrikeDummy","OrangePellets","Snecko Eye","Medical Kit","Bottled Tornado","Sundial","Omamori","Bronze Scales","Torii"],"acts_visited":["Exordium","TheCity","TheBeyond"],"potions_floor_usage":[16,23,33,50,50],"damage_taken":[{"damage":11,"enemies":"2 Louse","floor":1,"turns":2},{"damage":42,"enemies":"3 Sentries","floor":6,"turns":3},{"damage":6,"enemies":"Lagavulin","floor":8,"turns":3},{"damage":1,"enemies":"Jaw Worm","floor":10,"turns":3},{"damage":0,"enemies":"Cultist","floor":11,"turns":3},{"damage":10,"enemies":"3 Sentries","floor":12,"turns":3},{"damage":6,"enemies":"Looter","floor":13,"turns":1},{"damage":30,"enemies":"Hexaghost","floor":16,"turns":4},{"damage":0,"enemies":"Chosen","floor":18,"turns":3},{"damage":0,"enemies":"3 Byrds","floor":20,"turns":2},{"damage":0,"enemies":"Gremlin Leader","floor":23,"turns":3},{"damage":0,"enemies":"Snake Plant","floor":27,"turns":1},{"damage":0,"enemies":"Chosen and Byrds","floor":31,"turns":2},{"damage":1,"enemies":"Automaton","floor":33,"turns":4},{"damage":15,"enemies":"3 Darklings","floor":35,"turns":2},{"damage":0,"enemies":"Orb Walker","floor":38,"turns":4},{"damage":0,"enemies":"Reptomancer","floor":40,"turns":2},{"damage":0,"enemies":"3 Darklings","floor":41,"turns":1},{"damage":0,"enemies":"Giant Head","floor":42,"turns":3},{"damage":0,"enemies":"Transient","floor":45,"turns":5},{"damage":0,"enemies":"Nemesis","floor":48,"turns":3},{"damage":0,"enemies":"Donu and Deca","floor":50,"turns":3}],"seed_played":"7011970955180738156","potions_obtained":[{"floor":1,"key":"SteroidPotion"},{"floor":13,"key":"PowerPotion"},{"floor":18,"key":"Energy Potion"},{"floor":20,"key":"Explosive Potion"},{"floor":27,"key":"SkillPotion"},{"floor":42,"key":"HeartOfIron"},{"floor":48,"key":"Dexterity Potion"}],"is_trial":true,"path_per_floor":["M","?","?","?","$","E","$","E","T","M","M","E","M","?","R","B",null,"M","$","M","?","$","E","?","?","T","M","$","R","?","M","R","B",null,"M","$","?","M","?","E","M","E","T","R","M","?","R","E","R","B",null],"character_chosen":"IRONCLAD","items_purchased":["Bag of Preparation","Oddly Smooth Stone","Orrery","FossilizedHelix","Dark Embrace","Sentinel","Second Wind","OrangePellets","Dark Embrace","Medical Kit","Bottled Tornado","Reaper","Block Potion"],"campfire_rested":6,"item_purchase_floors":[5,5,19,19,19,19,22,28,28,36,36,36,36],"current_hp_per_floor":[78,78,78,60,60,28,43,43,43,52,65,68,68,68,97,77,101,105,105,108,92,107,108,108,108,108,108,108,108,108,108,108,112,112,116,116,116,120,120,120,120,124,124,124,124,134,134,138,138,142],"gold":478,"neow_bonus":"","is_daily":false,"chose_seed":false,"campfire_upgraded":0,"win_rate":0.0,"timestamp":1613141115,"path_taken":["M","?","?","?","$","E","$","E","T","M","?","E","M","?","R","BOSS","M","$","M","?","?","E","?","?","T","M","$","R","?","M","R","BOSS","M","$","?","M","?","E","?","E","T","R","M","?","R","E","R","BOSS"],"items_purchased_type":["Relic","Relic","Relic","Relic","Card","Card","Card","Relic","Card","Relic","Relic","Card","Potion"],"build_version":"2020-12-22","purchased_purges":2,"victory":true,"max_hp_per_floor":[83,83,83,83,83,87,87,87,87,87,90,97,97,97,97,101,101,105,105,108,108,108,108,108,108,108,108,108,108,108,108,108,112,112,116,116,116,120,120,120,120,124,124,124,124,134,134,138,138,142],"relic_stats":{"Torii":0,"counters":[22,60],"Dead Branch":[255],"Bag of Preparation":[42],"Medical Kit":[2],"Burning Blood":51,"OrangePellets":[10],"Mummified Hand":[164],"Ornamental Fan":[36],"Sundial":[0],"Bronze Scales":[22],"Snecko Eye":[40,43,38,38],"MealTicket":30,"Champion Belt":[23],"obtain_stats":[{"Torii":48,"Nilry\u0027s Codex":21,"Bag of Preparation":5,"Bottled Tornado":36,"Burning Blood":0,"HornCleat":12,"Mummified Hand":4,"Sundial":40,"MealTicket":6,"Red Skull":23,"Potion Belt":9,"Dead Branch":17,"Oddly Smooth Stone":5,"Omamori":42,"Medical Kit":36,"Akabeko":17,"Calling Bell":17,"OrangePellets":28,"Anchor":8,"Ornamental Fan":17,"Bronze Scales":43,"Orrery":19,"Snecko Eye":34,"Champion Belt":2,"StrikeDummy":26,"FossilizedHelix":19},{"Torii":21,"Nilry\u0027s Codex":10,"Bag of Preparation":1,"Bottled Tornado":15,"Burning Blood":0,"HornCleat":6,"Mummified Hand":1,"Sundial":17,"MealTicket":2,"Red Skull":11,"Potion Belt":3,"Dead Branch":8,"Oddly Smooth Stone":1,"Omamori":19,"Medical Kit":15,"Akabeko":8,"Calling Bell":8,"OrangePellets":12,"Anchor":3,"Ornamental Fan":8,"Bronze Scales":19,"Orrery":9,"Snecko Eye":14,"Champion Belt":1,"StrikeDummy":11,"FossilizedHelix":9},{"Torii":57,"Nilry\u0027s Codex":27,"Bag of Preparation":2,"Bottled Tornado":39,"Burning Blood":0,"HornCleat":17,"Mummified Hand":2,"Sundial":45,"MealTicket":5,"Red Skull":30,"Potion Belt":8,"Dead Branch":22,"Oddly Smooth Stone":2,"Omamori":49,"Medical Kit":39,"Akabeko":22,"Calling Bell":22,"OrangePellets":31,"Anchor":8,"Ornamental Fan":22,"Bronze Scales":49,"Orrery":25,"Snecko Eye":37,"Champion Belt":2,"StrikeDummy":30,"FossilizedHelix":25}]},"card_choices":[{"not_picked":["Bandage Up","Enlightenment"],"picked":"Dual Wield","floor":1},{"not_picked":["Thunderclap","Warcry","Flex"],"picked":"SKIP","floor":6},{"not_picked":["Sword Boomerang","Armaments"],"picked":"Enlightenment","floor":8},{"not_picked":["Immolate","Cleave","Warcry"],"picked":"SKIP","floor":10},{"not_picked":["Headbutt","Wild Strike"],"picked":"Shockwave","floor":11},{"not_picked":["Mind Blast","Uppercut"],"picked":"True Grit","floor":12},{"not_picked":["Impatience","Rupture"],"picked":"Master of Strategy","floor":13},{"not_picked":["Metamorphosis","Sadistic Nature"],"picked":"Impervious","floor":16},{"not_picked":["Armaments","Sword Boomerang"],"picked":"Pommel Strike+1","floor":18},{"not_picked":["Purity+1","Heavy Blade"],"picked":"Ghostly Armor+1","floor":19},{"not_picked":["Blood for Blood","Headbutt"],"picked":"Feel No Pain","floor":19},{"not_picked":["Wild Strike","Cleave"],"picked":"Secret Technique","floor":20},{"not_picked":["Perfected Strike","Iron Wave","Wild Strike"],"picked":"SKIP","floor":23},{"not_picked":["Ghostly Armor","Intimidate"],"picked":"True Grit+1","floor":27},{"not_picked":["Cleave","Flex"],"picked":"Burning Pact","floor":31},{"not_picked":["Master of Strategy","Barricade"],"picked":"Feed","floor":33},{"not_picked":["Hemokinesis+1","PanicButton"],"picked":"Second Wind+1","floor":35},{"not_picked":["Twin Strike","Perfected Strike","Fire Breathing"],"picked":"SKIP","floor":38},{"not_picked":["Pommel Strike","Jack Of All Trades"],"picked":"Burning Pact","floor":40},{"not_picked":["Pommel Strike","Intimidate"],"picked":"Sentinel","floor":41},{"not_picked":["Anger","Forethought+1"],"picked":"Second Wind+1","floor":42},{"not_picked":["Wild Strike","Clothesline+1","Dropkick"],"picked":"SKIP","floor":45},{"not_picked":["Headbutt","Clash"],"picked":"Seeing Red+1","floor":48}],"player_experience":1365764,"relics_obtained":[{"floor":6,"key":"MealTicket"},{"floor":8,"key":"Anchor"},{"floor":9,"key":"Potion Belt"},{"floor":12,"key":"HornCleat"},{"floor":17,"key":"Akabeko"},{"floor":17,"key":"Ornamental Fan"},{"floor":17,"key":"Dead Branch"},{"floor":21,"key":"Nilry\u0027s Codex"},{"floor":23,"key":"Red Skull"},{"floor":26,"key":"StrikeDummy"},{"floor":40,"key":"Sundial"},{"floor":42,"key":"Omamori"},{"floor":43,"key":"Bronze Scales"},{"floor":48,"key":"Torii"}],"event_choices":[{"damage_healed":0,"gold_gain":0,"player_choice":"Box","damage_taken":0,"relics_obtained":["Champion Belt"],"max_hp_gain":0,"max_hp_loss":0,"event_name":"Big Fish","floor":2,"gold_loss":0,"cards_obtained":["Regret"]},{"damage_healed":0,"gold_gain":175,"player_choice":"AGREE","damage_taken":0,"max_hp_gain":0,"max_hp_loss":0,"event_name":"Liars Game","floor":3,"gold_loss":0,"cards_obtained":["Doubt"]},{"damage_healed":0,"gold_gain":0,"player_choice":"Success","damage_taken":18,"relics_obtained":["Mummified Hand"],"max_hp_gain":0,"max_hp_loss":0,"event_name":"Scrap Ooze","floor":4,"gold_loss":0},{"damage_healed":0,"gold_gain":53,"player_choice":"Gained Gold","damage_taken":0,"max_hp_gain":0,"max_hp_loss":0,"event_name":"Golden Wing","floor":14,"gold_loss":0},{"damage_healed":0,"gold_gain":0,"player_choice":"Obtained Book","damage_taken":16,"max_hp_gain":0,"max_hp_loss":0,"event_name":"Cursed Tome","floor":21,"gold_loss":0},{"damage_healed":0,"gold_gain":0,"player_choice":"Ignored","damage_taken":0,"max_hp_gain":0,"max_hp_loss":0,"event_name":"Vampires","floor":24,"gold_loss":0},{"cards_removed":["Doubt"],"damage_healed":0,"gold_gain":0,"player_choice":"Elegance","damage_taken":0,"max_hp_gain":0,"max_hp_loss":0,"event_name":"Back to Basics","floor":25,"gold_loss":0},{"damage_healed":0,"gold_gain":99,"player_choice":"Stole From Cult","damage_taken":0,"max_hp_gain":0,"max_hp_loss":0,"event_name":"Nest","floor":30,"gold_loss":0},{"cards_removed":["Berserk"],"damage_healed":0,"gold_gain":0,"player_choice":"Removed Power","damage_taken":0,"max_hp_gain":0,"max_hp_loss":0,"event_name":"Falling","floor":37,"gold_loss":0},{"damage_healed":0,"gold_gain":0,"player_choice":"Copied","damage_taken":0,"max_hp_gain":0,"max_hp_loss":0,"event_name":"Duplicator","floor":39,"gold_loss":0,"cards_obtained":["Apotheosis"]},{"cards_removed":["Brutality"],"damage_healed":0,"gold_gain":0,"player_choice":"Offered Rare","damage_taken":0,"max_hp_gain":10,"max_hp_loss":0,"event_name":"Bonfire Elementals","floor":46,"gold_loss":0}],"is_beta":false,"boss_relics":[{"not_picked":["Black Blood","Mark of Pain"],"picked":"Calling Bell"},{"not_picked":["Cursed Key","Runic Pyramid"],"picked":"Snecko Eye"}],"items_purged_floors":[7,19],"is_endless":false,"potions_floor_spawned":[1,13,18,20,27,42,48],"ascension_level":0}}