{"host":"pqs17sqrgflf4eqa","time":1613106236,"event":{"mods":["AchievementEnabler","BaseMod","Bestiary","Better Altar","Colored Map","Colored Powertips","Emptier Cage","Googly Eyes","Highlight Path","Minty Spire (QoL Compilation)","Quick Restart","StSLib","SuperFastMode","Transform Curses","slay the spire mod where everything is the same but ironclad has a cowboy hat"],"gold_per_floor":[113,113,188,206,218,246,246,276,299,316,14,14,72,100,100,205,205,216,233,245,160,172,172,206,232,269,22,22,22,22,52,52,52,52],"floor_reached":33,"language":"ENG","playtime":751,"items_purged":[],"score":410,"play_id":"9fc030be-e555-49f3-8681-cdd30ae243fc","local_time":"20210212000356","is_ascension_mode":true,"campfire_choices":[{"data":"Tantrum","floor":7,"key":"SMITH"},{"floor":12,"key":"REST"},{"data":"DevaForm","floor":15,"key":"SMITH"},{"floor":23,"key":"REST"},{"floor":28,"key":"REST"},{"floor":32,"key":"REST"}],"circlet_count":0,"master_deck":["Strike_P+1","Strike_P+1","Strike_P+1","Strike_P+1","Defend_P+1","Defend_P+1","Defend_P+1","Defend_P+1","Eruption+1","Vigilance","Consecrate","FearNoEvil","Tantrum+1","CutThroughFate","ClearTheMind","DevaForm+1","CrushJoints","WindmillStrike","CarveReality","SpiritShield","EmptyBody","Wallop","CrushJoints","Consecrate+1","Devotion+1","Protect","Indignation","Swivel+1"],"relics":["PureWater","NeowsBlessing","Dream Catcher","Damaru","Blood Vial","Oddly Smooth Stone","Sling","Blue Candle","Nunchaku","Philosopher\u0027s Stone","Orichalcum","MawBank","Bag of Preparation","Akabeko","Torii"],"acts_visited":["Exordium","TheCity"],"potions_floor_usage":[6,8,16,20,22,31,31],"damage_taken":[{"damage":0,"enemies":"Cultist","floor":1,"turns":1},{"damage":0,"enemies":"Small Slimes","floor":4,"turns":1},{"damage":0,"enemies":"Jaw Worm","floor":5,"turns":1},{"damage":28,"enemies":"3 Sentries","floor":6,"turns":7},{"damage":0,"enemies":"Lagavulin","floor":8,"turns":3},{"damage":8,"enemies":"Blue Slaver","floor":10,"turns":2},{"damage":16,"enemies":"3 Sentries","floor":13,"turns":4},{"damage":9,"enemies":"3 Sentries","floor":14,"turns":4},{"damage":18,"enemies":"Hexaghost","floor":16,"turns":6},{"damage":0,"enemies":"Spheric Guardian","floor":18,"turns":2},{"damage":8,"enemies":"Chosen","floor":19,"turns":4},{"damage":7,"enemies":"Snecko","floor":20,"turns":5},{"damage":30,"enemies":"Snake Plant","floor":22,"turns":4},{"damage":33,"enemies":"Gremlin Leader","floor":24,"turns":5},{"damage":10,"enemies":"Chosen and Byrds","floor":25,"turns":4},{"damage":23,"enemies":"Slavers","floor":31,"turns":5},{"damage":56,"enemies":"Champ","floor":33,"turns":7}],"seed_played":"-6145685949024589579","potions_obtained":[{"floor":4,"key":"EssenceOfSteel"},{"floor":6,"key":"Fire Potion"},{"floor":13,"key":"PowerPotion"},{"floor":16,"key":"Explosive Potion"},{"floor":18,"key":"Block Potion"},{"floor":25,"key":"SpeedPotion"},{"floor":31,"key":"Block Potion"}],"is_trial":false,"path_per_floor":["M","?","?","M","M","E","R","E","T","M","$","R","?","E","R","B",null,"M","M","M","?","M","R","E","M","T","$","R","?","?","E","R","B"],"character_chosen":"WATCHER","items_purchased":["Oddly Smooth Stone","Sling","Akabeko","BottledMiracle","FearPotion"],"campfire_rested":4,"item_purchase_floors":[11,11,27,27,27],"current_hp_per_floor":[72,72,61,61,61,33,33,33,33,27,27,48,34,27,27,11,57,59,53,48,48,20,41,10,2,2,2,23,23,23,2,23,0,0],"gold":52,"neow_bonus":"THREE_ENEMY_KILL","is_daily":false,"chose_seed":false,"campfire_upgraded":2,"win_rate":0.0,"timestamp":1613106236,"path_taken":["M","?","?","M","M","E","R","E","T","M","$","R","?","E","R","BOSS","M","M","M","?","M","R","E","M","T","$","R","?","?","E","R","BOSS"],"items_purchased_type":["Relic","Relic","Relic","Potion","Potion"],"build_version":"2020-12-22","purchased_purges":0,"victory":false,"max_hp_per_floor":[72,72,72,72,72,72,72,72,72,72,72,72,72,72,72,72,72,72,72,72,72,72,72,72,72,72,72,72,72,72,72,72,72,72],"card_choices":[{"not_picked":["EmptyFist","ReachHeaven"],"picked":"Consecrate","floor":1},{"not_picked":["SignatureMove","CutThroughFate"],"picked":"FearNoEvil","floor":4},{"not_picked":["CarveReality","FollowUp"],"picked":"Tantrum","floor":5},{"not_picked":["EmptyMind","Wireheading"],"picked":"CutThroughFate","floor":6},{"not_picked":["InnerPeace","Pray"],"picked":"ClearTheMind","floor":8},{"not_picked":["EmptyFist","BattleHymn"],"picked":"DevaForm","floor":10},{"not_picked":["Vengeance","FlurryOfBlows"],"picked":"CrushJoints","floor":12},{"not_picked":["TalkToTheHand","LikeWater"],"picked":"WindmillStrike","floor":13},{"not_picked":["EmptyMind","SashWhip"],"picked":"CarveReality","floor":14},{"not_picked":["Omniscience","MasterReality"],"picked":"SpiritShield","floor":16},{"not_picked":["Consecrate","WaveOfTheHand"],"picked":"EmptyBody","floor":18},{"not_picked":["Sanctity","ThirdEye"],"picked":"Wallop","floor":19},{"not_picked":["Pray","PathToVictory"],"picked":"CrushJoints","floor":20},{"not_picked":["FlyingSleeves","Halt"],"picked":"Consecrate+1","floor":22},{"not_picked":["Conclude","EmptyFist"],"picked":"Devotion","floor":24},{"not_picked":["Sanctity+1","Swivel+1"],"picked":"Protect","floor":25},{"not_picked":["Consecrate+1","EmptyMind+1"],"picked":"Indignation","floor":28},{"not_picked":["JustLucky","Sanctity","CutThroughFate"],"picked":"SKIP","floor":31},{"not_picked":["FlyingSleeves","JustLucky+1"],"picked":"Swivel+1","floor":32}],"player_experience":167570,"relics_obtained":[{"floor":6,"key":"Dream Catcher"},{"floor":8,"key":"Damaru"},{"floor":9,"key":"Blood Vial"},{"floor":13,"key":"Blue Candle"},{"floor":14,"key":"Nunchaku"},{"floor":24,"key":"MawBank"},{"floor":26,"key":"Bag of Preparation"},{"floor":31,"key":"Torii"}],"event_choices":[{"damage_healed":0,"gold_gain":0,"player_choice":"Grow","damage_taken":0,"max_hp_gain":0,"max_hp_loss":0,"event_name":"Living Wall","floor":2,"gold_loss":0,"cards_upgraded":["Eruption"]},{"damage_healed":0,"gold_gain":75,"player_choice":"Gather Gold","damage_taken":11,"max_hp_gain":0,"max_hp_loss":0,"event_name":"World of Goop","floor":3,"gold_loss":0},{"damage_healed":0,"gold_gain":30,"player_choice":"Searched \u00273\u0027 times","damage_taken":0,"max_hp_gain":0,"max_hp_loss":0,"event_name":"Dead Adventurer","floor":13,"gold_loss":0},{"damage_healed":0,"gold_gain":0,"player_choice":"Obtained Relic","damage_taken":0,"relics_obtained":["Orichalcum"],"max_hp_gain":0,"max_hp_loss":0,"event_name":"Addict","floor":21,"gold_loss":85},{"damage_healed":0,"gold_gain":0,"player_choice":"Simplicity","damage_taken":0,"max_hp_gain":0,"max_hp_loss":0,"event_name":"Back to Basics","floor":29,"gold_loss":0,"cards_upgraded":["Strike_P","Strike_P","Strike_P","Strike_P","Defend_P","Defend_P","Defend_P","Defend_P"]},{"damage_healed":0,"gold_gain":0,"player_choice":"Upgraded","damage_taken":0,"max_hp_gain":0,"max_hp_loss":0,"event_name":"Upgrade Shrine","floor":30,"gold_loss":0,"cards_upgraded":["Devotion"]}],"is_beta":false,"boss_relics":[{"not_picked":["Cursed Key","Runic Dome"],"picked":"Philosopher\u0027s Stone"}],"items_purged_floors":[],"is_endless":false,"potions_floor_spawned":[4,6,13,16,18,25,31],"killed_by":"Champ","ascension_level":5}}