{"host":"qm4rv4rkpk76sbxu","time":1613155373,"event":{"mods":["BaseMod","Bestiary","Block Reminder","DeckTracker","Filter the Spire","Keyboard Shortcuts","Minty Spire (QoL Compilation)","MonsterHotkey","Quick Restart","Random Character Button","Relic Stats","Slay-I","StSLib","Unceasing Turn Reminder","ojb\u0027s Better Paths Mod","ojb\u0027s Info Mod"],"gold_per_floor":[110,124,124,124,134,159,159,169,169,169,169,180,198,224,224,325,325,342,353,7,20,31,64,64,96,96,96,96,115,115,148,148,252,252,272,272,289,289,305,331,331,346,346,375,400,416,445,479,479,479,479,479,11,41,41],"floor_reached":56,"language":"ENG","playtime":8146,"items_purged":["Regret","Slice"],"score":1669,"play_id":"0b09ef49-a8b5-4e87-a49e-de2be9aa4e0d","local_time":"20210212194253","is_ascension_mode":true,"campfire_choices":[{"data":"Doppelganger","floor":7.0,"key":"SMITH"},{"data":"Crippling Poison","floor":11.0,"key":"SMITH"},{"data":"Footwork","floor":15.0,"key":"SMITH"},{"data":"Burst","floor":28.0,"key":"SMITH"},{"data":"After Image","floor":30.0,"key":"SMITH"},{"data":"All Out Attack","floor":32.0,"key":"SMITH"},{"data":"Leg Sweep","floor":41.0,"key":"SMITH"},{"floor":49.0,"key":"RECALL"},{"data":"Blur","floor":52,"key":"SMITH"}],"circlet_count":0,"master_deck":["Survivor","Neutralize","Skewer+1","Bullet Time","Deadly Poison","Underhanded Strike","Doppelganger+1","After Image+1","Crippling Poison+1","Dash","Blur+1","Poisoned Stab","Unload","Terror","Footwork+1","Burst+1","All Out Attack+1","Underhanded Strike","Cloak And Dagger+1","Dagger Throw","Backflip","Acrobatics+1","PiercingWail+1","Phantasmal Killer","Reflex+1","Footwork+1","Burst+1","Leg Sweep+1","Dodge and Roll+1","Footwork+1","Acrobatics+1","Blur"],"relics":["Pandora\u0027s Box","Omamori","Pantograph","Bag of Marbles","Unceasing Top","Gremlin Horn","Snecko Eye","Chemical X","Ancient Tea Set","Bottled Lightning","WingedGreaves","Question Card","HoveringKite","Pear","Bird Faced Urn","Juzu Bracelet","CeramicFish","StrikeDummy","Kunai","CaptainsWheel"],"acts_visited":["Exordium","TheCity","TheBeyond","TheEnding"],"potions_floor_usage":[50,55,55],"damage_taken":[{"damage":2.0,"enemies":"Jaw Worm","floor":1.0,"turns":3.0},{"damage":3.0,"enemies":"2 Louse","floor":2.0,"turns":2.0},{"damage":0.0,"enemies":"Cultist","floor":5.0,"turns":3.0},{"damage":25.0,"enemies":"Gremlin Nob","floor":6.0,"turns":4.0},{"damage":1.0,"enemies":"3 Louse","floor":8.0,"turns":4.0},{"damage":6.0,"enemies":"Gremlin Gang","floor":12.0,"turns":3.0},{"damage":1.0,"enemies":"Large Slime","floor":13.0,"turns":4.0},{"damage":9.0,"enemies":"Lagavulin","floor":14.0,"turns":5.0},{"damage":16.0,"enemies":"Hexaghost","floor":16.0,"turns":6.0},{"damage":3.0,"enemies":"3 Byrds","floor":18.0,"turns":3.0},{"damage":3.0,"enemies":"Chosen","floor":19.0,"turns":2.0},{"damage":10.0,"enemies":"Snake Plant","floor":21.0,"turns":2.0},{"damage":0.0,"enemies":"Shelled Parasite and Fungi","floor":22.0,"turns":2.0},{"damage":15.0,"enemies":"Book of Stabbing","floor":23.0,"turns":2.0},{"damage":25.0,"enemies":"Slavers","floor":25.0,"turns":3.0},{"damage":0.0,"enemies":"Sentry and Sphere","floor":29.0,"turns":2.0},{"damage":1.0,"enemies":"Book of Stabbing","floor":31.0,"turns":2.0},{"damage":0.0,"enemies":"Collector","floor":33.0,"turns":6.0},{"damage":7.0,"enemies":"3 Darklings","floor":35.0,"turns":3.0},{"damage":0.0,"enemies":"Orb Walker","floor":37.0,"turns":2.0},{"damage":12.0,"enemies":"Sphere and 2 Shapes","floor":39.0,"turns":3.0},{"damage":0.0,"enemies":"Reptomancer","floor":40.0,"turns":3.0},{"damage":0.0,"enemies":"3 Darklings","floor":42.0,"turns":3.0},{"damage":0.0,"enemies":"Giant Head","floor":44.0,"turns":7.0},{"damage":2.0,"enemies":"Writhing Mass","floor":46.0,"turns":5.0},{"damage":6.0,"enemies":"Reptomancer","floor":47.0,"turns":5.0},{"damage":0.0,"enemies":"Nemesis","floor":48.0,"turns":7.0},{"damage":14,"enemies":"Time Eater","floor":50,"turns":9},{"damage":0,"enemies":"Shield and Spear","floor":54,"turns":6},{"damage":50,"enemies":"The Heart","floor":55,"turns":9}],"seed_played":"1311159749794802476","potions_obtained":[{"floor":2.0,"key":"Strength Potion"},{"floor":12.0,"key":"DistilledChaos"},{"floor":14.0,"key":"BlessingOfTheForge"},{"floor":22.0,"key":"Dexterity Potion"},{"floor":25.0,"key":"SneckoOil"},{"floor":29.0,"key":"Strength Potion"},{"floor":33.0,"key":"CultistPotion"},{"floor":46.0,"key":"Swift Potion"}],"is_trial":false,"path_per_floor":["M","M","?","?","M","E","R","M","T","?","R","M","M","E","R","B",null,"M","M","$","M","M","E","?","E","T","?","R","M","R","E","R","B",null,"M","?","M","?","M","E","R","M","T","E","T","M","E","E","R","B",null,"R","$","E","B",null],"character_chosen":"THE_SILENT","items_purchased":["Chemical X","Underhanded Strike","BlessingOfTheForge","AttackPotion","Blur","LiquidMemories","Kunai"],"campfire_rested":0,"item_purchase_floors":[20,20,20,20,53,53,53],"current_hp_per_floor":[68,65,65,65,65,40,40,39,39,39,39,33,32,23,23,32,70,67,64,64,54,54,39,39,14,14,80,80,80,80,79,79,80,80,73,73,73,73,61,71,71,71,71,71,71,73,75,83,83,76,90,90,90,90,42],"gold":41,"neow_bonus":"BOSS_RELIC","is_daily":false,"chose_seed":false,"campfire_upgraded":8,"win_rate":0.0,"timestamp":1613155373,"path_taken":["M","M","?","?","?","E","R","M","T","?","R","M","M","E","R","BOSS","M","M","$","?","M","E","?","E","T","?","R","?","R","E","R","BOSS","M","?","?","?","?","E","R","M","T","E","?","M","E","E","R","BOSS","R","$","E","BOSS"],"items_purchased_type":["Relic","Card","Potion","Potion","Card","Potion","Relic"],"build_version":"2020-12-22","purchased_purges":2,"victory":true,"max_hp_per_floor":[70,70,70,70,70,70,70,70,70,70,70,70,70,70,70,70,70,70,70,70,70,70,70,70,70,70,80,80,80,80,80,80,80,80,80,80,80,80,80,90,90,90,90,90,90,90,90,90,90,90,90,90,90,90,90],"relic_stats":{"Gremlin Horn":[18,23],"counters":[30,120],"CeramicFish":9,"HoveringKite":[38],"Juzu Bracelet":0,"Question Card":11,"Pantograph":33,"Bird Faced Urn":[22],"Snecko Eye":[201,164,173,195],"Pandora\u0027s Box":["Dodge and Roll","Skewer","Bullet Time","Deadly Poison","Escape Plan","Underhanded Strike","Doppelganger","Bullet Time","After Image","Crippling Poison"],"Chemical X":[47],"Kunai":[7],"obtain_stats":[{"Pear":40,"Gremlin Horn":14,"CeramicFish":47,"HoveringKite":34,"Omamori":3,"Juzu Bracelet":45,"Ancient Tea Set":23,"Question Card":31,"CaptainsWheel":54,"Pantograph":6,"Bird Faced Urn":44,"Snecko Eye":17,"Pandora\u0027s Box":0,"WingedGreaves":26,"Bag of Marbles":9,"Chemical X":20,"Bottled Lightning":25,"Kunai":53,"StrikeDummy":48,"Unceasing Top":10,"Ring of the Snake":0},{"Pear":22,"Gremlin Horn":8,"CeramicFish":26,"HoveringKite":18,"Omamori":2,"Juzu Bracelet":24,"Ancient Tea Set":14,"Question Card":17,"CaptainsWheel":29,"Pantograph":4,"Bird Faced Urn":24,"Snecko Eye":9,"Pandora\u0027s Box":0,"WingedGreaves":15,"Bag of Marbles":5,"Chemical X":11,"Bottled Lightning":15,"Kunai":28,"StrikeDummy":27,"Unceasing Top":5,"Ring of the Snake":0},{"Pear":69,"Gremlin Horn":28,"CeramicFish":89,"HoveringKite":58,"Omamori":5,"Juzu Bracelet":79,"Ancient Tea Set":45,"Question Card":52,"CaptainsWheel":111,"Pantograph":12,"Bird Faced Urn":79,"Snecko Eye":34,"Pandora\u0027s Box":0,"WingedGreaves":48,"Bag of Marbles":16,"Chemical X":39,"Bottled Lightning":48,"Kunai":105,"StrikeDummy":96,"Unceasing Top":16,"Ring of the Snake":0}],"Unceasing Top":[19]},"card_choices":[{"not_picked":["Flying Knee","Sucker Punch"],"picked":"Dash","floor":1.0},{"not_picked":["Slice","Dagger Throw"],"picked":"Blur","floor":2.0},{"not_picked":["Acrobatics","Dodge and Roll"],"picked":"Poisoned Stab","floor":5.0},{"not_picked":["Dagger Throw","Endless Agony"],"picked":"Unload","floor":6.0},{"not_picked":["Heel Hook","Sucker Punch","Quick Slash"],"picked":"SKIP","floor":8.0},{"not_picked":["Heel Hook","Sucker Punch","Quick Slash"],"picked":"SKIP","floor":8.0},{"not_picked":["Leg Sweep","Outmaneuver"],"picked":"Terror","floor":12.0},{"not_picked":["Outmaneuver","Prepared"],"picked":"Slice","floor":13.0},{"not_picked":["Dash","Underhanded Strike"],"picked":"Footwork","floor":14.0},{"not_picked":["Doppelganger","Adrenaline"],"picked":"Burst","floor":16.0},{"not_picked":["Expertise","PiercingWail","Slice"],"picked":"SKIP","floor":18.0},{"not_picked":["Dagger Spray","Deadly Poison"],"picked":"All Out Attack","floor":19.0},{"not_picked":["All Out Attack","Sucker Punch+1","Deadly Poison"],"picked":"SKIP","floor":21.0},{"not_picked":["Poisoned Stab+1","Underhanded Strike+1"],"picked":"Cloak And Dagger+1","floor":22.0},{"not_picked":["Quick Slash","Deadly Poison"],"picked":"Dagger Throw","floor":23.0},{"not_picked":["Underhanded Strike","Dodge and Roll"],"picked":"Backflip","floor":25.0},{"not_picked":["Poisoned Stab","Deadly Poison"],"picked":"Acrobatics+1","floor":29.0},{"not_picked":["Calculated Gamble","Quick Slash"],"picked":"PiercingWail+1","floor":31.0},{"not_picked":["Burst","Glass Knife","Die Die Die"],"picked":"Phantasmal Killer","floor":33.0},{"not_picked":["Flying Knee","Slice+1","Bane+1"],"picked":"Reflex+1","floor":35.0},{"not_picked":["Dagger Throw+1","Deflect","Dodge and Roll+1"],"picked":"Footwork+1","floor":37.0},{"not_picked":["Flying Knee","Underhanded Strike","Dodge and Roll","Riddle With Holes+1"],"picked":"SKIP","floor":39.0},{"not_picked":["Prepared","Deflect","Sucker Punch"],"picked":"Leg Sweep","floor":40.0},{"not_picked":["Backstab+1","Glass Knife","Heel Hook+1"],"picked":"Dodge and Roll+1","floor":42.0},{"not_picked":["Sucker Punch","Slice","Poisoned Stab+1"],"picked":"Footwork+1","floor":44.0},{"not_picked":["Flying Knee","PiercingWail+1","Slice+1"],"picked":"Acrobatics+1","floor":46.0},{"not_picked":["Dagger Spray+1","Grand Finale","Flying Knee","Expertise"],"picked":"SKIP","floor":47.0},{"not_picked":["Masterful Stab+1","Bullet Time","Acrobatics","Skewer+1"],"picked":"SKIP","floor":48.0},{"not_picked":["Dodge and Roll","All Out Attack","Escape Plan","Footwork"],"picked":"SKIP","floor":54}],"player_experience":1564984,"relics_obtained":[{"floor":6.0,"key":"Pantograph"},{"floor":9.0,"key":"Bag of Marbles"},{"floor":14.0,"key":"Gremlin Horn"},{"floor":23.0,"key":"Ancient Tea Set"},{"floor":25.0,"key":"Bottled Lightning"},{"floor":26.0,"key":"WingedGreaves"},{"floor":31.0,"key":"Question Card"},{"floor":40.0,"key":"Pear"},{"floor":44.0,"key":"Bird Faced Urn"},{"floor":45.0,"key":"Juzu Bracelet"},{"floor":47.0,"key":"CeramicFish"},{"floor":48.0,"key":"StrikeDummy"},{"floor":54,"key":"CaptainsWheel"}],"event_choices":[{"damage_healed":0.0,"max_hp_gain":0.0,"max_hp_loss":0.0,"gold_gain":0.0,"event_name":"Big Fish","player_choice":"Box","floor":3.0,"gold_loss":0.0,"damage_taken":0.0,"relics_obtained":["Omamori"],"cards_obtained":["Regret"]},{"damage_healed":0.0,"max_hp_gain":0.0,"max_hp_loss":0.0,"gold_gain":0.0,"event_name":"Upgrade Shrine","player_choice":"Upgraded","floor":4.0,"gold_loss":0.0,"damage_taken":0.0,"cards_upgraded":["Skewer"]},{"cards_removed":["Dodge and Roll"],"damage_healed":0.0,"max_hp_gain":0.0,"max_hp_loss":0.0,"gold_gain":0.0,"event_name":"WeMeetAgain","player_choice":"Gave Card","floor":10.0,"gold_loss":0.0,"damage_taken":0.0,"relics_obtained":["Unceasing Top"]},{"cards_removed":["Escape Plan"],"damage_healed":0.0,"max_hp_gain":0.0,"max_hp_loss":0.0,"gold_gain":0.0,"event_name":"Back to Basics","player_choice":"Elegance","floor":24.0,"gold_loss":0.0,"damage_taken":0.0},{"cards_removed":["Bullet Time"],"damage_healed":56.0,"max_hp_gain":10.0,"max_hp_loss":0.0,"gold_gain":0.0,"event_name":"Bonfire Elementals","player_choice":"Offered Rare","floor":27.0,"gold_loss":0.0,"damage_taken":0.0},{"damage_healed":0.0,"max_hp_gain":0.0,"max_hp_loss":0.0,"gold_gain":0.0,"event_name":"Match and Keep!","player_choice":"0 cards matched","floor":36.0,"gold_loss":0.0,"damage_taken":0.0,"cards_obtained":[]},{"damage_healed":0.0,"max_hp_gain":0.0,"max_hp_loss":0.0,"gold_gain":0.0,"event_name":"Duplicator","player_choice":"Copied","floor":38.0,"gold_loss":0.0,"damage_taken":0.0,"cards_obtained":["Burst"]}],"is_beta":false,"boss_relics":[{"not_picked":["Cursed Key","SacredBark"],"picked":"Snecko Eye"},{"not_picked":["Astrolabe","Velvet Choker"],"picked":"HoveringKite"}],"items_purged_floors":[20,53],"is_endless":false,"potions_floor_spawned":[2,12,14,22,25,29,33,40,42,46,47,54],"ascension_level":4}}