{"host":"pqs17sqrgflf4eqa","time":1613163822,"event":{"mods":["AchievementEnabler","BaseMod","Bestiary","Better Altar","Better Match","Better Skull","Block Reminder","Bossed Relics","Colored Map","Colored Powertips","Curses Come First","Dark Map","DeckTracker","Defective Defect","Displayed Cursed Tome","Emptier Cage","Googly Eyes","Highlight Path","Minty Spire (QoL Compilation)","Quick Restart","Slay-I","StSLib","SuperFastMode","Synergy Search","Thieving Mod","Transform Curses","everything is the same but u backflip on backflip","slay the spire mod where everything is the same but ironclad has a cowboy hat"],"gold_per_floor":[118,118,133,133,36,61,61,75,75,86,115,115,132,143,143,246,246,257,257,257,308,308,341,341,375,375,375,386,38,49,61,61,61,61],"floor_reached":33,"language":"ENG","playtime":804,"items_purged":[],"score":369,"play_id":"e35dcee2-c1a7-4817-9c5f-eeddf6812706","local_time":"20210212160342","is_ascension_mode":true,"campfire_choices":[{"data":"Eruption","floor":7.0,"key":"SMITH"},{"data":"CrushJoints","floor":12.0,"key":"SMITH"},{"floor":15.0,"key":"REST"},{"floor":24,"key":"REST"},{"floor":27,"key":"REST"},{"floor":32,"key":"REST"}],"circlet_count":0,"master_deck":["Strike_P+1","Strike_P+1","Strike_P+1","Strike_P+1","Defend_P+1","Defend_P+1","Defend_P+1","Defend_P+1","Eruption+1","Vigilance","Devotion","FearNoEvil","ReachHeaven","Prostrate","FollowUp","MentalFortress","TalkToTheHand","CrushJoints+1","Consecrate","CutThroughFate","DevaForm","FollowUp","DeceiveReality","Sanctity"],"relics":["PureWater","Mango","Pocketwatch","Tiny Chest","Philosopher\u0027s Stone","Dream Catcher","Blood Vial","Bottled Tornado","Akabeko","Mummified Hand","Torii"],"acts_visited":["Exordium","TheCity"],"potions_floor_usage":[23,23,23,23,23,23,30,31,33],"damage_taken":[{"damage":0.0,"enemies":"Jaw Worm","floor":1.0,"turns":3.0},{"damage":0.0,"enemies":"Small Slimes","floor":3.0,"turns":2.0},{"damage":12.0,"enemies":"3 Sentries","floor":6.0,"turns":8.0},{"damage":0.0,"enemies":"Cultist","floor":8.0,"turns":2.0},{"damage":0.0,"enemies":"Blue Slaver","floor":10.0,"turns":3.0},{"damage":32.0,"enemies":"Gremlin Nob","floor":11.0,"turns":3.0},{"damage":0.0,"enemies":"Looter","floor":13.0,"turns":2.0},{"damage":5.0,"enemies":"3 Louse","floor":14.0,"turns":3.0},{"damage":30.0,"enemies":"Slime Boss","floor":16.0,"turns":6.0},{"damage":36,"enemies":"Shell Parasite","floor":18,"turns":4},{"damage":4,"enemies":"Gremlin Leader","floor":23,"turns":4},{"damage":18,"enemies":"Book of Stabbing","floor":25,"turns":5},{"damage":12,"enemies":"Spheric Guardian","floor":28,"turns":3},{"damage":7,"enemies":"Snake Plant","floor":30,"turns":2},{"damage":23,"enemies":"Shelled Parasite and Fungi","floor":31,"turns":4},{"damage":77,"enemies":"Champ","floor":33,"turns":7}],"seed_played":"1795906089313581876","potions_obtained":[{"floor":1.0,"key":"SkillPotion"},{"floor":3.0,"key":"AttackPotion"},{"floor":6.0,"key":"Dexterity Potion"},{"floor":13.0,"key":"Strength Potion"},{"floor":16.0,"key":"EntropicBrew"},{"floor":28,"key":"Explosive Potion"},{"floor":31,"key":"DuplicationPotion"}],"is_trial":false,"path_per_floor":["M","?","M","?","$","E","R","M","T","M","E","R","M","M","R","B",null,"M","?","?","T","?","E","R","E","T","R","M","$","M","M","R","B"],"character_chosen":"WATCHER","items_purchased":["Prostrate","FearPotion","Torii","Weak Potion"],"campfire_rested":4,"item_purchase_floors":[5,5,29,29],"current_hp_per_floor":[72,72,72,72,72,74,74,74,74,74,42,42,42,37,62,32,73,37,37,37,37,15,13,38,22,22,47,37,37,32,11,36,0,0],"gold":61,"neow_bonus":"ONE_RANDOM_RARE_CARD","is_daily":false,"chose_seed":false,"campfire_upgraded":2,"win_rate":0.0,"timestamp":1613163822,"path_taken":["M","?","M","?","?","E","R","M","T","?","E","R","M","?","R","BOSS","M","?","?","?","?","E","R","E","T","R","M","$","M","?","R","BOSS"],"items_purchased_type":["Card","Potion","Relic","Potion"],"build_version":"2020-12-22","purchased_purges":0,"victory":false,"max_hp_per_floor":[72,72,72,72,72,86,86,86,86,86,86,86,86,86,86,86,86,86,86,86,86,86,86,86,86,86,86,86,86,86,86,86,86,86],"card_choices":[{"not_picked":["Fasting2","ThirdEye"],"picked":"FearNoEvil","floor":1.0},{"not_picked":["BowlingBash","Adaptation"],"picked":"ReachHeaven","floor":3.0},{"not_picked":["CrushJoints","Evaluate"],"picked":"FollowUp","floor":6.0},{"not_picked":["ThirdEye","FlurryOfBlows"],"picked":"MentalFortress","floor":8.0},{"not_picked":["Pray","PathToVictory"],"picked":"TalkToTheHand","floor":10.0},{"not_picked":["Pray","EmptyBody"],"picked":"CrushJoints","floor":11.0},{"not_picked":["CutThroughFate","Halt"],"picked":"Consecrate","floor":13.0},{"not_picked":["WreathOfFlame","Consecrate"],"picked":"CutThroughFate","floor":14.0},{"not_picked":["Alpha","SpiritShield"],"picked":"DevaForm","floor":16.0},{"not_picked":["WaveOfTheHand","FlurryOfBlows"],"picked":"FollowUp","floor":18},{"not_picked":["Indignation","CutThroughFate","FlurryOfBlows"],"picked":"SKIP","floor":23},{"not_picked":["FlurryOfBlows","Vault"],"picked":"Sanctity","floor":25},{"not_picked":["Perseverance","Prostrate+1","Consecrate"],"picked":"SKIP","floor":28},{"not_picked":["EmptyFist","Consecrate","EmptyBody"],"picked":"SKIP","floor":30},{"not_picked":["ThirdEye","BattleHymn","EmptyFist+1"],"picked":"SKIP","floor":31}],"player_experience":179699,"relics_obtained":[{"floor":6.0,"key":"Mango"},{"floor":9.0,"key":"Pocketwatch"},{"floor":11.0,"key":"Tiny Chest"},{"floor":21,"key":"Dream Catcher"},{"floor":23,"key":"Bottled Tornado"},{"floor":25,"key":"Akabeko"},{"floor":26,"key":"Mummified Hand"}],"event_choices":[{"damage_healed":0.0,"max_hp_gain":0.0,"max_hp_loss":0.0,"gold_gain":0.0,"event_name":"Golden Wing","player_choice":"Ignored","floor":2.0,"gold_loss":0.0,"damage_taken":0.0},{"damage_healed":0.0,"max_hp_gain":0.0,"max_hp_loss":0.0,"gold_gain":0.0,"event_name":"The Cleric","player_choice":"Leave","floor":4.0,"gold_loss":0.0,"damage_taken":0.0},{"damage_healed":0,"gold_gain":0,"player_choice":"Simplicity","damage_taken":0,"max_hp_gain":0,"max_hp_loss":0,"event_name":"Back to Basics","floor":19,"gold_loss":0,"cards_upgraded":["Strike_P","Strike_P","Strike_P","Strike_P","Defend_P","Defend_P","Defend_P","Defend_P"]},{"damage_healed":0,"gold_gain":0,"player_choice":"Read","damage_taken":0,"max_hp_gain":0,"max_hp_loss":0,"event_name":"The Library","floor":20,"gold_loss":0,"cards_obtained":["DeceiveReality"]},{"damage_healed":0,"gold_gain":0,"player_choice":" Vial ","damage_taken":22,"relics_obtained":["Blood Vial"],"max_hp_gain":37,"max_hp_loss":15,"event_name":"betterAltar:BetterAltar","floor":22,"potions_obtained":[],"relics_lost":[],"gold_loss":0}],"is_beta":false,"boss_relics":[{"not_picked":["Ectoplasm","Runic Pyramid"],"picked":"Philosopher\u0027s Stone"}],"items_purged_floors":[],"is_endless":false,"potions_floor_spawned":[1,3,6,13,16,28,31],"killed_by":"Champ","ascension_level":5}}