{"host":"fx4ma24vdin0c28l","time":1613099436,"event":{"mods":["AchievementEnabler","BaseMod","Colored Map","Colored Powertips","Minty Spire (QoL Compilation)","Quick Restart"],"gold_per_floor":[8906,8925,8939,7813,7825,7825,7855,7855,7855,7855,7886,7886,7886,7902,7902,8006,8006,8021,8051,8051,7147,7162,7162,7187,7187,7266,7278,5949,5864,5864,5884,5884,5989,5989,6005,4982,4996,4143,4190,4190,3138,3472,3472,3492,3492,3509,3521,3546,3546,3546],"floor_reached":51,"language":"ENG","playtime":2284,"items_purged":["Defend_G","Defend_G","Defend_G","Strike_G","Strike_G","Strike_G"],"score":971,"play_id":"859554c2-eaac-4a71-872c-905f7fa488cc","local_time":"20210211221036","is_ascension_mode":true,"campfire_choices":[{"data":"Cloak And Dagger","floor":6,"key":"SMITH"},{"data":"1","floor":12,"key":"LIFT"},{"floor":15,"key":"REST"},{"data":"2","floor":23,"key":"LIFT"},{"data":"3","floor":30,"key":"LIFT"},{"data":"Accuracy","floor":32,"key":"SMITH"},{"data":"Adrenaline","floor":40,"key":"SMITH"},{"data":"Panache","floor":45,"key":"SMITH"},{"data":"Accuracy","floor":49,"key":"SMITH"}],"circlet_count":0,"master_deck":["Strike_G+1","Strike_G+1","Defend_G","Defend_G","Survivor","Neutralize","Cloak And Dagger+1","Slice","Dodge and Roll","Finesse","Glass Knife+1","All Out Attack+1","Outmaneuver","Dagger Throw+1","Predator+1","Blade Dance","Adrenaline","Quick Slash+1","Jack Of All Trades","Finisher+1","Cloak And Dagger","Master of Strategy","Bandage Up","Accuracy+1","Finisher+1","Adrenaline+1","Cloak And Dagger","Master of Strategy","Flash of Steel+1","Infinite Blades","Panache+1","Accuracy+1","Cloak And Dagger","Accuracy+1","Cloak And Dagger+1"],"relics":["Ring of the Snake","Molten Egg 2","Paper Crane","OrangePellets","Gremlin Horn","Dead Branch","Incense Burner","Girya","Black Star","Red Mask","Peace Pipe","Mercury Hourglass","Frozen Eye","Eternal Feather","Ancient Tea Set","Shuriken","HornCleat","Meat on the Bone","ClockworkSouvenir","Singing Bowl","WristBlade","Tingsha","Toolbox","Vajra","Toy Ornithopter","Unceasing Top","Cauldron","Lizard Tail","The Specimen","Bag of Preparation","Chemical X","Bottled Lightning","Old Coin","Tough Bandages","Whetstone","CaptainsWheel"],"acts_visited":["Exordium","TheCity","TheBeyond"],"potions_floor_usage":[5,11,24,33,50],"damage_taken":[{"damage":1,"enemies":"Cultist","floor":1,"turns":4},{"damage":5,"enemies":"Jaw Worm","floor":2,"turns":4},{"damage":3,"enemies":"Small Slimes","floor":3,"turns":3},{"damage":0,"enemies":"Looter","floor":5,"turns":2},{"damage":5,"enemies":"3 Sentries","floor":7,"turns":4},{"damage":8,"enemies":"Gremlin Nob","floor":11,"turns":3},{"damage":12,"enemies":"Exordium Thugs","floor":14,"turns":2},{"damage":41,"enemies":"The Guardian","floor":16,"turns":8},{"damage":0,"enemies":"Spheric Guardian","floor":18,"turns":3},{"damage":8,"enemies":"Masked Bandits","floor":19,"turns":3},{"damage":0,"enemies":"3 Byrds","floor":22,"turns":2},{"damage":6,"enemies":"Gremlin Leader","floor":24,"turns":3},{"damage":0,"enemies":"Snecko","floor":27,"turns":3},{"damage":0,"enemies":"Chosen and Byrds","floor":31,"turns":3},{"damage":31,"enemies":"Champ","floor":33,"turns":6},{"damage":0,"enemies":"3 Darklings","floor":35,"turns":1},{"damage":0,"enemies":"Orb Walker","floor":37,"turns":2},{"damage":12,"enemies":"2 Orb Walkers","floor":39,"turns":2},{"damage":0,"enemies":"Nemesis","floor":42,"turns":1},{"damage":0,"enemies":"Jaw Worm Horde","floor":44,"turns":2},{"damage":0,"enemies":"Writhing Mass","floor":46,"turns":2},{"damage":1,"enemies":"Spire Growth","floor":47,"turns":3},{"damage":0,"enemies":"Giant Head","floor":48,"turns":2},{"damage":23,"enemies":"Awakened One","floor":50,"turns":3}],"seed_played":"-3400102971855886330","potions_obtained":[{"floor":2,"key":"LiquidMemories"},{"floor":3,"key":"SmokeBomb"},{"floor":7,"key":"Swift Potion"},{"floor":14,"key":"Dexterity Potion"},{"floor":27,"key":"SpeedPotion"},{"floor":33,"key":"LiquidMemories"},{"floor":35,"key":"DuplicationPotion"},{"floor":38,"key":"FairyPotion"}],"is_trial":false,"path_per_floor":["M","M","M","$","M","R","E","?","T","?","E","R","?","M","R","B",null,"M","?","?","$","M","R","E","?","T","M","$","?","R","M","R","B",null,"M","$","M","$","?","R","$","E","T","M","R","M","M","E","R","B",null],"character_chosen":"THE_SILENT","items_purchased":["Molten Egg 2","Paper Crane","OrangePellets","Finesse","Glass Knife+1","All Out Attack+1","Fire Potion","Outmaneuver","Peace Pipe","Mercury Hourglass","Frozen Eye","Jack Of All Trades","HornCleat","Meat on the Bone","ClockworkSouvenir","LiquidMemories","CunningPotion","Master of Strategy","Bandage Up","Accuracy","Finisher+1","Tingsha","Toolbox","Vajra","Master of Strategy","Flash of Steel+1","Toy Ornithopter","Unceasing Top","Cauldron","Infinite Blades","The Specimen","Bag of Preparation","Chemical X","Panache","Accuracy"],"campfire_rested":1,"item_purchase_floors":[4,4,4,4,4,4,4,4,21,21,21,21,28,28,28,28,28,28,28,28,28,36,36,36,36,36,38,38,38,38,41,41,41,41,41],"current_hp_per_floor":[69,64,61,61,61,61,56,56,56,56,48,48,48,36,57,16,70,70,62,62,62,62,62,56,56,56,56,56,56,70,72,72,41,72,72,72,74,74,64,76,76,76,76,78,78,80,79,79,80,57],"gold":3546,"neow_bonus":"HUNDRED_GOLD","is_daily":false,"chose_seed":false,"campfire_upgraded":5,"win_rate":0.0,"timestamp":1613099436,"path_taken":["M","?","M","$","M","R","E","?","T","?","E","R","?","?","R","BOSS","M","?","?","$","M","R","E","?","T","?","$","?","R","M","R","BOSS","M","$","M","$","?","R","$","E","T","M","R","M","M","E","R","BOSS"],"items_purchased_type":["Relic","Relic","Relic","Card","Card","Card","Potion","Card","Relic","Relic","Relic","Card","Relic","Relic","Relic","Potion","Potion","Card","Card","Card","Card","Relic","Relic","Relic","Card","Card","Relic","Relic","Relic","Card","Relic","Relic","Relic","Card","Card"],"build_version":"2020-12-22","purchased_purges":6,"victory":true,"max_hp_per_floor":[70,70,70,70,70,70,70,70,70,70,70,70,70,70,70,70,70,70,70,70,70,70,70,70,70,70,70,70,70,70,72,72,72,72,72,72,74,74,76,76,76,76,76,78,78,80,80,80,80,80],"card_choices":[{"not_picked":["Sucker Punch","Quick Slash"],"picked":"Cloak And Dagger","floor":1},{"not_picked":["PiercingWail","Quick Slash"],"picked":"Slice","floor":2},{"not_picked":["Prepared","Bane"],"picked":"Dodge and Roll","floor":3},{"not_picked":["Sucker Punch+1","Wraith Form v2"],"picked":"Dagger Throw+1","floor":5},{"not_picked":["Leg Sweep","Crippling Poison","PiercingWail"],"picked":"SKIP","floor":7},{"not_picked":["Deflect","Prepared"],"picked":"Predator+1","floor":11},{"not_picked":["Cloak And Dagger","Riddle With Holes+1"],"picked":"Blade Dance","floor":14},{"not_picked":["Corpse Explosion","Doppelganger"],"picked":"Adrenaline","floor":16},{"not_picked":["Deadly Poison","Leg Sweep"],"picked":"Quick Slash+1","floor":18},{"not_picked":["Bane+1","Flechettes+1","Riddle With Holes+1"],"picked":"SKIP","floor":22},{"not_picked":["Underhanded Strike+1","Outmaneuver"],"picked":"Finisher+1","floor":24},{"not_picked":["Dodge and Roll+1","All Out Attack+1"],"picked":"Cloak And Dagger","floor":27},{"not_picked":["Dash+1","Poisoned Stab+1","Masterful Stab+1"],"picked":"Singing Bowl","floor":31},{"not_picked":["Glass Knife+1","Bullet Time"],"picked":"Adrenaline","floor":33},{"not_picked":["Dodge and Roll","Skewer+1"],"picked":"Cloak And Dagger","floor":35},{"not_picked":["Deadly Poison+1","Riddle With Holes+1","Flying Knee+1"],"picked":"Singing Bowl","floor":37},{"not_picked":["Quick Slash+1","Sucker Punch+1","Doppelganger"],"picked":"Singing Bowl","floor":39},{"not_picked":["Slice+1","Terror+1"],"picked":"Cloak And Dagger","floor":42},{"not_picked":["Skewer+1","Slice+1","Tactician+1"],"picked":"Singing Bowl","floor":44},{"not_picked":["Deadly Poison","Flying Knee+1","Reflex"],"picked":"Singing Bowl","floor":46},{"not_picked":["Deflect","Acrobatics+1"],"picked":"Accuracy+1","floor":47},{"not_picked":["Noxious Fumes+1","Eviscerate+1"],"picked":"Cloak And Dagger+1","floor":48}],"player_experience":55005,"relics_obtained":[{"floor":7,"key":"Gremlin Horn"},{"floor":9,"key":"Incense Burner"},{"floor":11,"key":"Girya"},{"floor":19,"key":"Red Mask"},{"floor":24,"key":"Eternal Feather"},{"floor":24,"key":"Ancient Tea Set"},{"floor":26,"key":"Shuriken"},{"floor":39,"key":"Lizard Tail"},{"floor":42,"key":"Bottled Lightning"},{"floor":42,"key":"Old Coin"},{"floor":43,"key":"Tough Bandages"},{"floor":48,"key":"Whetstone"},{"floor":48,"key":"CaptainsWheel"}],"event_choices":[{"damage_healed":0,"gold_gain":0,"player_choice":"Searched \u00271\u0027 times","damage_taken":0,"relics_obtained":["Dead Branch"],"max_hp_gain":0,"max_hp_loss":0,"event_name":"Dead Adventurer","floor":8,"gold_loss":0},{"damage_healed":0,"gold_gain":0,"player_choice":"Ignored","damage_taken":0,"max_hp_gain":0,"max_hp_loss":0,"event_name":"Liars Game","floor":10,"gold_loss":0},{"damage_healed":0,"gold_gain":0,"player_choice":"Leave","damage_taken":0,"max_hp_gain":0,"max_hp_loss":0,"event_name":"FaceTrader","floor":13,"gold_loss":0},{"damage_healed":0,"gold_gain":0,"player_choice":"Fought Bandits","damage_taken":0,"max_hp_gain":0,"max_hp_loss":0,"event_name":"Masked Bandits","floor":19,"gold_loss":0},{"damage_healed":0,"gold_gain":0,"player_choice":"Ignored","damage_taken":0,"max_hp_gain":0,"max_hp_loss":0,"event_name":"Ghosts","floor":20,"gold_loss":0},{"damage_healed":0,"gold_gain":0,"player_choice":"Ignored","damage_taken":0,"max_hp_gain":0,"max_hp_loss":0,"event_name":"Golden Shrine","floor":25,"gold_loss":0},{"damage_healed":0,"gold_gain":0,"player_choice":"Obtained Relic","damage_taken":0,"relics_obtained":["Singing Bowl"],"max_hp_gain":0,"max_hp_loss":0,"event_name":"Addict","floor":29,"gold_loss":85},{"damage_healed":0,"gold_gain":0,"player_choice":"Fight","damage_taken":0,"max_hp_gain":0,"max_hp_loss":0,"event_name":"Mysterious Sphere","floor":39,"gold_loss":0}],"is_beta":false,"boss_relics":[{"not_picked":["SacredBark","Cursed Key"],"picked":"Black Star"},{"not_picked":["Runic Dome","Coffee Dripper"],"picked":"WristBlade"}],"items_purged_floors":[4,21,28,36,38,41],"is_endless":false,"potions_floor_spawned":[2,3,7,14,19,22,27,33,35,39,44,47],"ascension_level":1}}