{"host":"y6zg4wwu39otf01a","time":1613104641,"event":{"mods":["Act Like it!","Aspiration","BaseMod","Better Altar","Better Match","Better Note","Better Sensory Stone","Better Skull","Better Third Choice","Challenge The Spire","Colored Map","Colored Powertips","Conspire","GifTheSpireLib","Glutton Mod","Halation","Hermit","Highlight Path","Hubris","Infinite Spire","Mimic Mod","Minty Spire (QoL Compilation)","Quick Restart","Random Character Button","Rare Cards Sparkle","Replay The Spire","Retaliation","Spicy Shops","Spire Arcade","StSLib","Stuff the Spire","The Blue Laboratory","The Jungle"],"gold_per_floor":[114,114,2,77,92,122,42,72,72,12,12,27,42,57,57,157,157,172,187,187,187,202,202,217,232,232,262,262,45,45,75,75,180,180,207,207,226,256,256,303,338,38,63,82,82,102,102,139,139,248,248,272,52,60,63,63,63,74,74,74,91,91,91,91,99,99,167,167,182,182,457,484,520,520,561,561,554,554,583,151,146,142,142,207,207,217,217,217,217,217,233,255,255,246,242,254,265,283,43,43,100,100,110,110,110,168,184,205,205,229,226,226,238,259,279,300,300,396,396,410,410,410,443,452,452,496,527,552,402,402,416,439,39,39,4,4],"floor_reached":135,"language":"ENG","playtime":15607,"items_purged":[],"score":3802,"play_id":"92a71764-6187-4662-a66b-8d3f1cbf1a8d","local_time":"20210211223721","daily_mods":["Chimera","Purple Cards","DeadlyEvents"],"is_ascension_mode":false,"campfire_choices":[{"data":"Eruption","floor":11,"key":"SMITH"},{"data":"Zap","floor":15,"key":"SMITH"},{"data":"After Image","floor":23,"key":"SMITH"},{"data":"StuffTheSpire:Plugnplay","floor":28,"key":"SMITH"},{"data":"Pot Of Greed","floor":30,"key":"SMITH"},{"data":"Pot Of Greed","floor":32,"key":"SMITH"},{"data":"ReplayTheSpireMod:Echo Chamber","floor":47,"key":"SMITH"},{"data":"Seek","floor":49,"key":"SMITH"},{"data":"ReplayRNGCard","floor":57,"key":"SMITH"},{"data":"Pot Of Greed","floor":59,"key":"SMITH"},{"data":"Pot Of Greed","floor":62,"key":"SMITH"},{"data":"Replay:Battleflow","floor":66,"key":"SMITH"},{"data":"Calculated Gamble","floor":74,"key":"SMITH"},{"data":"Calculated Gamble","floor":76,"key":"SMITH"},{"data":"StuffTheSpire:BrainWave","floor":78,"key":"SMITH"},{"data":"Pot Of Greed","floor":83,"key":"SMITH"},{"data":"infinitespire:Collect","floor":93,"key":"SMITH"},{"floor":117,"key":"DIG"},{"data":"StuffTheSpire:Incantation","floor":125,"key":"SMITH"},{"data":"infinitespire:Collect","floor":134,"key":"SMITH"}],"circlet_count":0,"master_deck":["Bash","Survivor","Zap+1","Eruption+1","conspire:GhostlyStrike","conspire:GhostlyStrike","conspire:GhostlyStrike","conspire:GhostlyDefend","conspire:GhostlyDefend","conspire:GhostlyDefend","Flying Knee","Masterful Stab","Blade Dance","Calculated Gamble+1","Finisher+1","StuffTheSpire:CelestialWarden","FlurryOfBlows","After Image+1","StuffTheSpire:DoubleShiv","Halt+1","StuffTheSpire:Plugnplay+1","Static Discharge","Pot Of Greed+1","Pot Of Greed+1","Seek+1","Pot Of Greed+1","Electrodynamics","ReplayTheSpireMod:Echo Chamber+1","ReplayTheSpireMod:Chaos Vortex","ReplayTheSpireMod:Speed Training+1","ReplayRNGCard+1","StuffTheSpire:BrainWave+1","Wraith Form v2","Wraith Form v2","Backstab","Replay:Battleflow+1","Pot Of Greed+1","Blur","ReplayTheSpireMod:Chaos Vortex","StuffTheSpire:Vigor","Calculated Gamble+1","StuffTheSpire:DoubleShiv+1","StuffTheSpire:Brawn","Hidden Blade","Fission","hubris:EnhanceAbility","Night Terror","Pot Of Greed+1","infinitespire:Collect+1","StuffTheSpire:ReptileScales+1","StuffTheSpire:BrainWave","Crystallizer+1","StuffTheSpire:Innocence","Quick Slash+1","ReplayTheSpireMod:IOU","StuffTheSpire:Ambrosia","StuffTheSpire:FreeRealEstate","StuffTheSpire:Innocence","Finisher","DevaForm","Collect","Tantrum","StuffTheSpire:Rapture","Burst","Backstab","StuffTheSpire:Incantation+1","infinitespire:Collect+1","StuffTheSpire:Brawn","Pot Of Greed","infinitespire:Oblivion"],"relics":["Ring of the Snake","Nunchaku","Mummified Hand","Tingsha","hubris:Spice","hubris:Potato","StuffTheSpire:Saxophone","aspiration:DefectSkillbook","StuffTheSpire:Experiment12","Basket Of Snakes","hubris:BundleOfHerbs","Grinning Jar","infinitespire:EvilPickle","Garlic","StuffTheSpire:Expresso","halation:EternalFortune","hubris:DeckOfHolding","Ancient Tea Set","BranchBurnRelic","Replay:Wax Seal","aspiration:DSix","conspire:GiftBox","Replay:Bronze Core","hubris:AstralHammer","StuffTheSpire:OldFever","Potion Belt","aspiration:ArtOfWarUpgrade","Quantum Egg","Prayer Wheel","Gremlin Food","Sundial","Pear","CeramicFish","infinitespire:Midas Blood","halation:IllGainedPizza","Pen Nib","StuffTheSpire:Nightcore","conspire:TopHat","conspire:BottledYoYo"],"acts_visited":["Exordium","TheCity","TheBeyond","Exordium","TheCity","TheBeyond","Exordium","Exordium"],"potions_floor_usage":[16,16,22,25,33,44,48,52,65,69,77,84,92,96,97,101,101,118,118,118,126,127,135,135],"damage_taken":[{"damage":0,"enemies":"conspire:RoseBush","floor":1,"turns":3},{"damage":0,"enemies":"Cultist","floor":5,"turns":2},{"damage":4,"enemies":"Gremlin Nob","floor":6,"turns":3},{"damage":10,"enemies":"3 Sentries","floor":8,"turns":3},{"damage":0,"enemies":"2 Louse","floor":12,"turns":2},{"damage":0,"enemies":"Exordium Wildlife","floor":13,"turns":1},{"damage":0,"enemies":"3 Louse","floor":14,"turns":1},{"damage":17,"enemies":"Fading Forest","floor":16,"turns":11},{"damage":5,"enemies":"conspire:FuzzyDice","floor":18,"turns":3},{"damage":0,"enemies":"2 Thieves","floor":19,"turns":2},{"damage":3,"enemies":"Snake Plant","floor":22,"turns":2},{"damage":0,"enemies":"Centurion and Healer","floor":24,"turns":3},{"damage":0,"enemies":"Sentry and Sphere","floor":25,"turns":3},{"damage":14,"enemies":"conspire:Head Lice","floor":27,"turns":3},{"damage":0,"enemies":"conspire:SneckoGhost","floor":31,"turns":3},{"damage":46,"enemies":"Pondfish","floor":33,"turns":7},{"damage":0,"enemies":"3 Shapes","floor":35,"turns":3},{"damage":0,"enemies":"2 Orb Walkers","floor":37,"turns":3},{"damage":0,"enemies":"3 Darklings","floor":38,"turns":2},{"damage":0,"enemies":"Nemesis","floor":40,"turns":3},{"damage":0,"enemies":"Transient","floor":41,"turns":5},{"damage":0,"enemies":"Jaw Worm Horde","floor":44,"turns":2},{"damage":0,"enemies":"Spire Growth","floor":46,"turns":2},{"damage":0,"enemies":"Nightmare","floor":48,"turns":2},{"damage":37,"enemies":"Time Eater","floor":50,"turns":7},{"damage":0,"enemies":"Cultist","floor":52,"turns":1},{"damage":0,"enemies":"2 Louse","floor":54,"turns":1},{"damage":0,"enemies":"Small Slimes","floor":55,"turns":2},{"damage":0,"enemies":"3 Sentries","floor":58,"turns":2},{"damage":0,"enemies":"Gremlin Nob","floor":61,"turns":2},{"damage":0,"enemies":"Gremlin Gang","floor":65,"turns":1},{"damage":0,"enemies":"Hexaghost","floor":67,"turns":3},{"damage":0,"enemies":"Chosen","floor":69,"turns":2},{"damage":0,"enemies":"Shell Parasite","floor":72,"turns":1},{"damage":0,"enemies":"Gremlin Leader","floor":73,"turns":3},{"damage":0,"enemies":"Book of Stabbing","floor":75,"turns":3},{"damage":0,"enemies":"Chosen and Byrds","floor":77,"turns":5},{"damage":0,"enemies":"Chosen and Byrds","floor":79,"turns":3},{"damage":0,"enemies":"3 Cultists","floor":81,"turns":2},{"damage":0,"enemies":"Shelled Parasite and Fungi","floor":82,"turns":1},{"damage":0,"enemies":"Champ","floor":84,"turns":3},{"damage":0,"enemies":"3 Shapes","floor":86,"turns":2},{"damage":0,"enemies":"3 Darklings","floor":88,"turns":3},{"damage":0,"enemies":"Giant Head","floor":91,"turns":2},{"damage":0,"enemies":"Reptomancer","floor":92,"turns":2},{"damage":0,"enemies":"Maw","floor":94,"turns":3},{"damage":0,"enemies":"Maw","floor":95,"turns":3},{"damage":0,"enemies":"4 Shapes","floor":96,"turns":2},{"damage":0,"enemies":"Nemesis","floor":97,"turns":3},{"damage":0,"enemies":"Reptomancer","floor":98,"turns":2},{"damage":0,"enemies":"Donu and Deca","floor":101,"turns":3},{"damage":0,"enemies":"Small Slimes","floor":103,"turns":2},{"damage":0,"enemies":"2 Louse","floor":107,"turns":1},{"damage":0,"enemies":"3 Sentries","floor":108,"turns":3},{"damage":0,"enemies":"Lagavulin","floor":110,"turns":2},{"damage":0,"enemies":"Cultist","floor":111,"turns":4},{"damage":0,"enemies":"Cultist","floor":113,"turns":2},{"damage":0,"enemies":"Blue Slaver","floor":114,"turns":1},{"damage":0,"enemies":"2 Fungi Beasts","floor":115,"turns":2},{"damage":0,"enemies":"Exordium Thugs","floor":116,"turns":1},{"damage":0,"enemies":"Slime Boss","floor":118,"turns":2},{"damage":0,"enemies":"theJungle:MUSHROOMGANG","floor":120,"turns":3},{"damage":0,"enemies":"theJungle:MamaSnecko","floor":123,"turns":4},{"damage":0,"enemies":"theJungle:5_Spyders","floor":126,"turns":4},{"damage":0,"enemies":"theJungle:2_Phrogs","floor":127,"turns":3},{"damage":0,"enemies":"theJungle:2_Snecko_Cultists","floor":131,"turns":2},{"damage":0,"enemies":"Nightmare","floor":132,"turns":4},{"damage":89,"enemies":"infinitespire:LordOfFortification","floor":135,"turns":8}],"seed_played":"-8399458303924539785","potions_obtained":[{"floor":13,"key":"Dexterity Potion"},{"floor":14,"key":"Adrenaline Potion"},{"floor":18,"key":"PowerPotion"},{"floor":24,"key":"LiquidMemories"},{"floor":31,"key":"SkillPotion"},{"floor":41,"key":"Adrenaline Potion"},{"floor":46,"key":"Fire Potion"},{"floor":50,"key":"Poison Potion"},{"floor":61,"key":"blueLaboratory:TrueEctoplasm"},{"floor":67,"key":"PowerPotion"},{"floor":72,"key":"blueLaboratory:BottleOfVodka"},{"floor":75,"key":"Poison Potion"},{"floor":79,"key":"blueLaboratory:BottledHope"},{"floor":91,"key":"Explosive Potion"},{"floor":95,"key":"Fire Potion"},{"floor":96,"key":"Venom Potion"},{"floor":97,"key":"blueLaboratory:HorrorPotion"},{"floor":98,"key":"Block Potion"},{"floor":100,"key":"DistilledChaos"},{"floor":100,"key":"blueLaboratory:NinjaPotion"},{"floor":110,"key":"FearPotion"},{"floor":115,"key":"blueLaboratory:ExaltedPotion"},{"floor":116,"key":"Venom Potion"},{"floor":118,"key":"blueLaboratory:EmptyBottle"},{"floor":123,"key":"blueLaboratory:FruitPunch"},{"floor":132,"key":"Adrenaline Potion"}],"is_trial":false,"path_per_floor":["M","?","$","T","M","E","$","E","T","$","R","M","M","M","R","B",null,"M","M","?","?","M","R","M","M","T","E","R","$","R","E","R","B",null,"M","AVR","?","M","T","E","M","$","T","M","?","M","R","NM","R","B",null,"M","$","M","M","?","R","E","R","T","E","R","$","T","M","R","B",null,"M","?","?","M","E","R","E","R","MIM","R","M","$","M","M","R","B",null,"M","?","M","?","AVR","E","E","R","MIM","M","M","E","E","$","R_BF","B",null,"M","?","?","?","M","E","R","E","MIM","R","M","M","M","M","R_BF","B",null,"M","?","?","E","AVR","R","M","E","T","$","$","MIM","NM","$","R","B"],"character_chosen":"THE_SILENT","items_purchased":["Masterful Stab","hubris:Spice","StuffTheSpire:Saxophone","Static Discharge","Grinning Jar","StuffTheSpire:Expresso","Wraith Form v2","blueLaboratory:FruitPunch","Hidden Blade","conspire:GiftBox","hubris:EnhanceAbility","StuffTheSpire:FreeRealEstate","Quantum Egg","Pen Nib","conspire:TopHat","conspire:BottledYoYo"],"campfire_rested":0,"item_purchase_floors":[3,7,10,29,29,42,53,63,80,80,80,99,99,129,133,133],"current_hp_per_floor":[70,37,37,37,37,33,41,31,39,39,39,39,39,39,39,32,86,81,81,81,81,78,78,78,78,78,64,64,64,64,64,64,24,70,70,70,70,70,70,70,70,70,62,62,65,60,60,63,63,26,55,55,55,55,55,55,55,55,55,55,55,55,52,47,49,49,49,49,49,37,37,37,37,37,49,49,52,52,55,55,55,55,55,55,55,55,55,55,55,55,47,47,47,42,45,45,45,45,45,45,46,46,47,38,31,31,32,49,49,50,43,43,47,40,41,42,52,53,45,46,41,41,52,52,52,47,40,40,40,40,41,42,42,42,0,0],"gold":4,"neow_bonus":"","is_daily":true,"chose_seed":false,"campfire_upgraded":19,"win_rate":0.0,"timestamp":1613104641,"path_taken":["M","?","?","?","?","E","$","E","T","$","R","M","M","M","R","BOSS","M","M","?","?","M","R","?","M","T","E","R","$","R","?","R","BOSS","M","AVR","?","M","?","E","M","$","T","M","?","?","R","NM","R","BOSS","M","$","?","M","?","R","?","R","T","E","R","?","?","M","R","BOSS","M","?","?","M","?","R","E","R","MIM","R","M","$","?","M","R","BOSS","M","?","M","?","AVR","E","?","R","MIM","M","?","?","?","?","R_BF","BOSS","M","?","?","?","M","E","R","E","MIM","R","?","?","M","M","R_BF","BOSS","M","?","?","?","AVR","R","?","E","T","?","$","?","NM","$","R","BOSS"],"items_purchased_type":["Card","Relic","Relic","Card","Relic","Relic","Card","Potion","Card","Relic","Card","Card","Relic","Relic","Relic","Relic"],"build_version":"2020-12-22","purchased_purges":0,"victory":false,"max_hp_per_floor":[70,70,70,70,70,70,78,78,86,86,86,86,86,86,86,86,86,86,86,86,86,86,86,86,86,86,86,86,86,86,78,78,78,70,70,70,70,70,70,70,70,70,62,62,65,60,60,63,63,63,55,55,55,55,55,55,55,55,55,55,55,55,55,47,49,49,49,49,49,49,49,49,49,49,52,52,52,52,55,55,55,55,55,55,55,55,55,55,55,55,47,47,47,42,45,45,45,45,45,45,46,46,47,47,47,47,48,49,49,50,43,43,47,40,41,42,52,53,45,46,51,51,52,52,52,47,40,40,40,40,41,42,42,42,43,43],"card_choices":[{"not_picked":["Expertise","Cloak And Dagger"],"picked":"Flying Knee","floor":1},{"not_picked":["EmptyBody","Weave"],"picked":"Blade Dance","floor":5},{"not_picked":["Expertise","ForeignInfluence"],"picked":"Calculated Gamble","floor":6},{"not_picked":["Swivel","Dash"],"picked":"Finisher","floor":8},{"not_picked":["StuffTheSpire:ClusterCrunch","hubris:SlightOfHand"],"picked":"FlurryOfBlows","floor":12},{"not_picked":["Replay:Poison Smokescreen","Dodge and Roll","Atom Bomb"],"picked":"SKIP","floor":13},{"not_picked":["Dagger Spray","Distraction","Outmaneuver"],"picked":"SKIP","floor":14},{"not_picked":["ReplayTheSpireMod:Necrosis","Devotion"],"picked":"After Image","floor":16},{"not_picked":["Deflect","Stack+1","Poisoned Stab"],"picked":"StuffTheSpire:DoubleShiv","floor":18},{"not_picked":["Hidden Blade","Deadly Poison","Deflect+1","Finisher+1"],"picked":"SKIP","floor":19},{"not_picked":["Heatsinks","Caltrops+1","Protect","Deadly Poison"],"picked":"SKIP","floor":22},{"not_picked":["Dagger Throw","Fasting2+1","hubris:TrickCloak"],"picked":"Halt+1","floor":24},{"not_picked":["ReplaySort","StuffTheSpire:Sprint","ReplayTheSpireMod:Tripwire"],"picked":"StuffTheSpire:Plugnplay","floor":25},{"not_picked":["Riddle With Holes","StuffTheSpire:MirrorStance","Swivel","FollowUp"],"picked":"SKIP","floor":27},{"not_picked":["Distraction","Doom and Gloom+1","ReplayTheSpireMod:Calculation Training"],"picked":"Seek","floor":31},{"not_picked":["MasterReality","Glass Knife","Tools of the Trade"],"picked":"Electrodynamics","floor":33},{"not_picked":["hubris:SpiceAddiction","Expertise+1","FlyingSleeves","hubris:SpiceAddiction"],"picked":"SKIP","floor":35},{"not_picked":["Leg Sweep+1","EmptyFist","hubris:SpiceAddiction"],"picked":"ReplayTheSpireMod:Speed Training+1","floor":38},{"not_picked":["Acrobatics","Compile Driver+1","hubris:SpiceAddiction","JustLucky"],"picked":"SKIP","floor":40},{"not_picked":["BasicCrystalCard+1","hubris:SpiceAddiction","Pray+1","Beam Cell+1"],"picked":"SKIP","floor":41},{"not_picked":["Leap","Swivel+1","Beam Cell"],"picked":"ReplayRNGCard","floor":44},{"not_picked":["White Noise+1","EmptyMind+1","Bane"],"picked":"hubris:SpiceAddiction","floor":46},{"not_picked":["hubris:Prefetch","Concentrate","Prepared"],"picked":"Reflex+1","floor":48},{"not_picked":["hubris:SpiceAddiction","hubris:Prefetch","hubris:SpiceAddiction"],"picked":"Wraith Form v2","floor":50},{"not_picked":["Deadly Poison","Blade Dance","Heatsinks","Replay:ManipulateFuture"],"picked":"SKIP","floor":52},{"not_picked":["ReplayTheSpireMod:Dual Polarity","StuffTheSpire:ClusterCrunch","ReplayTheSpireMod:Reroute Power","ReplayTheSpireMod:Shiv Toss"],"picked":"SKIP","floor":54},{"not_picked":["ReachHeaven","hubris:SpiceAddiction","Backflip"],"picked":"Backstab","floor":55},{"not_picked":["hubris:SpiceAddiction","hubris:SpiceAddiction","Acrobatics","CutThroughFate"],"picked":"SKIP","floor":58},{"not_picked":["Ball Lightning","Glass Knife","Gash"],"picked":"Replay:Battleflow","floor":61},{"not_picked":["Compile Driver","Sweeping Beam","Glass Knife","hubris:SpiceAddiction"],"picked":"SKIP","floor":65},{"not_picked":["ThirdEye","Crescendo+1","Slice"],"picked":"Blur","floor":69},{"not_picked":["hubris:Rewind","infinitespire:TheBestDefense"],"picked":"ReplayTheSpireMod:Chaos Vortex","floor":70},{"not_picked":["Replay:AllIn","StuffTheSpire:Plugnplay","hubris:SpiceAddiction"],"picked":"Calculated Gamble","floor":72},{"not_picked":["FlyingSleeves","After Image","hubris:SpiceAddiction","Rebound"],"picked":"SKIP","floor":73},{"not_picked":["hubris:SpiceAddiction","StuffTheSpire:BumpUp","Flying Knee+1","Sucker Punch+1"],"picked":"SKIP","floor":75},{"not_picked":["hubris:SpiceAddiction","Hello World","Bouncing Flask"],"picked":"StuffTheSpire:DoubleShiv+1","floor":77},{"not_picked":["hubris:SpiceAddiction","Coolheaded+1","Predator+1","Flying Knee+1"],"picked":"SKIP","floor":79},{"not_picked":["Establishment","Creative AI"],"picked":"Fission","floor":80},{"not_picked":["hubris:SpiceAddiction","hubris:SpiceAddiction","Cold Snap","Replay:DivineShield"],"picked":"SKIP","floor":81},{"not_picked":["ReplayTheSpireMod:Repulse","PiercingWail+1","Prostrate"],"picked":"Night Terror","floor":82},{"not_picked":["infinitespire:SevenWalls","infinitespire:Gouge"],"picked":"infinitespire:Collect","floor":85},{"not_picked":["JustLucky+1","Underhanded Strike+1","Double Energy+1"],"picked":"StuffTheSpire:ReptileScales","floor":86},{"not_picked":["StuffTheSpire:CelestialWarden","StuffTheSpire:Harmony"],"picked":"StuffTheSpire:BrainWave","floor":87},{"not_picked":["hubris:Sniper","Hidden Blade","Deadly Poison"],"picked":"Crystallizer+1","floor":88},{"not_picked":["Beam Cell","EmptyFist+1","Brilliance","StuffTheSpire:Fury"],"picked":"SKIP","floor":91},{"not_picked":["hubris:SpiceAddiction","Acrobatics","Loop+1","Replay:AtTheReady"],"picked":"SKIP","floor":92},{"not_picked":["Conserve Battery+1","hubris:SpiceAddiction","Replay:BluntJabs"],"picked":"hubris:SpiceAddiction","floor":94},{"not_picked":["Recycle","Crescendo","Stack","StuffTheSpire:ForEach"],"picked":"SKIP","floor":95},{"not_picked":["Wallop","Dodge and Roll+1","Protect+1"],"picked":"Quick Slash+1","floor":96},{"not_picked":["Redo","Brilliance","Glacier","Conserve Battery"],"picked":"SKIP","floor":97},{"not_picked":["hubris:SpiceAddiction","Crescendo+1","Noxious Fumes+1","Outmaneuver"],"picked":"SKIP","floor":98},{"not_picked":["hubris:DoWhile","StuffTheSpire:ForEach","Replay:LoomingThreat"],"picked":"ReplayTheSpireMod:Fabricate Wheel","floor":101},{"not_picked":["Streamline","FTL","StuffTheSpire:Plugnplay","EmptyBody"],"picked":"SKIP","floor":103},{"not_picked":["Protect","Loop","Crescendo","hubris:Counter"],"picked":"SKIP","floor":103},{"not_picked":["Time Bomb","Stack","Turbo","SandsOfTime"],"picked":"SKIP","floor":107},{"not_picked":["Cold Snap","CutThroughFate","ThirdEye","StuffTheSpire:CleanHardDrive"],"picked":"SKIP","floor":107},{"not_picked":["hubris:SpiceAddiction","Sucker Punch","hubris:SpiceAddiction"],"picked":"Finisher","floor":108},{"not_picked":["StuffTheSpire:MirrorStance","Meditate","hubris:SpiceAddiction"],"picked":"DevaForm","floor":110},{"not_picked":["Fasting2","Consume","Heatsinks"],"picked":"Collect","floor":111},{"not_picked":["Cloak And Dagger","BasicCrystalCard","StuffTheSpire:Plugnplay"],"picked":"Tantrum","floor":113},{"not_picked":["Steam","FlurryOfBlows","Barrage","Beam Cell"],"picked":"SKIP","floor":113},{"not_picked":["BasicCrystalCard","Gash","Go for the Eyes"],"picked":"hubris:SpiceAddiction","floor":114},{"not_picked":["Steam","StuffTheSpire:ShieldGenerator","Cold Snap","Crescendo"],"picked":"SKIP","floor":114},{"not_picked":["ReplayTheSpireMod:System Scan","Sucker Punch","Indignation","EmptyBody"],"picked":"SKIP","floor":115},{"not_picked":["hubris:SpiceAddiction","Poisoned Stab","hubris:SpiceAddiction","Redo"],"picked":"SKIP","floor":115},{"not_picked":["Leap","Poisoned Stab","EmptyFist","Replay:AtTheReady"],"picked":"SKIP","floor":116},{"not_picked":["Prostrate","Slice","hubris:SpiceAddiction","Protect"],"picked":"SKIP","floor":116},{"not_picked":["ReplayTheSpireMod:Necrosis","Judgement","hubris:SpiceAddiction"],"picked":"Burst","floor":118},{"not_picked":["hubris:SpiceAddiction","Turbo","Prepared"],"picked":"Backstab","floor":120},{"not_picked":["Sucker Punch","Replay:BluntJabs","Tempest","Stack"],"picked":"SKIP","floor":120},{"not_picked":["Fluid Movement","ReplayTheSpireMod:Exploit Weakness+1","Draining Mist"],"picked":"StuffTheSpire:Incantation","floor":123},{"not_picked":["Turbo","Setup","FearNoEvil"],"picked":"hubris:SpiceAddiction","floor":126},{"not_picked":["WindmillStrike","Wireheading","Streamline","Hidden Blade"],"picked":"SKIP","floor":126},{"not_picked":["Indignation","StuffTheSpire:Injection","Slice","ReplaySolidLightProjector"],"picked":"SKIP","floor":127},{"not_picked":["infinitespire:DeathsTouch","infinitespire:Menacing"],"picked":"infinitespire:Oblivion","floor":132},{"not_picked":["Beam Cell","Crescendo","Ball Lightning","hubris:SpiceAddiction"],"picked":"SKIP","floor":132}],"player_experience":786679,"relics_obtained":[{"floor":4,"key":"Mummified Hand"},{"floor":6,"key":"Tingsha"},{"floor":8,"key":"hubris:Potato"},{"floor":9,"key":"hubris:Spice"},{"floor":26,"key":"Basket Of Snakes"},{"floor":27,"key":"hubris:BundleOfHerbs"},{"floor":31,"key":"hubris:Spice"},{"floor":43,"key":"hubris:Spice"},{"floor":46,"key":"halation:EternalFortune"},{"floor":48,"key":"halation:EternalFortune"},{"floor":58,"key":"hubris:DeckOfHolding"},{"floor":60,"key":"Dead Branch"},{"floor":61,"key":"Ancient Tea Set"},{"floor":64,"key":"hubris:Spice"},{"floor":75,"key":"halation:EternalFortune"},{"floor":75,"key":"Replay:Wax Seal"},{"floor":77,"key":"aspiration:DSix"},{"floor":79,"key":"halation:EternalFortune"},{"floor":91,"key":"hubris:Spice"},{"floor":94,"key":"StuffTheSpire:OldFever"},{"floor":94,"key":"halation:EternalFortune"},{"floor":95,"key":"halation:EternalFortune"},{"floor":97,"key":"Potion Belt"},{"floor":98,"key":"Art of War"},{"floor":108,"key":"Gremlin Food"},{"floor":110,"key":"Sundial"},{"floor":111,"key":"hubris:Spice"},{"floor":113,"key":"halation:EternalFortune"},{"floor":117,"key":"Pear"},{"floor":123,"key":"CeramicFish"},{"floor":127,"key":"hubris:Spice"},{"floor":128,"key":"halation:IllGainedPizza"},{"floor":131,"key":"StuffTheSpire:Nightcore"}],"event_choices":[{"damage_healed":0,"gold_gain":0,"player_choice":"RE RE ","damage_taken":37,"relics_obtained":["Nunchaku","Replay:Baseball"],"max_hp_gain":0,"max_hp_loss":0,"event_name":"betterSkull:BetterSkull","floor":2,"gold_loss":0,"cards_upgraded":[]},{"damage_healed":0,"gold_gain":0,"player_choice":"Leave","damage_taken":0,"max_hp_gain":0,"max_hp_loss":0,"event_name":"conspire:Investor","floor":20,"gold_loss":0},{"damage_healed":0,"gold_gain":0,"player_choice":"Fight","damage_taken":0,"max_hp_gain":0,"max_hp_loss":0,"event_name":"Mysterious Sphere","floor":37,"gold_loss":0},{"damage_healed":0,"gold_gain":0,"player_choice":"Agree","damage_taken":0,"max_hp_gain":0,"max_hp_loss":0,"event_name":"conspire:LoneGhost","floor":56,"gold_loss":0},{"damage_healed":0,"gold_gain":275,"player_choice":"Desecrate","damage_taken":0,"max_hp_gain":0,"max_hp_loss":0,"event_name":"Golden Shrine","floor":71,"gold_loss":0,"cards_obtained":["Regret"]},{"cards_removed":["ReplayTheSpireMod:IOU","Regret","Doubt"],"damage_healed":0,"gold_gain":0,"player_choice":"Removed Curses","damage_taken":0,"max_hp_gain":0,"max_hp_loss":0,"event_name":"Fountain of Cleansing","floor":89,"gold_loss":0},{"damage_healed":47,"gold_gain":0,"player_choice":"Upgrade","damage_taken":9,"max_hp_gain":0,"max_hp_loss":47,"event_name":"betterThird:BetterShining","floor":104,"gold_loss":0,"cards_upgraded":["StuffTheSpire:ReptileScales","Finisher"]},{"damage_healed":0,"gold_gain":58,"player_choice":"Gained Gold","damage_taken":0,"max_hp_gain":0,"max_hp_loss":0,"event_name":"Golden Wing","floor":106,"gold_loss":0},{"cards_removed":["Reflex"],"damage_healed":0,"gold_gain":0,"player_choice":"Card Removal","damage_taken":0,"max_hp_gain":0,"max_hp_loss":0,"event_name":"Wheel of Change","floor":122,"gold_loss":0}],"is_beta":false,"boss_relics":[{"not_picked":["Snecko Eye","halation:SmartPhone"],"picked":"aspiration:DefectSkillbook"},{"not_picked":["hubris:Spice","Kintsugi"],"picked":"hubris:Spice"},{"not_picked":["Snecko Heart","hubris:GrandSneckoEye"],"picked":"hubris:Spice"},{"not_picked":["hubris:RunicObelisk","halation:Yufonium","Replay:Cursed D8"]},{"not_picked":["hubris:Spice","hubris:Spice"],"picked":"Replay:Bronze Core"},{"not_picked":["Coffee Dripper","halation:LoveArrow","Sozu"]},{"not_picked":["hubris:Spice","hubris:GrandSneckoEye"],"picked":"hubris:Spice"}],"items_purged_floors":[],"is_endless":true,"potions_floor_spawned":[13,14,18,24,25,31,41,46,50,61,67,72,75,79,91,95,96,97,98,110,114,115,116,118,123,132],"killed_by":"infinitespire:LordOfFortification","ascension_level":0}}