{"host":"bf5upntvbdompq33","time":1613167036,"event":{"mods":["BaseMod","Bestiary","Colored Map","Colored Powertips","Curses Come First","Minty Spire (QoL Compilation)","StSLib","ojb\u0027s Info Mod"],"gold_per_floor":[13,13,33,33,33,61,61,86,113,113,63,39,39,66,66,164,164,183,183,183,197,197,197],"floor_reached":22,"language":"ENG","playtime":1153,"items_purged":[],"score":310,"play_id":"25446ae2-1ded-4944-84a8-ceb0eebd9ab2","local_time":"20210212145716","is_ascension_mode":true,"campfire_choices":[{"floor":7,"key":"REST"},{"floor":10,"key":"REST"},{"floor":15,"key":"REST"}],"circlet_count":0,"master_deck":["AscendersBane","Defend_B","Zap","Dualcast","Ball Lightning","Ball Lightning","Rebound","Undo","Conserve Battery","Cold Snap","Darkness","Reboot","Compile Driver","Shame","Compile Driver+1"],"relics":["Cracked Core","MealTicket","Thread and Needle","Strawberry","Lantern","Empty Cage","Pen Nib"],"acts_visited":["Exordium","TheCity"],"potions_floor_usage":[16],"damage_taken":[{"damage":11,"enemies":"Cultist","floor":1,"turns":4},{"damage":2,"enemies":"Jaw Worm","floor":3,"turns":3},{"damage":33,"enemies":"Gremlin Nob","floor":6,"turns":4},{"damage":30,"enemies":"3 Sentries","floor":8,"turns":5},{"damage":0,"enemies":"2 Louse","floor":13,"turns":2},{"damage":19,"enemies":"Lagavulin","floor":14,"turns":6},{"damage":8,"enemies":"The Guardian","floor":16,"turns":11},{"damage":0,"enemies":"Chosen","floor":18,"turns":4},{"damage":12,"enemies":"Spheric Guardian","floor":21,"turns":4},{"damage":46,"enemies":"Centurion and Healer","floor":22,"turns":6}],"seed_played":"2171633515915590870","potions_obtained":[{"floor":3,"key":"GamblersBrew"},{"floor":8,"key":"SkillPotion"}],"is_trial":false,"path_per_floor":["M","?","M","$","?","E","R","E","T","R","?","$","M","E","R","B",null,"M","?","?","M","M"],"character_chosen":"DEFECT","items_purchased":["Conserve Battery"],"campfire_rested":3,"item_purchase_floors":[12],"current_hp_per_floor":[57,57,55,55,48,15,37,7,14,38,38,53,53,34,58,50,74,74,74,58,46,0,0],"gold":197,"neow_bonus":"REMOVE_TWO","is_daily":false,"chose_seed":false,"campfire_upgraded":0,"win_rate":0.0,"timestamp":1613167036,"path_taken":["M","?","?","$","?","E","R","E","T","R","?","?","M","E","R","BOSS","M","?","?","M","M"],"items_purchased_type":["Card"],"build_version":"2020-12-22","purchased_purges":0,"victory":false,"max_hp_per_floor":[75,75,75,75,75,75,75,75,82,82,82,82,82,82,82,82,82,82,82,82,82,82,82],"card_choices":[{"not_picked":["Barrage","Blizzard"],"picked":"Ball Lightning","floor":1},{"not_picked":["Gash","Undo"],"picked":"Ball Lightning","floor":3},{"not_picked":["Gash","Stack"],"picked":"Rebound","floor":6},{"not_picked":["Darkness","Leap"],"picked":"Undo","floor":8},{"not_picked":["Barrage","Coolheaded"],"picked":"Cold Snap","floor":13},{"not_picked":["Conserve Battery","Thunder Strike"],"picked":"Darkness","floor":14},{"not_picked":["Meteor Strike","Core Surge"],"picked":"Reboot","floor":16},{"not_picked":["Storm+1","Turbo"],"picked":"Compile Driver","floor":18},{"not_picked":["Streamline","Gash"],"picked":"Compile Driver+1","floor":21}],"player_experience":1547187,"relics_obtained":[{"floor":6,"key":"MealTicket"},{"floor":8,"key":"Thread and Needle"},{"floor":9,"key":"Strawberry"},{"floor":14,"key":"Lantern"}],"event_choices":[{"cards_removed":["Strike_B"],"damage_healed":0,"gold_gain":0,"player_choice":"Purged","damage_taken":0,"max_hp_gain":0,"max_hp_loss":0,"event_name":"Purifier","floor":2,"gold_loss":0},{"cards_removed":["Strike_B"],"damage_healed":0,"gold_gain":0,"player_choice":"Card Removal","damage_taken":7,"max_hp_gain":0,"max_hp_loss":0,"event_name":"Golden Wing","floor":5,"gold_loss":0},{"cards_removed":["Defend_B"],"damage_healed":0,"gold_gain":0,"player_choice":"Card Removal","damage_taken":0,"max_hp_gain":0,"max_hp_loss":0,"event_name":"The Cleric","floor":11,"gold_loss":50},{"damage_healed":0,"gold_gain":0,"player_choice":"Stole Relic","damage_taken":0,"relics_obtained":["Pen Nib"],"max_hp_gain":0,"max_hp_loss":0,"event_name":"Addict","floor":19,"gold_loss":0,"cards_obtained":["Shame"]},{"damage_healed":0,"gold_gain":0,"player_choice":"Obtained Book","damage_taken":16,"max_hp_gain":0,"max_hp_loss":0,"event_name":"Cursed Tome","floor":20,"gold_loss":0}],"is_beta":false,"boss_relics":[{"not_picked":["FrozenCore","Philosopher\u0027s Stone"],"picked":"Empty Cage"}],"items_purged_floors":[],"is_endless":false,"potions_floor_spawned":[3,8,14],"killed_by":"Centurion and Healer","ascension_level":11}}