{"host":"8nctav4lo34mnono","time":1613174211,"event":{"mods":["BaseMod","Bestiary","Highlight Path","Minty Spire (QoL Compilation)","Relic Stats","Slay the Relics Exporter"],"gold_per_floor":[166,186,205,219,230,230,255,255,255,25,25,56,15,34,34,112,112,125,125,140,27,44,44,44],"floor_reached":23,"language":"ENG","playtime":1013,"items_purged":[],"score":335,"play_id":"54ae4525-b0f8-4db5-ba1a-893967c94800","local_time":"20210212235651","is_ascension_mode":true,"campfire_choices":[{"floor":6,"key":"REST"},{"floor":8,"key":"REST"},{"floor":11,"key":"REST"},{"data":"Bash","floor":15,"key":"SMITH"}],"circlet_count":0,"master_deck":["AscendersBane","Bash+1","Shrug It Off","Hemokinesis","Combust","Shrug It Off","Disarm","Rampage","Bloodletting","Reaper","Carnage","Immolate","Spot Weakness","Demon Form","Fiend Fire","Shockwave","Demon Form","Exhume","Shockwave","Seeing Red","Pommel Strike","Flex","Spot Weakness","Entrench","Feel No Pain","Dual Wield","Ghostly Armor"],"relics":["Tiny House","Paper Frog","Letter Opener","CaptainsWheel","Pandora\u0027s Box","FaceOfCleric"],"acts_visited":["Exordium","TheCity"],"potions_floor_usage":[5,12,20,23,23],"damage_taken":[{"damage":4,"enemies":"Cultist","floor":1,"turns":5},{"damage":4,"enemies":"Small Slimes","floor":2,"turns":3},{"damage":11,"enemies":"Jaw Worm","floor":3,"turns":3},{"damage":19,"enemies":"Exordium Thugs","floor":4,"turns":5},{"damage":15,"enemies":"Lots of Slimes","floor":5,"turns":3},{"damage":34,"enemies":"Lagavulin","floor":7,"turns":7},{"damage":22,"enemies":"3 Sentries","floor":12,"turns":6},{"damage":16,"enemies":"Blue Slaver","floor":14,"turns":4},{"damage":21,"enemies":"Slime Boss","floor":16,"turns":7},{"damage":42,"enemies":"Shell Parasite","floor":18,"turns":6},{"damage":19,"enemies":"Chosen","floor":20,"turns":6},{"damage":6,"enemies":"Centurion and Healer","floor":22,"turns":4},{"damage":12,"enemies":"Book of Stabbing","floor":23,"turns":1}],"seed_played":"1188399007263617469","potions_obtained":[{"floor":0,"key":"Swift Potion"},{"floor":1,"key":"LiquidMemories"},{"floor":5,"key":"Block Potion"},{"floor":18,"key":"Strength Potion"},{"floor":22,"key":"Explosive Potion"}],"is_trial":false,"path_per_floor":["M","M","M","M","M","R","E","R","T","$","R","E","$","M","R","B",null,"M","?","M","$","M","E"],"character_chosen":"IRONCLAD","items_purchased":["Reaper","Carnage","Spot Weakness","Feel No Pain","Dual Wield"],"campfire_rested":3,"item_purchase_floors":[10,10,13,21,21],"current_hp_per_floor":[73,69,58,39,24,49,15,40,40,40,65,52,52,43,43,30,71,29,29,11,11,6,0,0],"gold":44,"neow_bonus":"BOSS_RELIC","is_daily":false,"chose_seed":false,"campfire_upgraded":1,"win_rate":0.0,"timestamp":1613174211,"path_taken":["M","M","M","M","?","R","E","R","T","$","R","E","$","M","R","BOSS","M","?","?","?","M","E"],"items_purchased_type":["Card","Card","Card","Card","Card"],"build_version":"2020-12-22","purchased_purges":0,"victory":false,"max_hp_per_floor":[85,85,85,85,85,85,85,85,85,85,85,85,85,85,85,85,85,85,85,86,86,87,87,87],"relic_stats":{"FaceOfCleric":2,"counters":[13,60],"Pandora\u0027s Box":["Fiend Fire","Shockwave","Demon Form","Exhume","Shockwave","Seeing Red","Pommel Strike","Flex","Spot Weakness"],"Letter Opener":[20],"obtain_stats":[{"CaptainsWheel":12,"Tiny House":0,"FaceOfCleric":19,"Pandora\u0027s Box":17,"Letter Opener":9,"Burning Blood":0,"Paper Frog":7},{"CaptainsWheel":7,"Tiny House":0,"FaceOfCleric":10,"Pandora\u0027s Box":9,"Letter Opener":6,"Burning Blood":0,"Paper Frog":6},{"CaptainsWheel":32,"Tiny House":0,"FaceOfCleric":49,"Pandora\u0027s Box":43,"Letter Opener":26,"Burning Blood":0,"Paper Frog":26}]},"card_choices":[{"not_picked":["Sever Soul","Clash"],"picked":"Shrug It Off","floor":0},{"not_picked":["Thunderclap","Havoc"],"picked":"Hemokinesis","floor":1},{"not_picked":["Heavy Blade","Clothesline"],"picked":"Combust","floor":2},{"not_picked":["Body Slam","Thunderclap"],"picked":"Shrug It Off","floor":3},{"not_picked":["Dual Wield","Headbutt"],"picked":"Disarm","floor":4},{"not_picked":["Cleave","Headbutt"],"picked":"Rampage","floor":5},{"not_picked":["Pummel","Perfected Strike"],"picked":"Bloodletting","floor":7},{"not_picked":["Wild Strike","Uppercut"],"picked":"Immolate","floor":12},{"not_picked":["Shrug It Off","Body Slam","Sword Boomerang"],"picked":"SKIP","floor":14},{"not_picked":["Brutality","Barricade"],"picked":"Demon Form","floor":16},{"not_picked":["Iron Wave","Infernal Blade"],"picked":"Entrench","floor":18},{"not_picked":["Bloodletting","Twin Strike","Uppercut"],"picked":"SKIP","floor":20},{"not_picked":["Anger","Uppercut"],"picked":"Ghostly Armor","floor":22}],"player_experience":386383,"relics_obtained":[{"floor":7,"key":"Paper Frog"},{"floor":9,"key":"Letter Opener"},{"floor":12,"key":"CaptainsWheel"}],"event_choices":[{"damage_healed":0,"gold_gain":0,"player_choice":"Trade","damage_taken":0,"relics_obtained":["FaceOfCleric"],"max_hp_gain":0,"max_hp_loss":0,"event_name":"FaceTrader","floor":19,"gold_loss":0}],"is_beta":false,"boss_relics":[{"not_picked":["Empty Cage","Astrolabe"],"picked":"Pandora\u0027s Box"}],"items_purged_floors":[],"is_endless":false,"potions_floor_spawned":[1,5,18,22],"killed_by":"Book of Stabbing","ascension_level":13}}