{"host":"nsc6ozq3atyrdr3m","time":1613153803,"event":{"mods":["BaseMod","Colored Map","Minty Spire (QoL Compilation)"],"gold_per_floor":[111,111,111,111,121,156,156,156,182,182,182,211,211,243,243,318,318,330,348,236,236,236],"floor_reached":21,"language":"FRA","playtime":575,"items_purged":[],"score":416,"play_id":"68d32072-4fc9-499e-b269-091b9b580738","local_time":"20210212191643","is_ascension_mode":true,"campfire_choices":[{"data":"Flame Barrier","floor":7,"key":"SMITH"},{"data":"Bash","floor":8,"key":"SMITH"},{"data":"Clothesline","floor":11,"key":"SMITH"},{"floor":15,"key":"REST"}],"circlet_count":0,"master_deck":["AscendersBane","Strike_R","Strike_R","Strike_R","Strike_R","Defend_R","Defend_R","Defend_R","Defend_R","Bash+1","Evolve","Clothesline+1","Twin Strike","Flame Barrier+1","Shrug It Off","Offering","Bludgeon","Combust","Burning Pact","Rupture","True Grit"],"relics":["Burning Blood","NeowsBlessing","WingedGreaves","Juzu Bracelet","Odd Mushroom","Pen Nib","Cursed Key"],"acts_visited":["Exordium","TheCity"],"potions_floor_usage":[16],"damage_taken":[{"damage":0,"enemies":"Small Slimes","floor":1,"turns":1},{"damage":0,"enemies":"Jaw Worm","floor":5,"turns":1},{"damage":0,"enemies":"Gremlin Nob","floor":6,"turns":1},{"damage":23,"enemies":"The Mushroom Lair","floor":12,"turns":7},{"damage":25,"enemies":"Lagavulin","floor":14,"turns":8},{"damage":49,"enemies":"The Guardian","floor":16,"turns":17},{"damage":19,"enemies":"2 Thieves","floor":18,"turns":4},{"damage":35,"enemies":"Shell Parasite","floor":19,"turns":6},{"damage":19,"enemies":"3 Cultists","floor":21,"turns":3}],"seed_played":"-3247495602603179098","potions_obtained":[{"floor":1,"key":"Weak Potion"},{"floor":5,"key":"BlessingOfTheForge"},{"floor":16,"key":"CultistPotion"}],"is_trial":false,"path_per_floor":["M","$","?","?","M","E","R","R","T","?","R","?","?","E","R","B",null,"M","M","$","M"],"character_chosen":"IRONCLAD","items_purchased":["Rupture","True Grit"],"campfire_rested":1,"item_purchase_floors":[20,20],"current_hp_per_floor":[74,74,74,74,75,75,75,75,75,75,75,58,58,39,61,18,61,48,19,19,0,0],"gold":236,"neow_bonus":"THREE_ENEMY_KILL","is_daily":false,"chose_seed":false,"campfire_upgraded":3,"win_rate":0.0,"timestamp":1613153803,"path_taken":["M","$","?","?","M","E","R","R","T","?","R","?","?","E","R","BOSS","M","M","$","M"],"items_purchased_type":["Card","Card"],"build_version":"2020-12-22","purchased_purges":0,"victory":false,"max_hp_per_floor":[75,75,75,75,75,75,75,75,75,75,75,75,75,75,75,75,75,75,75,75,75,75],"card_choices":[{"not_picked":["Rupture","Perfected Strike"],"picked":"Evolve","floor":1},{"not_picked":["Iron Wave","Headbutt"],"picked":"Twin Strike","floor":5},{"not_picked":["Wild Strike","Body Slam"],"picked":"Flame Barrier","floor":6},{"not_picked":["Rage","Clothesline"],"picked":"Shrug It Off","floor":12},{"not_picked":["Bloodletting","Clash"],"picked":"Offering","floor":14},{"not_picked":["Demon Form","Impervious"],"picked":"Bludgeon","floor":16},{"not_picked":["Heavy Blade","Clothesline"],"picked":"Combust","floor":18},{"not_picked":["Thunderclap","Shrug It Off"],"picked":"Burning Pact","floor":19}],"player_experience":398266,"relics_obtained":[{"floor":6,"key":"WingedGreaves"},{"floor":9,"key":"Juzu Bracelet"},{"floor":12,"key":"Odd Mushroom"},{"floor":14,"key":"Pen Nib"}],"event_choices":[{"damage_healed":0,"gold_gain":0,"player_choice":"Leave","damage_taken":0,"max_hp_gain":0,"max_hp_loss":0,"event_name":"The Cleric","floor":3,"gold_loss":0},{"damage_healed":0,"gold_gain":0,"cards_transformed":["Strike_R"],"player_choice":"Transformed","damage_taken":0,"max_hp_gain":0,"max_hp_loss":0,"event_name":"Transmorgrifier","floor":4,"gold_loss":0,"cards_obtained":["Clothesline"]},{"damage_healed":0,"gold_gain":0,"player_choice":"Full Heal","damage_taken":0,"max_hp_gain":0,"max_hp_loss":0,"event_name":"Wheel of Change","floor":10,"gold_loss":0},{"damage_healed":0,"gold_gain":0,"player_choice":"Fought Mushrooms","damage_taken":0,"max_hp_gain":0,"max_hp_loss":0,"event_name":"Mushrooms","floor":12,"gold_loss":0},{"damage_healed":0,"gold_gain":0,"player_choice":"Ignored","damage_taken":0,"max_hp_gain":0,"max_hp_loss":0,"event_name":"Liars Game","floor":13,"gold_loss":0}],"is_beta":false,"boss_relics":[{"not_picked":["Busted Crown","Astrolabe"],"picked":"Cursed Key"}],"items_purged_floors":[],"is_endless":false,"potions_floor_spawned":[1,5,16],"killed_by":"3 Cultists","ascension_level":20}}