{"host":"smn2tb46ysgs1sad","time":1613099968,"event":{"mods":["AchievementEnabler","Aspiration","BaseMod","Colored Powertips","Downfall","Hermit","Minty Spire (QoL Compilation)","Replay The Spire","StSLib","The Cursed","The Disciple","The Hierophant"],"gold_per_floor":[99,118,128,128,128,143,169,182,182,182,182,199,199,212,212,241,256,353,353,353,368,383,400,420,420,420,420],"floor_reached":25,"language":"ENG","playtime":1029,"items_purged":[],"score":232,"play_id":"b8b4bf3e-d231-4827-aa43-df8f127c541d","local_time":"20210211191928","is_ascension_mode":false,"campfire_choices":[{"floor":11,"key":"REST"},{"data":"hexamod:GhostLash","floor":13,"key":"SMITH"},{"data":"hexamod:Float","floor":15,"key":"SMITH"},{"floor":20,"key":"DIG"}],"circlet_count":0,"master_deck":["hexamod:Strike","hexamod:Strike","hexamod:Strike","hexamod:Strike","hexamod:Defend","hexamod:Defend","hexamod:Defend","hexamod:Defend","hexamod:Sear","hexamod:Float+1","hexamod:NightmareStrike","hexamod:GhostLash+1","hexamod:Firestarter","Pain","hexamod:FourthSeal","hexamod:BacktrackSmack","hexamod:ThermalTransfer","hexamod:ChargedBarrage","hexamod:BurningTouch","hexamod:ChargedBarrage","hexamod:SearingWound","hexamod:InspiringFlames+1","hexamod:AdvancingGuard","hexamod:EmpoweredFlame","hexamod:RadiantFlame"],"relics":["hexamod:SpiritBrand","WarpedTongs","Happy Flower","Art of War","Black Star","aspiration:HatOfInfinitePower"],"acts_visited":["Exordium","TheCity"],"potions_floor_usage":[16,16,18,24],"damage_taken":[{"damage":0,"enemies":"Small Slimes","floor":2,"turns":4},{"damage":6,"enemies":"Jaw Worm","floor":3,"turns":3},{"damage":0,"enemies":"Cultist","floor":4,"turns":1},{"damage":7,"enemies":"Lots of Slimes","floor":6,"turns":4},{"damage":8,"enemies":"Large Slime","floor":8,"turns":4},{"damage":8,"enemies":"Red Slaver","floor":12,"turns":2},{"damage":0,"enemies":"2 Fungi Beasts","floor":14,"turns":2},{"damage":3,"enemies":"Replay:BlueRogue","floor":16,"turns":3},{"damage":8,"enemies":"Exordium Thugs","floor":17,"turns":3},{"damage":22,"enemies":"IC_STATUS_ARCHETYPE","floor":18,"turns":6},{"damage":0,"enemies":"Spheric Guardian","floor":21,"turns":2},{"damage":4,"enemies":"Shell Parasite","floor":22,"turns":4},{"damage":17,"enemies":"Snecko","floor":23,"turns":4},{"damage":30,"enemies":"Centurion and Healer","floor":24,"turns":8},{"damage":26,"enemies":"Slavers","floor":25,"turns":1}],"seed_played":"2626444739775189668","potions_obtained":[{"floor":2,"key":"DistilledChaos"},{"floor":8,"key":"Swift Potion"},{"floor":12,"key":"LiquidBronze"},{"floor":14,"key":"PowerPotion"},{"floor":16,"key":"SpeedPotion"},{"floor":17,"key":"Slimebound:ThreeZeroPotion"},{"floor":18,"key":"Adrenaline Potion"},{"floor":24,"key":"Venom Potion"}],"is_trial":false,"path_per_floor":["R","M","M","M","?","M","T","M","PTL","PTL","R","M","R","M","R","E","M","B",null,"R","M","M","M","M","E"],"character_chosen":"THE_SPIRIT","items_purchased":[],"campfire_rested":1,"item_purchase_floors":[],"current_hp_per_floor":[77,77,71,71,71,64,64,56,56,56,77,69,69,69,69,66,58,36,77,77,77,73,56,26,0,0,0],"gold":420,"neow_bonus":"TEN_PERCENT_HP_BONUS","is_daily":false,"chose_seed":false,"campfire_upgraded":2,"win_rate":0.0,"timestamp":1613099968,"path_taken":["R","M","M","M","?","M","T","?","PTL","PTL","R","?","R","M","R","E","M","BOSS","R","M","M","M","M","E"],"items_purchased_type":[],"build_version":"2020-12-22","purchased_purges":0,"victory":false,"max_hp_per_floor":[77,77,77,77,77,77,77,77,77,77,77,77,77,77,77,77,77,77,77,77,77,77,77,77,77,77,77],"card_choices":[{"not_picked":["hexamod:RetreatToShadows","hexamod:Haunt"],"picked":"hexamod:NightmareStrike","floor":2},{"not_picked":["hexamod:HeatMetal","hexamod:HauntingEcho"],"picked":"hexamod:GhostLash","floor":3},{"not_picked":["hexamod:SpectersWail","hexamod:NightmareGuise"],"picked":"hexamod:Firestarter","floor":4},{"not_picked":["hexamod:FastForward","hexamod:BacktrackSmack"],"picked":"hexamod:FourthSeal","floor":6},{"not_picked":["hexamod:Firestarter","hexamod:RainOfEmbers"],"picked":"hexamod:BacktrackSmack","floor":8},{"not_picked":["hexamod:NightmareStrike","hexamod:ShieldOfDarkness"],"picked":"hexamod:ThermalTransfer","floor":12},{"not_picked":["hexamod:Firestarter","hexamod:ShieldOfDarkness"],"picked":"hexamod:ChargedBarrage","floor":14},{"not_picked":["hexamod:NightmareStrike","hexamod:GhostLash"],"picked":"hexamod:BurningTouch","floor":16},{"not_picked":["hexamod:PhantomCloak","hexamod:InspiringFlames"],"picked":"hexamod:ChargedBarrage","floor":17},{"not_picked":["hexamod:TimeWarp","hexamod:UnleashSpirits"],"picked":"hexamod:SearingWound","floor":18},{"not_picked":["hexamod:HeatMetal","hexamod:Hexaguard"],"picked":"hexamod:InspiringFlames+1","floor":21},{"not_picked":["hexamod:NightmareGuise","hexamod:SwordOfDarkness"],"picked":"hexamod:AdvancingGuard","floor":22},{"not_picked":["hexamod:AdvancingGuard","hexamod:RainOfEmbers"],"picked":"hexamod:EmpoweredFlame","floor":23},{"not_picked":["hexamod:AdvancingGuard","hexamod:HeatMetal"],"picked":"hexamod:RadiantFlame","floor":24}],"player_experience":188640,"relics_obtained":[{"floor":7,"key":"Happy Flower"},{"floor":16,"key":"Art of War"},{"floor":20,"key":"aspiration:HatOfInfinitePower"}],"event_choices":[{"damage_healed":0,"gold_gain":0,"player_choice":"Rummage","damage_taken":0,"relics_obtained":["WarpedTongs"],"max_hp_gain":0,"max_hp_loss":0,"event_name":"Accursed Blacksmith","floor":5,"gold_loss":0,"cards_obtained":["Pain"]}],"is_beta":false,"boss_relics":[{"not_picked":["aspiration:RitualDagger","Fusion Hammer"],"picked":"Black Star"}],"items_purged_floors":[],"is_endless":false,"potions_floor_spawned":[2,12,14,16,17,21],"killed_by":"Slavers","ascension_level":0}}