{"host":"qmdmcz5nn4dzus5k","time":1613145033,"event":{"mods":["AchievementEnabler","BaseMod","Bestiary","BetterRewards","Card Filter","Displayed Cursed Tome","Minty Spire (QoL Compilation)","Quick Restart","Relic Filter","Remove Card Discount Mod","Replay The Spire","Spicy Shops","StSLib","The Marked","TheHero","Uncapped"],"gold_per_floor":[113,132,185,360,379,412,412,439,466,481,542,559,559,559,559,654,654,668,668,668,685,685,685,716,730,730,730,779,796,44,61,61,157,157,175,175,194,245,256,256,26,26,81,81,81,129,144,154,154,154],"floor_reached":51,"language":"ENG","playtime":3224,"items_purged":["theMarked:Strike","theMarked:Defend","theMarked:Strike","theMarked:Strike","theMarked:TakeCover+1","Doubt","ReplayTheSpireMod:Splinters","theMarked:Reabsorb+1"],"score":550,"play_id":"38f245b8-1201-43ab-9c9e-9229fbb56164","local_time":"20210212105033","is_ascension_mode":false,"campfire_choices":[{"floor":7.0,"key":"REST"},{"floor":13.0,"key":"REST"},{"floor":15.0,"key":"REST"},{"floor":23.0,"key":"REST"},{"floor":32.0,"key":"REST"},{"floor":40.0,"key":"REST"},{"floor":42.0,"key":"REST"},{"floor":45.0,"key":"REST"},{"floor":49.0,"key":"REST"}],"circlet_count":0,"master_deck":["theMarked:Strike+1","theMarked:Strike+1","theMarked:Defend","theMarked:Defend","theMarked:Defend","theMarked:SoldierOfQuellstein","theMarked:StartUp+1","theMarked:MuscleMemory","theMarked:ResourceFulStrike+1","theMarked:Aftermath","theMarked:ChainLightning+1","theMarked:ThrowWeapon+1","theMarked:BanishingStrike+1","theMarked:EternalStudent","theMarked:EmpowerWeapon","RitualDagger+1","theMarked:MagusForm","theMarked:ChainLightning+1","theMarked:BanishingStrike+1","ReplayUltimateDefense","theMarked:ComboAttacks","theMarked:ThrowWeapon+1","theMarked:BanishingWave+1","theMarked:HeightenedSenses+1","Flash of Steel+1","theMarked:Parkour+1","theMarked:StartUp+1"],"relics":["theMarked:ArtifactOfAir","Dream Catcher","Molten Egg 2","ClockworkSouvenir","CaptainsWheel","Girya","Replay:Mystery Machine","PreservedInsect","Incense Burner","Velvet Choker","ReplayFunnel","Chameleon Ring","Replay:Rubber Ducky","Shuriken","Kunai","Ring of Chaos","ReplayTheSpireMod:Shallot","OrangePellets","Toy Ornithopter","Simple Rune","Anchor"],"acts_visited":["Exordium","TheCity","TheBeyond"],"potions_floor_usage":[50,50,50],"damage_taken":[{"damage":0.0,"enemies":"Cultist","floor":1.0,"turns":4.0},{"damage":3.0,"enemies":"Small Slimes","floor":2.0,"turns":3.0},{"damage":0.0,"enemies":"2 Louse","floor":5.0,"turns":2.0},{"damage":35.0,"enemies":"Lagavulin","floor":6.0,"turns":9.0},{"damage":22.0,"enemies":"3 Sentries","floor":8.0,"turns":6.0},{"damage":0.0,"enemies":"Large Slime","floor":10.0,"turns":1.0},{"damage":4.0,"enemies":"Gremlin Nob","floor":11.0,"turns":3.0},{"damage":5.0,"enemies":"Exordium Thugs","floor":12.0,"turns":2.0},{"damage":46.0,"enemies":"Hexaghost","floor":16.0,"turns":10.0},{"damage":3.0,"enemies":"Spheric Guardian","floor":18.0,"turns":4.0},{"damage":10.0,"enemies":"Chosen","floor":21.0,"turns":2.0},{"damage":43.0,"enemies":"Gremlin Leader","floor":24.0,"turns":5.0},{"damage":11.0,"enemies":"Snecko","floor":25.0,"turns":3.0},{"damage":0.0,"enemies":"Shelled Parasite and Fungi","floor":29.0,"turns":1.0},{"damage":0.0,"enemies":"3 Cultists","floor":31.0,"turns":5.0},{"damage":28.0,"enemies":"Collector","floor":33.0,"turns":11.0},{"damage":44.0,"enemies":"3 Darklings","floor":35.0,"turns":5.0},{"damage":0.0,"enemies":"Orb Walker","floor":37.0,"turns":2.0},{"damage":25.0,"enemies":"3 Darklings","floor":39.0,"turns":3.0},{"damage":12.0,"enemies":"Transient","floor":47.0,"turns":5.0},{"damage":0.0,"enemies":"Sphere and 2 Shapes","floor":48.0,"turns":4.0},{"damage":11,"enemies":"Replay:Hell Engine","floor":50,"turns":9}],"seed_played":"-6336312708167369358","potions_obtained":[{"floor":2.0,"key":"Block Potion"},{"floor":8.0,"key":"EssenceOfSteel"},{"floor":11.0,"key":"Adrenaline Potion"},{"floor":18.0,"key":"Energy Potion"},{"floor":25.0,"key":"Regen Potion"},{"floor":31.0,"key":"EssenceOfSteel"},{"floor":36.0,"key":"Languid Potion"},{"floor":36.0,"key":"DuplicationPotion"},{"floor":36.0,"key":"LiquidBronze"},{"floor":47.0,"key":"Death Potion"},{"floor":48.0,"key":"Milkshake"}],"is_trial":false,"path_per_floor":["M","M","?","?","M","E","R","E","T","M","?","M","R","?","R","B",null,"M","?","?","M","?","R","E","M","T","?","T","M","$","M","R","B",null,"M","?","M","?","M","R","$","R","T","?","R","T","M","M","R","B",null],"character_chosen":"THE_DEFAULT","items_purchased":["Dream Catcher","Molten Egg 2","ClockworkSouvenir","theMarked:StartUp+1","theMarked:MuscleMemory","Shuriken","Kunai","ReplayUltimateDefense","Adrenaline Potion","OrangePellets","Toy Ornithopter"],"campfire_rested":9,"item_purchase_floors":[0,0,0,0,0,30,30,30,30,41,41],"current_hp_per_floor":[70,67,67,67,67,32,53,31,31,31,27,22,43,43,64,18,70,67,67,61,51,38,60,17,6,6,6,6,6,6,24,46,18,75,31,31,31,31,6,28,28,50,50,50,72,72,60,60,75,70],"gold":154,"neow_bonus":"","is_daily":false,"chose_seed":false,"campfire_upgraded":0,"win_rate":0.0,"timestamp":1613145033,"path_taken":["M","M","?","?","M","E","R","E","T","M","?","M","R","?","R","BOSS","M","?","?","M","?","R","E","M","T","?","?","M","$","M","R","BOSS","M","?","?","?","M","R","$","R","T","?","R","?","?","M","R","BOSS"],"items_purchased_type":["Relic","Relic","Relic","Card","Card","Relic","Relic","Card","Potion","Relic","Relic"],"build_version":"2020-12-22","purchased_purges":8,"victory":true,"max_hp_per_floor":[70,70,70,70,70,70,70,70,70,70,70,70,70,70,70,70,70,70,70,70,70,75,75,75,75,75,75,75,75,75,75,75,75,75,75,75,75,75,75,75,75,75,75,75,75,75,75,75,75,75],"card_choices":[{"not_picked":["theMarked:Memento","theMarked:SwordAndMagic+1","theMarked:RepellingDischarge"],"picked":"SKIP","floor":1.0},{"not_picked":["theMarked:RepellingDischarge","theMarked:Standoff"],"picked":"theMarked:ResourceFulStrike+1","floor":2.0},{"not_picked":["theMarked:TheMission","theMarked:TakeCover","theMarked:Determination"],"picked":"SKIP","floor":5.0},{"not_picked":["theMarked:Pokerface","theMarked:Generate"],"picked":"theMarked:Aftermath","floor":6.0},{"not_picked":["theMarked:Electrify","theMarked:SwordAndMagic+1"],"picked":"theMarked:ChainLightning+1","floor":7.0},{"not_picked":["theMarked:Polarize","theMarked:ChannelForce"],"picked":"theMarked:ThrowWeapon+1","floor":8.0},{"not_picked":["theMarked:WastefulAttack+1","theMarked:Improvise"],"picked":"theMarked:BanishingStrike+1","floor":10.0},{"not_picked":["theMarked:ResourceFulStrike+1","theMarked:WardOff"],"picked":"theMarked:Reabsorb","floor":12.0},{"not_picked":["theMarked:Defy+1","theMarked:UnarmedFury+1"],"picked":"theMarked:EternalStudent","floor":16.0},{"not_picked":["theMarked:AttractMetal","theMarked:WardOff"],"picked":"theMarked:EmpowerWeapon","floor":18.0},{"not_picked":["theMarked:Memento","theMarked:SwordAndMagic+1","theMarked:Pokerface"],"picked":"SKIP","floor":21.0},{"not_picked":["theMarked:TunnelVision+1","theMarked:CreepingChasm+1"],"picked":"theMarked:MagusForm","floor":24.0},{"not_picked":["theMarked:HeightenedSenses+1","theMarked:Panic+1"],"picked":"theMarked:ChainLightning+1","floor":25.0},{"not_picked":["theMarked:ElectricStrings+1","theMarked:TwofoldDefense+1"],"picked":"theMarked:BanishingStrike+1","floor":29.0},{"not_picked":["theMarked:AttractMetal","theMarked:GodGivenPower","theMarked:Heritage"],"picked":"SKIP","floor":31.0},{"not_picked":["theMarked:LightningStrikesTwice+1","theMarked:ChainLightning+1"],"picked":"theMarked:ComboAttacks","floor":32.0},{"not_picked":["theMarked:UnarmedFury+1","theMarked:TakeOffHeels"],"picked":"theMarked:ThrowWeapon+1","floor":33.0},{"not_picked":["theMarked:ElectricStrings+1","theMarked:Indomitable+1","theMarked:WardOff"],"picked":"SKIP","floor":35.0},{"not_picked":["theMarked:ResourceFulStrike+1","theMarked:ChannelForce+1"],"picked":"theMarked:BanishingWave+1","floor":37.0},{"not_picked":["theMarked:Reabsorb","theMarked:Improvise"],"picked":"theMarked:TakeCover+1","floor":38.0},{"not_picked":["theMarked:MagusForm","theMarked:Determination+1","theMarked:Convert+1"],"picked":"SKIP","floor":39.0},{"not_picked":["theMarked:ChainLightning+1","theMarked:LightningStrikesTwice+1"],"picked":"theMarked:HeightenedSenses+1","floor":40.0},{"not_picked":["Specialist","ReplayTheSpireMod:Necrogeddon+1"],"picked":"Flash of Steel+1","floor":44.0},{"not_picked":["theMarked:Generate","theMarked:SelfDefenseTraining+1"],"picked":"theMarked:Parkour+1","floor":47.0},{"not_picked":["theMarked:Frustration+1","theMarked:ChainLightning+1","theMarked:TakeCover"],"picked":"SKIP","floor":48.0},{"not_picked":["theMarked:Parkour+1","theMarked:Memento+1"],"picked":"theMarked:StartUp+1","floor":49.0}],"player_experience":80848,"relics_obtained":[{"floor":6.0,"key":"Girya"},{"floor":8.0,"key":"Replay:Mystery Machine"},{"floor":9.0,"key":"PreservedInsect"},{"floor":11.0,"key":"Incense Burner"},{"floor":24.0,"key":"ReplayFunnel"},{"floor":26.0,"key":"Chameleon Ring"},{"floor":28.0,"key":"Replay:Rubber Ducky"},{"floor":38.0,"key":"ReplayTheSpireMod:Shallot"},{"floor":43.0,"key":"Simple Rune"},{"floor":46.0,"key":"Anchor"}],"event_choices":[{"damage_healed":0.0,"max_hp_gain":0.0,"max_hp_loss":0.0,"gold_gain":53.0,"event_name":"Golden Wing","player_choice":"Gained Gold","floor":3.0,"gold_loss":0.0,"damage_taken":0.0},{"damage_healed":0.0,"max_hp_gain":0.0,"max_hp_loss":0.0,"gold_gain":175.0,"event_name":"Liars Game","player_choice":"AGREE","floor":4.0,"gold_loss":0.0,"damage_taken":0.0,"cards_obtained":["Doubt"]},{"damage_healed":0.0,"max_hp_gain":0.0,"max_hp_loss":0.0,"gold_gain":0.0,"event_name":"Dead Adventurer","player_choice":"Searched \u00272\u0027 times","floor":11.0,"gold_loss":0.0,"damage_taken":0.0},{"damage_healed":0.0,"max_hp_gain":0.0,"max_hp_loss":0.0,"gold_gain":0.0,"event_name":"Upgrade Shrine","player_choice":"Upgraded","floor":14.0,"gold_loss":0.0,"damage_taken":0.0,"cards_upgraded":["theMarked:Reabsorb"]},{"damage_healed":0.0,"max_hp_gain":0.0,"max_hp_loss":0.0,"gold_gain":0.0,"event_name":"Nest","player_choice":"Joined the Cult","floor":20.0,"gold_loss":0.0,"damage_taken":6.0,"cards_obtained":["RitualDagger"]},{"damage_healed":0.0,"max_hp_gain":5.0,"max_hp_loss":0.0,"gold_gain":0.0,"event_name":"Forgotten Altar","player_choice":"Shed Blood","floor":22.0,"gold_loss":0.0,"damage_taken":18.0},{"damage_healed":0.0,"max_hp_gain":0.0,"max_hp_loss":0.0,"gold_gain":0.0,"event_name":"Cursed Tome","player_choice":"Ignored","floor":27.0,"gold_loss":0.0,"damage_taken":0.0},{"damage_healed":0.0,"max_hp_gain":0.0,"max_hp_loss":0.0,"gold_gain":0.0,"event_name":"Lab","player_choice":"Got Potions","floor":36.0,"gold_loss":0.0,"damage_taken":0.0},{"damage_healed":0.0,"max_hp_gain":0.0,"max_hp_loss":0.0,"gold_gain":0.0,"event_name":"SensoryStone","player_choice":"Memory 1","floor":44.0,"gold_loss":0.0,"damage_taken":0.0}],"is_beta":false,"boss_relics":[{"not_picked":["ReplayTheSpireMod:DimensionalGlitch","SlaversCollar"],"picked":"Velvet Choker"},{"not_picked":["Honey Jar","Black Star"],"picked":"Ring of Chaos"}],"items_purged_floors":[0,0,30,30,41,41,41,41],"is_endless":false,"potions_floor_spawned":[2,8,11,18,25,31,39,47,48],"ascension_level":0}}