{"host":"xiain65d2hovry7l","time":1613173396,"event":{"mods":["2.2 Compatiblity","Act Like it!","BaseMod","BetterRewards","Colored Map","Colored Powertips","Downfall","Faster Ascension Climbing","Friendly Minions","Highlight Path","Mimic Mod","Minty Spire (QoL Compilation)","Relic Sorter","StSLib","Unknown Chances"],"gold_per_floor":[99,99,154,154,171,206,232,244,244,44,61,81,81,92,102,207,207,207,218,231,71,85,185,211,211,211,211],"floor_reached":25,"language":"ENG","playtime":2807,"items_purged":["champ:DeathBlow"],"score":305,"play_id":"d7950916-004b-4511-8f5a-9ab6b82f3191","local_time":"20210213004316","is_ascension_mode":true,"campfire_choices":[{"floor":1,"key":"RECALL"},{"data":"champ:Taunt","floor":10,"key":"SMITH"},{"data":"champ:Circumvent","floor":13,"key":"SMITH"},{"data":"champ:HoldFirm","floor":18,"key":"SMITH"}],"circlet_count":0,"master_deck":["AscendersBane","champ:Execute","champ:Taunt+1","champ:EnGarde","champ:BerserkersShout","champ:BringItOn","champ:Endure","champ:EnragedBash","champ:FlashCut","champ:Circumvent+1","champ:Lariat","champ:DefensiveShout","champ:HoldFirm+1","champ:Shatter","champ:SteelEdge","champ:SteelEdge","champ:CrookedStrike","champ:ShieldWall","champ:RecklessLeap","champ:CheapShot","champ:Circumvent","champ:PreemptiveStrike+1","champ:FocusedDefense","champ:RapidStrikes","champ:UltimateStance","champ:GutPunch","champ:Taunt","champ:DefensiveShout","champ:EndlessRage","champ:Devastate","Blind","Regret"],"relics":["champ:ChampionCrown","downfall:HeartsMalice","Lizard Tail","Toy Ornithopter","champ:DefensiveTrainingManual","downfall:HeartBlessingRed","downfall:HeartBlessingGreen","Pandora\u0027s Box","downfall:GremlinSack"],"acts_visited":["Exordium","TheCity"],"potions_floor_usage":[6,14,16,23,25,25],"damage_taken":[{"damage":0,"enemies":"Small Slimes","floor":2,"turns":1},{"damage":0,"enemies":"3 Sentries","floor":3,"turns":1},{"damage":0,"enemies":"Jaw Worm","floor":4,"turns":1},{"damage":20,"enemies":"Cultist","floor":5,"turns":4},{"damage":80,"enemies":"Gremlin Nob","floor":6,"turns":6},{"damage":41,"enemies":"Large Slime","floor":8,"turns":7},{"damage":29,"enemies":"Lots of Slimes","floor":11,"turns":7},{"damage":16,"enemies":"Blue Slaver","floor":12,"turns":4},{"damage":22,"enemies":"Gremlin Gang","floor":14,"turns":7},{"damage":20,"enemies":"Exordium Wildlife","floor":15,"turns":5},{"damage":117,"enemies":"WA_ARCHETYPE_RETAIN","floor":16,"turns":17},{"damage":6,"enemies":"3 Byrds","floor":19,"turns":7},{"damage":15,"enemies":"Spheric Guardian","floor":20,"turns":5},{"damage":20,"enemies":"downfall:FleeingMerchant","floor":21,"turns":5},{"damage":0,"enemies":"Chosen and Byrds","floor":22,"turns":3},{"damage":30,"enemies":"Chosen and Byrds","floor":23,"turns":5},{"damage":111,"enemies":"Gremlin Leader","floor":25,"turns":9}],"seed_played":"1171678538818138574","potions_obtained":[{"floor":5,"key":"SteroidPotion"},{"floor":11,"key":"SteroidPotion"},{"floor":12,"key":"Energy Potion"},{"floor":14,"key":"Regen Potion"},{"floor":15,"key":"Guardian:BlockOnCardUsePotion"},{"floor":22,"key":"PowerPotion"},{"floor":23,"key":"Energy Potion"}],"is_trial":false,"path_per_floor":["R","M","?","M","M","E","T","M","?","R","M","M","R","M","M","B",null,"R","M","M","$","M","?","T","E"],"character_chosen":"THE_CHAMP","items_purchased":["champ:RapidStrikes"],"campfire_rested":0,"item_purchase_floors":[21],"current_hp_per_floor":[81,81,81,81,81,41,41,30,30,30,19,18,18,23,23,36,77,77,76,76,76,76,81,81,0,0,0],"gold":211,"neow_bonus":"THREE_ENEMY_KILL","is_daily":false,"chose_seed":false,"campfire_upgraded":3,"win_rate":0.0,"timestamp":1613173396,"path_taken":["R","M","?","M","M","E","T","M","?","R","M","M","R","M","M","BOSS","R","M","M","$","M","?","T","E"],"items_purchased_type":["Card"],"build_version":"2020-12-22","purchased_purges":1,"victory":false,"max_hp_per_floor":[90,90,90,90,90,90,90,90,90,90,90,90,90,90,90,90,90,90,90,90,90,90,90,90,90,90,90],"card_choices":[{"not_picked":["champ:RecklessLeap","champ:ArenaPreparation"],"picked":"champ:EnGarde","floor":2},{"not_picked":["champ:BladeFlurry","champ:Shatter"],"picked":"champ:BerserkersShout","floor":3},{"not_picked":["champ:TornadoPunch","champ:Improvising"],"picked":"champ:BringItOn","floor":4},{"not_picked":["champ:TornadoPunch","champ:AdrenalArmor"],"picked":"champ:Endure","floor":5},{"not_picked":["champ:Improvising","champ:BladeFlurry"],"picked":"champ:EnragedBash","floor":6},{"not_picked":["champ:AdrenalArmor","champ:SkillfulDodge","champ:Endure"],"picked":"SKIP","floor":8},{"not_picked":["champ:CrownThrow","champ:PreciseThrust"],"picked":"champ:FlashCut","floor":11},{"not_picked":["champ:TornadoPunch","champ:FancyFootwork"],"picked":"champ:Circumvent","floor":12},{"not_picked":["champ:BringItOn","champ:TornadoPunch"],"picked":"champ:Lariat","floor":14},{"not_picked":["champ:FancyFootwork","champ:GutPunch"],"picked":"champ:DefensiveShout","floor":15},{"not_picked":["champ:SwordThrow","champ:ShieldThrow"],"picked":"champ:HoldFirm","floor":16},{"not_picked":["champ:EnGarde","champ:Haymaker"],"picked":"champ:Circumvent","floor":19},{"not_picked":["champ:DefensiveShout","champ:PerfectedStrike"],"picked":"champ:PreemptiveStrike+1","floor":20},{"not_picked":["champ:Lariat","champ:EnGarde+1"],"picked":"champ:FocusedDefense","floor":21},{"not_picked":["champ:Endure","champ:RisingSlash"],"picked":"champ:UltimateStance","floor":22},{"not_picked":["champ:HeartStrike","champ:BringItOn"],"picked":"champ:GutPunch","floor":23}],"player_experience":743998,"relics_obtained":[{"floor":3,"key":"Lizard Tail"},{"floor":6,"key":"Toy Ornithopter"},{"floor":7,"key":"champ:DefensiveTrainingManual"},{"floor":23,"key":"downfall:GremlinSack"}],"event_choices":[],"is_beta":false,"boss_relics":[{"not_picked":["SacredBark","Velvet Choker"],"picked":"Pandora\u0027s Box"}],"items_purged_floors":[21],"is_endless":false,"potions_floor_spawned":[5,11,12,14,15,22,23],"killed_by":"Gremlin Leader","ascension_level":10}}