{"host":"fb3cqlxw9llnrhqy","time":1613111499,"event":{"mods":["BaseMod","Downfall","Minty Spire (QoL Compilation)","Quick Restart","StSLib"],"gold_per_floor":[112,127,146,111,125,125,39,39,39,39,51,51,70,80,80,175,175,192,192,212,212,231,231,247,247,247,262,262,262],"floor_reached":28,"language":"ZHS","playtime":1714,"items_purged":[],"score":214,"play_id":"5c5d8306-7dde-43aa-8f7e-ad72abb97943","local_time":"20210212143139","is_ascension_mode":false,"campfire_choices":[{"floor":6,"key":"RECALL"},{"data":"Dualcast","floor":8,"key":"SMITH"},{"data":"Streamline","floor":12,"key":"SMITH"},{"data":"Recycle","floor":15,"key":"SMITH"},{"data":"Electrodynamics","floor":23,"key":"SMITH"},{"data":"Self Repair","floor":25,"key":"SMITH"}],"circlet_count":0,"master_deck":["Strike_B","Strike_B","Strike_B","Defend_B","Defend_B","Defend_B","Defend_B","Zap+1","Dualcast+1","Compile Driver","Recycle+1","Force Field","Ball Lightning","Coolheaded","FTL","Streamline+1","Chill","White Noise","Electrodynamics+1","Coolheaded","Stack","Blizzard","Turbo","Self Repair+1","Conserve Battery"],"relics":["Cracked Core","Mummified Hand","SlaversCollar"],"acts_visited":["Exordium","TheCity"],"potions_floor_usage":[11,16,20,20,22],"damage_taken":[{"damage":6,"enemies":"Cultist","floor":1,"turns":3},{"damage":4,"enemies":"2 Louse","floor":2,"turns":2},{"damage":1,"enemies":"Jaw Worm","floor":3,"turns":3},{"damage":8,"enemies":"Large Slime","floor":5,"turns":6},{"damage":2,"enemies":"Red Slaver","floor":11,"turns":3},{"damage":1,"enemies":"3 Louse","floor":13,"turns":2},{"damage":5,"enemies":"Looter","floor":14,"turns":2},{"damage":21,"enemies":"Slime Boss","floor":16,"turns":11},{"damage":10,"enemies":"3 Byrds","floor":18,"turns":2},{"damage":12,"enemies":"Shell Parasite","floor":20,"turns":5},{"damage":15,"enemies":"Cultist and Chosen","floor":22,"turns":8},{"damage":17,"enemies":"Centurion and Healer","floor":24,"turns":8},{"damage":25,"enemies":"Shelled Parasite and Fungi","floor":27,"turns":10}],"seed_played":"-7284886880376139501","potions_obtained":[{"floor":3,"key":"Explosive Potion"},{"floor":5,"key":"SpeedPotion"},{"floor":13,"key":"Fire Potion"},{"floor":14,"key":"Block Potion"},{"floor":16,"key":"Swift Potion"},{"floor":18,"key":"BlessingOfTheForge"},{"floor":20,"key":"Slimebound:ThreeZeroPotion"},{"floor":27,"key":"Fire Potion"}],"is_trial":false,"path_per_floor":["M","M","M","?","M","R","$","R","T","?","M","R","M","M","R","B",null,"M","?","M","?","M","R","M","R","T","M","?"],"character_chosen":"DEFECT","items_purchased":["Coolheaded","FTL"],"campfire_rested":0,"item_purchase_floors":[7,7],"current_hp_per_floor":[76,72,71,82,74,74,74,74,74,74,72,72,71,66,66,45,82,72,72,60,60,45,45,28,28,28,13,0,0],"gold":262,"neow_bonus":"TEN_PERCENT_HP_BONUS","is_daily":false,"chose_seed":false,"campfire_upgraded":5,"win_rate":0.0,"timestamp":1613111499,"path_taken":["M","M","?","?","M","R","?","R","T","?","M","R","M","?","R","BOSS","M","?","M","?","?","R","M","R","T","M","?"],"items_purchased_type":["Card","Card"],"build_version":"2020-12-22","purchased_purges":0,"victory":false,"max_hp_per_floor":[82,82,82,82,82,82,82,82,82,82,82,82,82,82,82,82,82,82,82,82,82,82,82,82,82,82,82,82,82],"card_choices":[{"not_picked":["Ball Lightning","Streamline"],"picked":"Compile Driver","floor":1},{"not_picked":["Coolheaded","Cold Snap"],"picked":"Recycle","floor":2},{"not_picked":["Blizzard","Lockon"],"picked":"Force Field","floor":3},{"not_picked":["Static Discharge","Barrage"],"picked":"Ball Lightning","floor":5},{"not_picked":["Heatsinks","Hologram"],"picked":"Streamline","floor":11},{"not_picked":["Leap","Cold Snap"],"picked":"Chill","floor":13},{"not_picked":["Conserve Battery","Ball Lightning"],"picked":"White Noise","floor":14},{"not_picked":["Amplify","Multi-Cast"],"picked":"Electrodynamics","floor":16},{"not_picked":["Redo","Leap"],"picked":"Coolheaded","floor":18},{"not_picked":["Go for the Eyes","Leap+1"],"picked":"Blizzard","floor":20},{"not_picked":["Lockon+1","Capacitor+1"],"picked":"Turbo","floor":22},{"not_picked":["White Noise+1","Compile Driver"],"picked":"Self Repair","floor":24},{"not_picked":["Chaos","Rebound+1"],"picked":"Conserve Battery","floor":27}],"player_experience":139034,"relics_obtained":[{"floor":9,"key":"Mummified Hand"}],"event_choices":[{"damage_healed":20,"gold_gain":0,"player_choice":"Healed","damage_taken":0,"max_hp_gain":0,"max_hp_loss":0,"event_name":"The Cleric","floor":4,"gold_loss":35},{"damage_healed":0,"gold_gain":0,"player_choice":"Upgraded","damage_taken":0,"max_hp_gain":0,"max_hp_loss":0,"event_name":"Upgrade Shrine","floor":10,"gold_loss":0,"cards_upgraded":["Zap"]},{"damage_healed":0,"gold_gain":0,"player_choice":"Read","damage_taken":0,"max_hp_gain":0,"max_hp_loss":0,"event_name":"The Library","floor":19,"gold_loss":0,"cards_obtained":["Stack"]},{"cards_removed":["Strike_B"],"damage_healed":0,"gold_gain":0,"player_choice":"Purged","damage_taken":0,"max_hp_gain":0,"max_hp_loss":0,"event_name":"Purifier","floor":21,"gold_loss":0}],"is_beta":false,"boss_relics":[{"not_picked":["Ectoplasm","Cursed Key"],"picked":"SlaversCollar"}],"items_purged_floors":[],"is_endless":false,"potions_floor_spawned":[3,5,13,14,16,18,20,27],"ascension_level":0}}