{"host":"xsuxkwaivmtd234a","time":1613148599,"event":{"mods":["BaseMod","Colored Map","Minty Spire (QoL Compilation)","Relic Stats","StSLib"],"gold_per_floor":[365,380,4,4,4,33,51,76,76,89,101,119,182,211,211,311,311,326,251,279,298,4,36,36,68,68,93,110,110,136,150,150,247,247,267,282,42,42,1041,1076,1088,1129,1141,1153,1211,941,941,953,953,953,953,953,60,91,91],"floor_reached":56,"language":"ENG","playtime":3180,"items_purged":["Injury","Searing Blow","Bash","Combust"],"score":1714,"play_id":"24edd962-8112-4eba-9df0-831eee7a2aa1","local_time":"20210212114959","is_ascension_mode":true,"campfire_choices":[{"data":"Uppercut","floor":15,"key":"SMITH"},{"data":"Demon Form","floor":24,"key":"SMITH"},{"data":"Power Through","floor":32,"key":"SMITH"},{"floor":41,"key":"RECALL"},{"data":"Metallicize","floor":44,"key":"SMITH"},{"data":"Shockwave","floor":49,"key":"SMITH"},{"data":"Feel No Pain","floor":52,"key":"SMITH"}],"circlet_count":0,"master_deck":["Fire Breathing","Rampage","Pommel Strike","Feel No Pain+1","Feed","Power Through+1","Uppercut+1","Spot Weakness+1","Demon Form+1","Disarm+1","Pummel+1","Sentinel+1","Reaper","Immolate","Feel No Pain","Flame Barrier","Havoc+1","Impervious","Entrench","Rage","Fire Breathing","Pummel","Sentinel","Entrench","Warcry","Sword Boomerang+1","Dark Embrace","Shockwave+1","Dark Shackles","Deep Breath","Magnetism","Metallicize+1","Corruption","Body Slam+1","Ghostly Armor+1","Feel No Pain","Battle Trance","Body Slam+1","Clothesline+1","Intimidate+1","Dark Embrace","Secret Weapon"],"relics":["Burning Blood","Medical Kit","Paper Frog","HornCleat","Omamori","Self Forming Clay","Meat on the Bone","Snecko Eye","Red Mask","Calipers","Toy Ornithopter","War Paint","Pear","Darkstone Periapt","Oddly Smooth Stone","Pandora\u0027s Box","MawBank","Orichalcum","FossilizedHelix","Bronze Scales","Lantern","Orrery","Akabeko","Pen Nib"],"acts_visited":["Exordium","TheCity","TheBeyond","TheEnding"],"potions_floor_usage":[8,12,23,23,25,30,33,33,42,42,45,45,54,55,55],"damage_taken":[{"damage":13,"enemies":"Jaw Worm","floor":1,"turns":4},{"damage":3,"enemies":"2 Louse","floor":2,"turns":4},{"damage":51,"enemies":"Lagavulin","floor":6,"turns":7},{"damage":0,"enemies":"Cultist","floor":7,"turns":3},{"damage":18,"enemies":"Gremlin Nob","floor":8,"turns":4},{"damage":8,"enemies":"2 Fungi Beasts","floor":10,"turns":3},{"damage":8,"enemies":"Exordium Wildlife","floor":11,"turns":2},{"damage":5,"enemies":"Blue Slaver","floor":12,"turns":5},{"damage":8,"enemies":"Lagavulin","floor":14,"turns":6},{"damage":38,"enemies":"The Guardian","floor":16,"turns":11},{"damage":0,"enemies":"Chosen","floor":18,"turns":4},{"damage":3,"enemies":"Masked Bandits","floor":20,"turns":3},{"damage":11,"enemies":"Spheric Guardian","floor":21,"turns":4},{"damage":8,"enemies":"Book of Stabbing","floor":23,"turns":5},{"damage":12,"enemies":"Gremlin Leader","floor":25,"turns":4},{"damage":38,"enemies":"Slavers","floor":27,"turns":5},{"damage":19,"enemies":"Shelled Parasite and Fungi","floor":28,"turns":5},{"damage":10,"enemies":"Book of Stabbing","floor":30,"turns":7},{"damage":4,"enemies":"Centurion and Healer","floor":31,"turns":5},{"damage":18,"enemies":"Champ","floor":33,"turns":14},{"damage":27,"enemies":"3 Shapes","floor":35,"turns":12},{"damage":28,"enemies":"Orb Walker","floor":36,"turns":6},{"damage":0,"enemies":"Nemesis","floor":40,"turns":3},{"damage":0,"enemies":"Reptomancer","floor":42,"turns":7},{"damage":7,"enemies":"2 Orb Walkers","floor":45,"turns":5},{"damage":2,"enemies":"Sphere and 2 Shapes","floor":48,"turns":5},{"damage":16,"enemies":"Donu and Deca","floor":50,"turns":5},{"damage":4,"enemies":"Shield and Spear","floor":54,"turns":5},{"damage":47,"enemies":"The Heart","floor":55,"turns":8}],"seed_played":"4066038698754911561","potions_obtained":[{"floor":1,"key":"FairyPotion"},{"floor":7,"key":"Dexterity Potion"},{"floor":11,"key":"SpeedPotion"},{"floor":16,"key":"Fruit Juice"},{"floor":21,"key":"SpeedPotion"},{"floor":23,"key":"PowerPotion"},{"floor":27,"key":"SpeedPotion"},{"floor":28,"key":"Block Potion"},{"floor":31,"key":"EssenceOfSteel"},{"floor":33,"key":"Dexterity Potion"},{"floor":40,"key":"EntropicBrew"},{"floor":42,"key":"DistilledChaos"}],"is_trial":false,"path_per_floor":["M","M","$","?","?","E","M","E","T","M","M","M","?","E","R","B",null,"M","?","?","M","$","E","R","E","T","E","M","?","E","M","R","B",null,"M","M","$","?","?","E","R","E","T","R","?","$","?","M","R","B",null,"R","$","E","B",null],"character_chosen":"IRONCLAD","items_purchased":["Medical Kit","Rampage","DuplicationPotion","Calipers","Dark Embrace","Shockwave","Bronze Scales","Feel No Pain","Battle Trance","Lantern","Orrery","Akabeko","Secret Weapon"],"campfire_rested":0,"item_purchase_floors":[3,3,3,22,37,37,46,53,53,53,53,53,53],"current_hp_per_floor":[73,76,76,69,69,24,30,18,18,16,17,18,18,16,16,26,69,78,78,84,82,82,85,85,87,97,97,103,103,113,116,116,112,115,97,78,78,68,68,74,74,95,95,95,107,107,107,122,122,112,120,120,120,125,125],"gold":91,"neow_bonus":"TWO_FIFTY_GOLD","is_daily":false,"chose_seed":false,"campfire_upgraded":6,"win_rate":0.0,"timestamp":1613148599,"path_taken":["M","M","$","?","?","E","M","E","T","M","M","M","?","E","R","BOSS","M","?","?","M","?","E","R","E","T","E","?","?","E","M","R","BOSS","M","M","$","?","?","E","R","E","T","R","?","?","?","M","R","BOSS","R","$","E","BOSS"],"items_purchased_type":["Relic","Card","Potion","Relic","Card","Card","Relic","Card","Card","Relic","Relic","Relic","Card"],"build_version":"2020-12-22","purchased_purges":4,"victory":true,"max_hp_per_floor":[80,80,80,80,80,80,80,80,80,80,83,83,83,83,83,83,83,86,86,89,92,92,97,97,100,110,113,113,113,113,116,116,116,116,119,122,122,122,122,122,122,122,122,122,125,125,119,122,122,122,122,122,122,125,125],"relic_stats":{"Darkstone Periapt":0,"counters":[29,161],"Self Forming Clay":[246],"Pen Nib":[1],"War Paint":["Spot Weakness","Defend_R"],"Orichalcum":[18],"Medical Kit":[89],"MawBank":72,"Burning Blood":154,"Bronze Scales":[138],"Snecko Eye":[201,214,210,218],"Pandora\u0027s Box":["Entrench","Rage","Fire Breathing","Searing Blow","Pummel","Sentinel","Entrench","Warcry"],"obtain_stats":[{"Darkstone Periapt":27,"Lantern":53,"Calipers":22,"Pear":26,"Self Forming Clay":9,"Oddly Smooth Stone":30,"Pen Nib":54,"Omamori":8,"War Paint":25,"Orichalcum":42,"Medical Kit":3,"MawBank":40,"Burning Blood":0,"Akabeko":53,"HornCleat":6,"Bronze Scales":46,"Snecko Eye":17,"Orrery":53,"Pandora\u0027s Box":34,"Red Mask":20,"Toy Ornithopter":23,"FossilizedHelix":45,"Paper Frog":4,"Meat on the Bone":14},{"Darkstone Periapt":16,"Lantern":27,"Calipers":13,"Pear":15,"Self Forming Clay":5,"Oddly Smooth Stone":18,"Pen Nib":28,"Omamori":5,"War Paint":15,"Orichalcum":24,"Medical Kit":2,"MawBank":23,"Burning Blood":0,"Akabeko":27,"HornCleat":3,"Bronze Scales":25,"Snecko Eye":10,"Orrery":27,"Pandora\u0027s Box":20,"Red Mask":12,"Toy Ornithopter":14,"FossilizedHelix":25,"Paper Frog":2,"Meat on the Bone":9},{"Darkstone Periapt":74,"Lantern":148,"Calipers":60,"Pear":69,"Self Forming Clay":22,"Oddly Smooth Stone":86,"Pen Nib":153,"Omamori":22,"War Paint":69,"Orichalcum":133,"Medical Kit":8,"MawBank":126,"Burning Blood":0,"Akabeko":148,"HornCleat":15,"Bronze Scales":138,"Snecko Eye":49,"Orrery":148,"Pandora\u0027s Box":105,"Red Mask":56,"Toy Ornithopter":65,"FossilizedHelix":138,"Paper Frog":8,"Meat on the Bone":38}],"Toy Ornithopter":32,"Meat on the Bone":12},"card_choices":[{"not_picked":["True Grit","Headbutt","Heavy Blade"],"picked":"SKIP","floor":1},{"not_picked":["Ghostly Armor","True Grit"],"picked":"Fire Breathing","floor":2},{"not_picked":["Clothesline","Sword Boomerang"],"picked":"Pommel Strike","floor":6},{"not_picked":["Clothesline","Heavy Blade"],"picked":"Combust","floor":7},{"not_picked":["Warcry","Burning Pact"],"picked":"Feel No Pain","floor":8},{"not_picked":["Perfected Strike","Entrench"],"picked":"Feed","floor":10},{"not_picked":["Heavy Blade","Body Slam"],"picked":"Power Through","floor":11},{"not_picked":["Anger","Pummel"],"picked":"Uppercut","floor":12},{"not_picked":["Anger","Feed"],"picked":"Spot Weakness","floor":14},{"not_picked":["Immolate","Double Tap"],"picked":"Demon Form","floor":16},{"not_picked":["Anger","Havoc"],"picked":"Disarm+1","floor":18},{"not_picked":["Anger","Hemokinesis"],"picked":"Pummel+1","floor":20},{"not_picked":["Searing Blow+1","Sword Boomerang","Sever Soul"],"picked":"SKIP","floor":21},{"not_picked":["Pommel Strike","Sword Boomerang","Sentinel+1"],"picked":"SKIP","floor":23},{"not_picked":["Pommel Strike","Sword Boomerang"],"picked":"Sentinel+1","floor":23},{"not_picked":["Dark Embrace","Headbutt"],"picked":"Reaper","floor":25},{"not_picked":["Pommel Strike","Warcry"],"picked":"Immolate","floor":27},{"not_picked":["Twin Strike","Perfected Strike"],"picked":"Feel No Pain","floor":28},{"not_picked":["Thunderclap","Bludgeon"],"picked":"Havoc+1","floor":30},{"not_picked":["Cleave+1","Reckless Charge","Havoc"],"picked":"SKIP","floor":31},{"not_picked":["Feed","Brutality"],"picked":"Impervious","floor":33},{"not_picked":["Clash+1","Anger"],"picked":"Sword Boomerang+1","floor":35},{"not_picked":["Headbutt+1","Sentinel","Clothesline+1"],"picked":"SKIP","floor":36},{"not_picked":["Mind Blast","Transmutation"],"picked":"Dark Shackles","floor":38},{"not_picked":["Swift Strike","HandOfGreed"],"picked":"Deep Breath","floor":38},{"not_picked":["Transmutation","Finesse"],"picked":"Magnetism","floor":38},{"not_picked":["Iron Wave+1","Evolve"],"picked":"Metallicize","floor":40},{"not_picked":["Shrug It Off","Immolate"],"picked":"Corruption","floor":42},{"not_picked":["Perfected Strike+1","Heavy Blade"],"picked":"Body Slam+1","floor":45},{"not_picked":["Seeing Red+1","True Grit"],"picked":"Ghostly Armor+1","floor":48},{"not_picked":["Wild Strike+1","Twin Strike+1"],"picked":"Body Slam+1","floor":53},{"not_picked":["Thunderclap","Berserk"],"picked":"Clothesline+1","floor":53},{"not_picked":["Sword Boomerang+1","Armaments"],"picked":"Intimidate+1","floor":53},{"not_picked":["Flex+1","Shockwave"],"picked":"Dark Embrace","floor":53},{"not_picked":["Perfected Strike","Heavy Blade","Twin Strike+1"],"picked":"SKIP","floor":54}],"player_experience":1241119,"relics_obtained":[{"floor":6,"key":"HornCleat"},{"floor":8,"key":"Omamori"},{"floor":9,"key":"Self Forming Clay"},{"floor":14,"key":"Meat on the Bone"},{"floor":20,"key":"Red Mask"},{"floor":23,"key":"Toy Ornithopter"},{"floor":25,"key":"War Paint"},{"floor":26,"key":"Pear"},{"floor":27,"key":"Darkstone Periapt"},{"floor":30,"key":"Oddly Smooth Stone"},{"floor":40,"key":"MawBank"},{"floor":42,"key":"Orichalcum"},{"floor":45,"key":"FossilizedHelix"},{"floor":54,"key":"Pen Nib"}],"event_choices":[{"damage_healed":0,"gold_gain":0,"player_choice":"Success","damage_taken":7,"relics_obtained":["Paper Frog"],"max_hp_gain":0,"max_hp_loss":0,"event_name":"Scrap Ooze","floor":4,"gold_loss":0},{"damage_healed":0,"gold_gain":0,"player_choice":"Ignored","damage_taken":0,"max_hp_gain":0,"max_hp_loss":0,"event_name":"Liars Game","floor":5,"gold_loss":0},{"damage_healed":0,"gold_gain":63,"player_choice":"Gained Gold","damage_taken":0,"max_hp_gain":0,"max_hp_loss":0,"event_name":"Golden Wing","floor":13,"gold_loss":0},{"cards_removed":["Strike_R"],"damage_healed":0,"gold_gain":0,"player_choice":"Gave Gold","damage_taken":0,"max_hp_gain":0,"max_hp_loss":0,"event_name":"Beggar","floor":19,"gold_loss":75},{"damage_healed":0,"gold_gain":0,"player_choice":"Fought Bandits","damage_taken":0,"max_hp_gain":0,"max_hp_loss":0,"event_name":"Masked Bandits","floor":20,"gold_loss":0},{"damage_healed":0,"gold_gain":0,"player_choice":"Read","damage_taken":0,"max_hp_gain":0,"max_hp_loss":0,"event_name":"The Library","floor":29,"gold_loss":0,"cards_obtained":["Flame Barrier"]},{"damage_healed":0,"gold_gain":0,"player_choice":"Memory 3","damage_taken":10,"max_hp_gain":0,"max_hp_loss":0,"event_name":"SensoryStone","floor":38,"gold_loss":0},{"damage_healed":0,"gold_gain":999,"player_choice":"Gold","damage_taken":0,"max_hp_gain":0,"max_hp_loss":0,"event_name":"MindBloom","floor":39,"gold_loss":0,"cards_obtained":["Normality","Normality"]},{"damage_healed":0,"gold_gain":0,"player_choice":"Fight","damage_taken":0,"max_hp_gain":0,"max_hp_loss":0,"event_name":"Mysterious Sphere","floor":45,"gold_loss":0},{"damage_healed":0,"gold_gain":0,"player_choice":"Max HP","damage_taken":0,"max_hp_gain":0,"max_hp_loss":6,"event_name":"Winding Halls","floor":47,"gold_loss":0}],"is_beta":false,"boss_relics":[{"not_picked":["Fusion Hammer","SacredBark"],"picked":"Snecko Eye"},{"not_picked":["Sozu","Tiny House"],"picked":"Pandora\u0027s Box"}],"items_purged_floors":[3,37,46,53],"is_endless":false,"potions_floor_spawned":[1,7,11,16,21,23,27,28,31,33,40,42,48],"ascension_level":5}}