{"host":"6p0attdrtjqaih7v","time":1613161611,"event":{"mods":["2.2 Compatiblity","AchievementEnabler","Bard","BaseMod","Better Skull","Better Third Choice","Card Filter","Colored Powertips","Hermit","Highlight Path","Hubris","Key Reminder","Minty Spire (QoL Compilation)","Permanent Neow","Quick Restart","Random Character Button","Relic Filter","Relic Stats","Reliquary","Replay The Spire","Robot Space Explorer","StSLib","The Hayseed","The Witch"],"gold_per_floor":[113,130,147,163,188,214,214,230,256,289,289,289,289],"floor_reached":12,"language":"ENG","playtime":516,"items_purged":[],"score":180,"play_id":"b433fe86-f2d1-47bc-839f-b69c3a79de49","local_time":"20210212152651","is_ascension_mode":true,"campfire_choices":[{"data":"Skewer","floor":7,"key":"SMITH"},{"data":"Noxious Fumes","floor":11,"key":"SMITH"}],"circlet_count":0,"master_deck":["AscendersBane","Strike_G","Strike_G","Strike_G","Strike_G","Strike_G","Defend_G","Defend_G","Defend_G","Defend_G","Defend_G","Survivor","Neutralize+1","Infinite Blades","Blade Dance","Quick Slash","Skewer+1","Noxious Fumes+1"],"relics":["Ring of the Snake","Pet Ghost","reliquary:IridiumChain","Replay:Mystery Machine","Durian"],"acts_visited":["Exordium"],"potions_floor_usage":[6,6,8],"damage_taken":[{"damage":6,"enemies":"Cultist","floor":1,"turns":5},{"damage":0,"enemies":"Small Slimes","floor":2,"turns":4},{"damage":0,"enemies":"2 Louse","floor":3,"turns":4},{"damage":1,"enemies":"Looter","floor":4,"turns":4},{"damage":20,"enemies":"Replay:BlueRogue","floor":6,"turns":8},{"damage":8,"enemies":"Red Slaver","floor":8,"turns":5},{"damage":10,"enemies":"Lagavulin","floor":10,"turns":7},{"damage":56,"enemies":"Gremlin Nob","floor":12,"turns":4}],"seed_played":"-4553659218805438488","potions_obtained":[{"floor":1,"key":"Adrenaline Potion"},{"floor":4,"key":"SneckoOil"},{"floor":6,"key":"Regen Potion"}],"is_trial":false,"path_per_floor":["M","M","M","M","T","E","R","M","T","E","R","E"],"character_chosen":"THE_SILENT","items_purchased":[],"campfire_rested":0,"item_purchase_floors":[],"current_hp_per_floor":[53,53,53,52,52,32,32,38,38,33,33,0,0],"gold":289,"neow_bonus":"UPGRADE_CARD","is_daily":false,"chose_seed":false,"campfire_upgraded":2,"win_rate":0.0,"timestamp":1613161611,"path_taken":["M","?","M","M","?","E","R","?","T","E","R","E"],"items_purchased_type":[],"build_version":"2020-12-22","purchased_purges":0,"victory":false,"max_hp_per_floor":[66,66,66,66,66,66,66,66,66,71,71,71,71],"relic_stats":{"counters":[8,41],"obtain_stats":[{"Durian":10,"Replay:Mystery Machine":9,"Pet Ghost":5,"reliquary:IridiumChain":6,"Ring of the Snake":0},{"Durian":7,"Replay:Mystery Machine":6,"Pet Ghost":4,"reliquary:IridiumChain":5,"Ring of the Snake":0},{"Durian":37,"Replay:Mystery Machine":30,"Pet Ghost":17,"reliquary:IridiumChain":25,"Ring of the Snake":0}],"Ring of the Snake":[16]},"card_choices":[{"not_picked":["Expertise","Flying Knee"],"picked":"Infinite Blades","floor":1},{"not_picked":["Bouncing Flask","Deadly Poison"],"picked":"Blade Dance","floor":2},{"not_picked":["Crippling Poison","Prepared"],"picked":"Quick Slash","floor":3},{"not_picked":["Sneak Up","Prepared","Flying Knee"],"picked":"SKIP","floor":4},{"not_picked":["Prepared","Storm of Steel"],"picked":"Skewer","floor":6},{"not_picked":["Sucker Punch","Leg Sweep"],"picked":"Noxious Fumes","floor":8},{"not_picked":["Reflex","Noxious Fumes","Eviscerate"],"picked":"SKIP","floor":10}],"player_experience":1114894,"relics_obtained":[{"floor":5,"key":"Pet Ghost"},{"floor":6,"key":"reliquary:IridiumChain"},{"floor":9,"key":"Replay:Mystery Machine"},{"floor":10,"key":"Durian"}],"event_choices":[],"is_beta":false,"boss_relics":[],"items_purged_floors":[],"is_endless":false,"potions_floor_spawned":[1,4,6],"killed_by":"Gremlin Nob","ascension_level":20}}