{"host":"995ppxxqmb2p2due","time":1613159781,"event":{"mods":["BaseMod","Downfall","Minty Spire (QoL Compilation)","StSLib"],"gold_per_floor":[114,34,50,5,5,37,48,48,48,323,323,341,372,392,392,494,494,511,193,193,208,133,133,143,175,199,214,289,307,307,322,322,426,426,440,264,290,290,307,341,356,356,379,391,420,471,491,506,506,506,506,506,61,89,89,89],"floor_reached":55,"language":"ENG","playtime":3521,"items_purged":["Regret","Defend_G"],"score":909,"play_id":"258c6b3f-2282-4106-a4a9-a7594bb7fe6e","local_time":"20210212145621","is_ascension_mode":false,"campfire_choices":[{"data":"Flechettes","floor":11,"key":"SMITH"},{"data":"Neutralize","floor":15,"key":"SMITH"},{"data":"Quick Slash","floor":23,"key":"SMITH"},{"data":"After Image","floor":32,"key":"SMITH"},{"floor":42,"key":"RECALL"},{"floor":49,"key":"REST"},{"data":"Phantasmal Killer","floor":52,"key":"SMITH"}],"circlet_count":0,"master_deck":["Strike_G","Strike_G","Strike_G","Strike_G","Defend_G","Defend_G","Defend_G","Defend_G","Survivor","Neutralize+1","Dodge and Roll","Blur","Flechettes+1","Flying Knee","Heel Hook","Quick Slash+1","Prepared","Phantasmal Killer+1","Blade Dance+1","After Image+1","Blade Dance","Deflect","After Image","PiercingWail","Escape Plan","Dodge and Roll+1","Slice","Caltrops+1","Deflect+1","Prepared","Dodge and Roll+1","Dagger Throw+1","Footwork+1","Blur","Bullet Time"],"relics":["Runic Pyramid","Incense Burner","Thread and Needle","Vajra","WristBlade","Gremlin Horn","Torii","Black Star","Boot","MealTicket","StrikeDummy","Dream Catcher","Art of War","Dead Branch","Juzu Bracelet","Prayer Wheel","Toy Ornithopter","Paper Crane","Strawberry"],"acts_visited":["Exordium","TheCity","TheBeyond","TheEnding"],"potions_floor_usage":[6,40,46,47,50,50,50,55,55],"damage_taken":[{"damage":0,"enemies":"Cultist","floor":1,"turns":5},{"damage":0,"enemies":"Jaw Worm","floor":3,"turns":5},{"damage":8,"enemies":"3 Sentries","floor":6,"turns":10},{"damage":0,"enemies":"Small Slimes","floor":7,"turns":3},{"damage":0,"enemies":"Exordium Thugs","floor":12,"turns":4},{"damage":1,"enemies":"Lagavulin","floor":13,"turns":8},{"damage":0,"enemies":"2 Fungi Beasts","floor":14,"turns":3},{"damage":8,"enemies":"Slime Boss","floor":16,"turns":9},{"damage":0,"enemies":"Chosen","floor":18,"turns":3},{"damage":1,"enemies":"3 Byrds","floor":21,"turns":4},{"damage":0,"enemies":"Snake Plant","floor":24,"turns":3},{"damage":0,"enemies":"Gremlin Leader","floor":25,"turns":4},{"damage":0,"enemies":"Centurion and Healer","floor":27,"turns":3},{"damage":1,"enemies":"Snecko","floor":29,"turns":3},{"damage":0,"enemies":"Cultist and Chosen","floor":31,"turns":4},{"damage":0,"enemies":"Collector","floor":33,"turns":7},{"damage":1,"enemies":"3 Shapes","floor":35,"turns":3},{"damage":6,"enemies":"Orb Walker","floor":39,"turns":4},{"damage":1,"enemies":"Giant Head","floor":40,"turns":7},{"damage":0,"enemies":"Sphere and 2 Shapes","floor":41,"turns":4},{"damage":0,"enemies":"3 Darklings","floor":44,"turns":4},{"damage":6,"enemies":"Reptomancer","floor":45,"turns":5},{"damage":15,"enemies":"2 Orb Walkers","floor":46,"turns":3},{"damage":0,"enemies":"Jaw Worm Horde","floor":47,"turns":3},{"damage":1,"enemies":"4 Shapes","floor":48,"turns":3},{"damage":3,"enemies":"Donu and Deca","floor":50,"turns":12},{"damage":0,"enemies":"Shield and Spear","floor":54,"turns":8},{"damage":90,"enemies":"The Heart","floor":55,"turns":8}],"seed_played":"-5026428044684048723","potions_obtained":[{"floor":3,"key":"CunningPotion"},{"floor":6,"key":"GamblersBrew"},{"floor":13,"key":"sneckomod:MuddlingPotion"},{"floor":18,"key":"champ:CounterPotion"},{"floor":24,"key":"EssenceOfSteel"},{"floor":25,"key":"SteroidPotion"},{"floor":44,"key":"Strength Potion"},{"floor":46,"key":"FearPotion"},{"floor":47,"key":"Fruit Juice"},{"floor":48,"key":"Regen Potion"}],"is_trial":false,"path_per_floor":["M","$","M","$","$","E","M","?","T","?","R","M","E","M","R","B",null,"M","$","?","M","?","R","M","E","T","M","?","M","$","M","R","B",null,"M","$","T","?","M","E","M","R","T","M","E","?","M","M","R","B",null,"R","$","E","B"],"character_chosen":"THE_SILENT","items_purchased":["Blur","Flying Knee","Gremlin Horn","PiercingWail","Boot","Blur","Block Potion","CunningPotion","Toy Ornithopter"],"campfire_rested":1,"item_purchase_floors":[2,4,19,36,36,53,53,53,53],"current_hp_per_floor":[70,70,70,70,70,62,62,62,62,62,62,62,61,61,61,53,70,70,70,70,69,69,69,69,69,69,69,62,61,61,61,61,61,70,69,69,69,66,60,59,59,59,59,59,53,38,43,42,63,70,71,71,71,78,0,0],"gold":89,"neow_bonus":"BOSS_RELIC","is_daily":false,"chose_seed":false,"campfire_upgraded":5,"win_rate":0.0,"timestamp":1613159781,"path_taken":["M","$","M","?","$","E","M","?","T","?","R","M","E","M","R","BOSS","M","$","?","M","?","R","?","E","T","M","?","M","$","M","R","BOSS","M","$","?","?","M","E","M","R","T","M","E","?","M","M","R","BOSS","R","$","E","BOSS"],"items_purchased_type":["Card","Card","Relic","Card","Relic","Card","Potion","Potion","Relic"],"build_version":"2020-12-22","purchased_purges":2,"victory":false,"max_hp_per_floor":[70,70,70,70,70,70,70,70,70,70,70,70,70,70,70,70,70,70,70,70,70,70,70,70,70,70,70,70,70,70,70,70,70,70,70,70,70,66,66,66,66,66,66,66,66,66,71,71,71,71,71,71,71,78,78,78],"card_choices":[{"not_picked":["Prepared","PiercingWail"],"picked":"Dodge and Roll","floor":1},{"not_picked":["Masterful Stab","Distraction"],"picked":"Flechettes","floor":3},{"not_picked":["Noxious Fumes","Bane"],"picked":"Heel Hook","floor":6},{"not_picked":["Deflect","Footwork"],"picked":"Quick Slash","floor":7},{"not_picked":["Bouncing Flask","Flying Knee","Deadly Poison"],"picked":"SKIP","floor":12},{"not_picked":["Underhanded Strike","Tactician","All Out Attack"],"picked":"SKIP","floor":13},{"not_picked":["Poisoned Stab","Acrobatics"],"picked":"Prepared","floor":14},{"not_picked":["A Thousand Cuts","Envenom"],"picked":"Phantasmal Killer","floor":16},{"not_picked":["Backflip","Heel Hook","Dodge and Roll"],"picked":"SKIP","floor":18},{"not_picked":["Flying Knee","Dodge and Roll"],"picked":"Blade Dance+1","floor":21},{"not_picked":["Escape Plan","Slice"],"picked":"After Image","floor":24},{"not_picked":["Expertise","Calculated Gamble","Bane"],"picked":"SKIP","floor":25},{"not_picked":["Deadly Poison","PiercingWail","Riddle With Holes"],"picked":"SKIP","floor":27},{"not_picked":["Prepared","Bane+1"],"picked":"Blade Dance","floor":29},{"not_picked":["Underhanded Strike","Bouncing Flask+1"],"picked":"Deflect","floor":31},{"not_picked":["Tools of the Trade","Burst"],"picked":"After Image","floor":33},{"not_picked":["Catalyst","Skewer","Underhanded Strike+1"],"picked":"SKIP","floor":35},{"not_picked":["Prepared","Quick Slash"],"picked":"Escape Plan","floor":39},{"not_picked":["Tools of the Trade","Poisoned Stab+1","Doppelganger"],"picked":"SKIP","floor":40},{"not_picked":["Bouncing Flask+1","Poisoned Stab"],"picked":"Dodge and Roll+1","floor":41},{"not_picked":["Bane","Riddle With Holes+1"],"picked":"Slice","floor":44},{"not_picked":["Bane+1","Adrenaline"],"picked":"Caltrops+1","floor":45},{"not_picked":["Dash+1","Dodge and Roll+1"],"picked":"Deflect+1","floor":46},{"not_picked":["Backflip","Sucker Punch"],"picked":"Prepared","floor":47},{"not_picked":["Backstab","Accuracy"],"picked":"Dodge and Roll+1","floor":47},{"not_picked":["Deadly Poison","Venomology"],"picked":"Dagger Throw+1","floor":48},{"not_picked":["Finisher+1","Blade Dance","Sucker Punch+1"],"picked":"SKIP","floor":48},{"not_picked":["Predator+1","Calculated Gamble+1"],"picked":"Footwork+1","floor":49},{"not_picked":["Expertise+1","Outmaneuver"],"picked":"Bullet Time","floor":54}],"player_experience":142912,"relics_obtained":[{"floor":6,"key":"Incense Burner"},{"floor":9,"key":"Thread and Needle"},{"floor":13,"key":"Vajra"},{"floor":25,"key":"Torii"},{"floor":37,"key":"MealTicket"},{"floor":40,"key":"StrikeDummy"},{"floor":40,"key":"Dream Catcher"},{"floor":43,"key":"Art of War"},{"floor":45,"key":"Dead Branch"},{"floor":45,"key":"Juzu Bracelet"},{"floor":46,"key":"Prayer Wheel"},{"floor":54,"key":"Paper Crane"},{"floor":54,"key":"Strawberry"}],"event_choices":[{"damage_healed":0,"gold_gain":0,"player_choice":"Leave","damage_taken":0,"max_hp_gain":0,"max_hp_loss":0,"event_name":"The Cleric","floor":8,"gold_loss":0},{"damage_healed":0,"gold_gain":275,"player_choice":"Desecrate","damage_taken":0,"max_hp_gain":0,"max_hp_loss":0,"event_name":"Golden Shrine","floor":10,"gold_loss":0,"cards_obtained":["Regret"]},{"cards_removed":["Strike_G"],"damage_healed":0,"gold_gain":0,"player_choice":"Gave Gold","damage_taken":0,"max_hp_gain":0,"max_hp_loss":0,"event_name":"Beggar","floor":22,"gold_loss":75},{"damage_healed":0,"gold_gain":75,"player_choice":"Touch","damage_taken":7,"max_hp_gain":0,"max_hp_loss":0,"event_name":"FaceTrader","floor":28,"gold_loss":0},{"damage_healed":0,"gold_gain":0,"player_choice":"Max HP","damage_taken":0,"max_hp_gain":0,"max_hp_loss":4,"event_name":"Winding Halls","floor":38,"gold_loss":0},{"damage_healed":0,"gold_gain":0,"player_choice":"Fight","damage_taken":0,"max_hp_gain":0,"max_hp_loss":0,"event_name":"Mysterious Sphere","floor":46,"gold_loss":0}],"is_beta":false,"boss_relics":[{"not_picked":["Astrolabe","Calling Bell"],"picked":"WristBlade"},{"not_picked":["Snecko Eye","Velvet Choker"],"picked":"Black Star"}],"items_purged_floors":[19,53],"is_endless":false,"potions_floor_spawned":[3,6,13,18,21,24,25,31,39,44,46,47,48],"killed_by":"The Heart","ascension_level":0}}