{"host":"af4pzp5tm7cfibaw","time":1613121958,"event":{"mods":["AchievementEnabler","BaseMod","BetterRewards","Highlight Path","Minty Spire (QoL Compilation)","StSLib","SuperFastMode"],"gold_per_floor":[112,128,58,58,233,268,287,302,326,326,338,368,368,382,382,481,481,494,504,504,520,71,71,97,97,97,126,126,126,137,23,23,127,127,140,140,150,150,168,196,196,196,219,253,253,603,19,35,35,35],"floor_reached":51,"language":"ENG","playtime":2504,"items_purged":["Strike_G","Strike_G"],"score":1033,"play_id":"f5a28d66-04f8-4554-9fe2-cee6c52bd019","local_time":"20210212222558","is_ascension_mode":true,"campfire_choices":[{"floor":10.0,"key":"REST"},{"floor":13.0,"key":"REST"},{"floor":15.0,"key":"REST"},{"floor":23,"key":"REST"},{"floor":25,"key":"REST"},{"floor":29,"key":"REST"},{"floor":32,"key":"REST"},{"floor":41,"key":"REST"},{"data":"Bouncing Flask","floor":45,"key":"SMITH"},{"data":"Wraith Form v2","floor":49,"key":"SMITH"}],"circlet_count":0,"master_deck":["Strike_G+1","Strike_G","Defend_G","Defend_G","Defend_G","Defend_G","Defend_G","Survivor","Neutralize","Flechettes+1","Noxious Fumes","Reflex","Footwork","Dodge and Roll","Backflip","Crippling Poison","Expertise","Adrenaline","Deadly Poison","Bane+1","Acrobatics+1","Wraith Form v2+1","Backflip+1","Terror","Noxious Fumes","Bouncing Flask+1","Grand Finale","Prepared","Madness","Madness","Quick Slash","Secret Technique","Violence","Concentrate","Acrobatics+1","Dodge and Roll+1","Bouncing Flask+1","Tools of the Trade","Noxious Fumes","Mind Blast","Infinite Blades","Dodge and Roll","Acrobatics","Poisoned Stab"],"relics":["Ring of the Snake","NeowsBlessing","Potion Belt","Snake Skull","Boot","Black Star","Spirit Poop","PreservedInsect","Oddly Smooth Stone","Mummified Hand","WingedGreaves","Pantograph","Bag of Preparation","Whetstone","Snecko Eye","Unceasing Top","Dream Catcher","HornCleat","Orichalcum","Ornamental Fan","Regal Pillow","Old Coin","DollysMirror"],"acts_visited":["Exordium","TheCity","TheBeyond"],"potions_floor_usage":[21,24,27,40,40,46,48,50,50,50],"damage_taken":[{"damage":0.0,"enemies":"Cultist","floor":1.0,"turns":1.0},{"damage":0.0,"enemies":"2 Louse","floor":2.0,"turns":1.0},{"damage":0.0,"enemies":"Lagavulin","floor":6.0,"turns":1.0},{"damage":2.0,"enemies":"Jaw Worm","floor":7.0,"turns":5.0},{"damage":23.0,"enemies":"Gremlin Gang","floor":8.0,"turns":5.0},{"damage":11.0,"enemies":"Red Slaver","floor":11.0,"turns":5.0},{"damage":44.0,"enemies":"Gremlin Nob","floor":12.0,"turns":6.0},{"damage":3.0,"enemies":"Blue Slaver","floor":14.0,"turns":5.0},{"damage":34.0,"enemies":"Hexaghost","floor":16.0,"turns":11.0},{"damage":3.0,"enemies":"Shell Parasite","floor":18.0,"turns":7.0},{"damage":34.0,"enemies":"2 Thieves","floor":19.0,"turns":5.0},{"damage":23,"enemies":"3 Cultists","floor":21,"turns":6},{"damage":13,"enemies":"Gremlin Leader","floor":24,"turns":6},{"damage":15,"enemies":"Slavers","floor":27,"turns":4},{"damage":12,"enemies":"Snake Plant","floor":30,"turns":4},{"damage":47,"enemies":"Champ","floor":33,"turns":12},{"damage":9,"enemies":"Orb Walker","floor":35,"turns":4},{"damage":14,"enemies":"3 Shapes","floor":37,"turns":4},{"damage":4,"enemies":"Sphere and 2 Shapes","floor":39,"turns":6},{"damage":0,"enemies":"Reptomancer","floor":40,"turns":4},{"damage":0,"enemies":"Nemesis","floor":44,"turns":3},{"damage":0,"enemies":"Mind Bloom Boss Battle","floor":46,"turns":6},{"damage":9,"enemies":"Spire Growth","floor":48,"turns":4},{"damage":72,"enemies":"Time Eater","floor":50,"turns":10}],"seed_played":"6658135240700220922","potions_obtained":[{"floor":1.0,"key":"LiquidBronze"},{"floor":6.0,"key":"Ancient Potion"},{"floor":12.0,"key":"FearPotion"},{"floor":14.0,"key":"Weak Potion"},{"floor":19.0,"key":"AttackPotion"},{"floor":21,"key":"Regen Potion"},{"floor":24,"key":"CunningPotion"},{"floor":33,"key":"DistilledChaos"},{"floor":37,"key":"Poison Potion"},{"floor":39,"key":"GhostInAJar"},{"floor":44,"key":"DistilledChaos"},{"floor":46,"key":"DistilledChaos"},{"floor":48,"key":"BlessingOfTheForge"}],"is_trial":false,"path_per_floor":["M","M","$","?","?","E","M","M","T","R","M","E","R","M","R","B",null,"M","M","?","M","$","R","E","R","T","E","?","R","M","$","R","B",null,"M","?","M","?","M","E","R","T","T","E","R","?","$","M","R","B",null],"character_chosen":"THE_SILENT","items_purchased":["Noxious Fumes","Wraith Form v2","PreservedInsect","Oddly Smooth Stone","Noxious Fumes","Bouncing Flask","DollysMirror","Mind Blast","Infinite Blades","FairyPotion","Dodge and Roll","Acrobatics"],"campfire_rested":8,"item_purchase_floors":[3,22,22,22,31,31,47,47,47,47,47,47],"current_hp_per_floor":[70,70,70,63,63,63,61,38,38,59,48,4,25,22,43,9,70,67,33,33,10,10,31,33,54,54,39,26,48,36,36,58,28,75,66,57,43,38,34,34,56,56,56,56,56,75,75,66,66,3],"gold":35,"neow_bonus":"THREE_ENEMY_KILL","is_daily":false,"chose_seed":false,"campfire_upgraded":2,"win_rate":0.0,"timestamp":1613121958,"path_taken":["M","M","$","?","?","E","M","M","T","R","M","E","R","M","R","BOSS","M","M","?","?","?","R","E","R","T","E","?","R","?","$","R","BOSS","M","?","M","?","M","E","R","?","T","E","R","?","$","M","R","BOSS"],"items_purchased_type":["Card","Card","Relic","Relic","Card","Card","Relic","Card","Card","Potion","Card","Card"],"build_version":"2020-12-22","purchased_purges":2,"victory":true,"max_hp_per_floor":[70,70,70,70,70,70,70,70,70,70,70,70,70,70,70,70,70,70,70,70,70,70,70,70,70,70,70,75,75,75,75,75,75,75,75,75,75,75,75,75,75,75,75,75,75,75,75,75,75,75],"card_choices":[{"not_picked":["Heel Hook","Dagger Spray","Flying Knee"],"picked":"SKIP","floor":1.0},{"not_picked":["Flying Knee","Slice"],"picked":"Flechettes","floor":2.0},{"not_picked":["Dagger Spray","Flying Knee"],"picked":"Reflex","floor":6.0},{"not_picked":["Flechettes","Outmaneuver"],"picked":"Footwork","floor":7.0},{"not_picked":["Deflect","Prepared"],"picked":"Dodge and Roll","floor":8.0},{"not_picked":["Cloak And Dagger","Slice"],"picked":"Backflip","floor":11.0},{"not_picked":["Concentrate","Prepared"],"picked":"Crippling Poison","floor":12.0},{"not_picked":["Infinite Blades","Blade Dance"],"picked":"Expertise","floor":14.0},{"not_picked":["Bullet Time","A Thousand Cuts"],"picked":"Adrenaline","floor":16.0},{"not_picked":["Blur","Bane"],"picked":"Deadly Poison","floor":18.0},{"not_picked":["Dagger Spray+1","Riddle With Holes+1"],"picked":"Bane+1","floor":19.0},{"not_picked":["Slice","Outmaneuver+1"],"picked":"Acrobatics+1","floor":21},{"not_picked":["Caltrops","Eviscerate","Skewer"],"picked":"SKIP","floor":24},{"not_picked":["Poisoned Stab","Underhanded Strike+1"],"picked":"Backflip+1","floor":27},{"not_picked":["Heel Hook+1","Cloak And Dagger"],"picked":"Terror","floor":30},{"not_picked":["Phantasmal Killer","Unload"],"picked":"Grand Finale","floor":33},{"not_picked":["Expertise+1","Deflect+1"],"picked":"Prepared","floor":35},{"not_picked":["Sucker Punch+1","Terror"],"picked":"Quick Slash","floor":37},{"not_picked":["Madness","Forethought"],"picked":"Secret Technique","floor":38},{"not_picked":["Madness","Panacea"],"picked":"Violence","floor":38},{"not_picked":["Deflect+1","Slice"],"picked":"Concentrate","floor":39},{"not_picked":["Reflex+1","Deflect+1"],"picked":"Acrobatics+1","floor":40},{"not_picked":["PiercingWail+1","Dagger Throw"],"picked":"Dodge and Roll+1","floor":41},{"not_picked":["Leg Sweep","Acrobatics+1"],"picked":"Bouncing Flask+1","floor":44},{"not_picked":["Acrobatics+1","Sucker Punch"],"picked":"Tools of the Trade","floor":46},{"not_picked":["Slice+1","Riddle With Holes"],"picked":"Poisoned Stab","floor":48}],"player_experience":310466,"relics_obtained":[{"floor":6.0,"key":"Potion Belt"},{"floor":9.0,"key":"Snake Skull"},{"floor":12.0,"key":"Boot"},{"floor":24,"key":"Mummified Hand"},{"floor":24,"key":"WingedGreaves"},{"floor":26,"key":"Pantograph"},{"floor":27,"key":"Bag of Preparation"},{"floor":27,"key":"Whetstone"},{"floor":40,"key":"Unceasing Top"},{"floor":40,"key":"Dream Catcher"},{"floor":42,"key":"HornCleat"},{"floor":43,"key":"Orichalcum"},{"floor":44,"key":"Ornamental Fan"},{"floor":44,"key":"Regal Pillow"},{"floor":46,"key":"Old Coin"}],"event_choices":[{"cards_removed":["Strike_G"],"damage_healed":0.0,"max_hp_gain":0.0,"max_hp_loss":0.0,"gold_gain":0.0,"event_name":"Golden Wing","player_choice":"Card Removal","floor":4.0,"gold_loss":0.0,"damage_taken":7.0},{"damage_healed":0.0,"max_hp_gain":0.0,"max_hp_loss":0.0,"gold_gain":175.0,"event_name":"Liars Game","player_choice":"AGREE","floor":5.0,"gold_loss":0.0,"damage_taken":0.0,"cards_obtained":["Doubt"]},{"cards_removed":["Doubt"],"damage_healed":0.0,"max_hp_gain":0.0,"max_hp_loss":0.0,"gold_gain":0.0,"event_name":"Bonfire Elementals","player_choice":"Offered Curse","floor":20.0,"gold_loss":0.0,"damage_taken":0.0,"relics_obtained":["Spirit Poop"]},{"damage_healed":0,"gold_gain":0,"player_choice":"Shed Blood","damage_taken":18,"max_hp_gain":5,"max_hp_loss":0,"event_name":"Forgotten Altar","floor":28,"gold_loss":0},{"damage_healed":0,"gold_gain":0,"player_choice":"Embrace Madness","damage_taken":9,"max_hp_gain":0,"max_hp_loss":0,"event_name":"Winding Halls","floor":36,"gold_loss":0,"cards_obtained":["Madness","Madness"]},{"damage_healed":0,"gold_gain":0,"player_choice":"Memory 2","damage_taken":5,"max_hp_gain":0,"max_hp_loss":0,"event_name":"SensoryStone","floor":38,"gold_loss":0},{"damage_healed":0,"gold_gain":0,"player_choice":"Fight","damage_taken":0,"max_hp_gain":0,"max_hp_loss":0,"event_name":"MindBloom","floor":46,"gold_loss":0}],"is_beta":false,"boss_relics":[{"not_picked":["Calling Bell","WristBlade"],"picked":"Black Star"},{"not_picked":["Runic Pyramid","SacredBark"],"picked":"Snecko Eye"}],"items_purged_floors":[22,47],"is_endless":false,"potions_floor_spawned":[1,6,12,14,19,21,24,33,37,39,44,46,48],"ascension_level":4}}