{"host":"lnfs5t5iydkm2lft","time":1613104877,"event":{"mods":["AchievementEnabler","BaseMod","Better Third Choice","BetterRewards","Colored Powertips","Downfall","Hermit","Hubris","Infinite Spire","Marisa????????","Minty Spire (QoL Compilation)","Quick Restart","Replay The Spire","StSLib","The Runesmith","The Senshi","everything is the same but u backflip on backflip","slay the spire mod where everything is the same but ironclad has a cowboy hat"],"gold_per_floor":[99,115,127,146,35,35,84,100,100,100,154,154,167,226,241,336,336,336,349,349,369,383,383,451,482,382,482,492,525,36,51,65,166,166,66,76,76,76,76,101,101,101,101,22,22,37,72,72,91,91],"floor_reached":51,"language":"ENG","playtime":2749,"items_purged":[],"score":945,"play_id":"f26108bc-0ed2-4f57-8a67-f568f50ee07b","local_time":"20210211224117","is_ascension_mode":false,"campfire_choices":[{"floor":1,"key":"DIG"},{"floor":6,"key":"REST"},{"data":"bronze:Repulsor","floor":10,"key":"SMITH"},{"floor":12,"key":"REST"},{"floor":18,"key":"DIG"},{"data":"bronze:Virus","floor":23,"key":"SMITH"},{"floor":26,"key":"RECALL"},{"floor":42,"key":"REST"},{"floor":45,"key":"REST"},{"floor":48,"key":"REST"}],"circlet_count":0,"master_deck":["bronze:Strike","bronze:Replicate+1","bronze:Goto","bronze:DelayedGuard","bronze:Frontload","bronze:Repulsor+1","bronze:CloningBeam","bronze:GetLatest","Pot Of Greed","Pot Of Greed","bronze:CutThrough+1","Decay","bronze:BurnOut","bronze:BronzeOrb","bronze:Flail","bronze:BurnOut","CurseOfTheBell","bronze:BurnOut","Pot Of Greed","bronze:Iterate","bronze:Branch","bronze:Branch","bronze:Virus+1","bronze:DelayedSlice","bronze:DonuBeam+1","bronze:BronzeOrb","bronze:ChosenStrike","bronze:WhirlingStrike","Replay:SS_forest_2","bronze:Frontload","expansioncontent:InvincibleStrength","Pot Of Greed","expansioncontent:InvincibleStrength","Replay:SS_forest_2","bronze:Break","bronze:Assembly","bronze:Branch","bronze:FindAndReplace"],"relics":["bronze:BronzeCore","TungstenRod","Replay:PocketPolymizer","Grinning Jar","ReplayTheSpireMod:Ring of Addiction","White Beast Statue","SacredBark","Ring of Fury","Whetstone","Durian","Calling Bell","Oddly Smooth Stone","Pantograph","Torii","infinitespire:Beetle Shell","hubris:PeanutButter","downfall:HeartBlessingBlue","MealTicket","Turnip","Fusion Hammer","downfall:HeartBlessingRed","Ice Cream","Replay:Accelerometer","bronze:BottledCode","hubris:EmptyBottle","infinitespire:Bottled Soul","Strawberry"],"acts_visited":["Exordium","TheCity","TheBeyond"],"potions_floor_usage":[3,11,13,13,14,14,16,19,19,21,25,25,27,29,30,32,33,33,33,40,40,40,44,47,47,47,50,50,50,50],"damage_taken":[{"damage":0,"enemies":"Cultist","floor":2,"turns":3},{"damage":4,"enemies":"Small Slimes","floor":3,"turns":4},{"damage":1,"enemies":"2 Louse","floor":4,"turns":3},{"damage":0,"enemies":"downfall:FleeingMerchant","floor":5,"turns":4},{"damage":11,"enemies":"Blue Slaver","floor":8,"turns":4},{"damage":15,"enemies":"Lagavulin","floor":11,"turns":8},{"damage":9,"enemies":"Large Slime","floor":13,"turns":5},{"damage":9,"enemies":"Lagavulin Event","floor":14,"turns":6},{"damage":0,"enemies":"2 Fungi Beasts","floor":15,"turns":3},{"damage":7,"enemies":"IC_STATUS_ARCHETYPE","floor":16,"turns":6},{"damage":0,"enemies":"Spheric Guardian","floor":19,"turns":3},{"damage":5,"enemies":"Shell Parasite","floor":21,"turns":3},{"damage":8,"enemies":"Centurion and Healer","floor":22,"turns":6},{"damage":38,"enemies":"Book of Stabbing","floor":25,"turns":4},{"damage":0,"enemies":"Book of Stabbing","floor":27,"turns":4},{"damage":0,"enemies":"Sentry and Sphere","floor":28,"turns":4},{"damage":0,"enemies":"Replay:Snechameleon","floor":29,"turns":2},{"damage":0,"enemies":"downfall:FleeingMerchant","floor":30,"turns":4},{"damage":0,"enemies":"Chosen and Byrds","floor":31,"turns":5},{"damage":0,"enemies":"3 Cultists","floor":32,"turns":3},{"damage":44,"enemies":"DF_ARCHETYPE_CLAW","floor":33,"turns":6},{"damage":0,"enemies":"Orb Walker","floor":36,"turns":2},{"damage":54,"enemies":"Nemesis","floor":40,"turns":7},{"damage":0,"enemies":"downfall:FleeingMerchant","floor":44,"turns":3},{"damage":10,"enemies":"3 Darklings","floor":46,"turns":4},{"damage":28,"enemies":"Nightmare","floor":47,"turns":9},{"damage":0,"enemies":"Maw","floor":49,"turns":5},{"damage":0,"enemies":"SI_POISON_ARCHETYPE","floor":50,"turns":3}],"seed_played":"4001469716944244139","potions_obtained":[{"floor":2,"key":"Swift Potion"},{"floor":3,"key":"bronze:FreeFunctionsPotion"},{"floor":8,"key":"ColorlessPotion"},{"floor":9,"key":"champ:CounterPotion"},{"floor":9,"key":"bronze:CleanCodePotion"},{"floor":13,"key":"Elixir"},{"floor":14,"key":"Weak Potion"},{"floor":15,"key":"Explosive Potion"},{"floor":16,"key":"Reflective Coating"},{"floor":19,"key":"Slimebound:ThreeZeroPotion"},{"floor":21,"key":"PowerPotion"},{"floor":22,"key":"bronze:BurnAndBuffPotion"},{"floor":25,"key":"PowerPotion"},{"floor":27,"key":"DuplicationPotion"},{"floor":28,"key":"ColorlessPotion"},{"floor":29,"key":"Swift Potion"},{"floor":30,"key":"SkillPotion"},{"floor":32,"key":"Milkshake"},{"floor":33,"key":"Block Potion"},{"floor":35,"key":"Swift Potion"},{"floor":35,"key":"PowerPotion"},{"floor":36,"key":"hexamod:SoulburnPotion"},{"floor":40,"key":"Slimebound:ThreeZeroPotion"},{"floor":44,"key":"Regen Potion"},{"floor":46,"key":"Flashbang"},{"floor":47,"key":"hexamod:SoulburnPotion"},{"floor":49,"key":"Explosive Potion"}],"is_trial":false,"path_per_floor":["R","M","M","M","$","R","T","M","?","R","E","R","M","?","M","B",null,"R","M","?","M","M","R","T","E","R","?","M","E","$","M","M","B",null,"R","M","?","?","?","E","T","R","?","$","R","M","NM","R","M","B",null],"character_chosen":"THE_AUTOMATON","items_purchased":["expansioncontent:AwakenDeath","Replay:SS_forest_2","Turnip","Explosive Potion","hexamod:SoulburnPotion","hubris:EmptyBottle","infinitespire:Bottled Soul"],"campfire_rested":5,"item_purchase_floors":[5,30,30,30,30,44,44],"current_hp_per_floor":[49,49,45,44,44,65,65,54,54,54,39,60,51,47,47,40,75,75,75,75,70,62,62,62,24,34,59,59,59,74,74,74,39,83,83,83,81,81,72,18,18,41,41,56,67,57,63,74,74,74],"gold":91,"neow_bonus":"ONE_RARE_RELIC","is_daily":false,"chose_seed":false,"campfire_upgraded":2,"win_rate":0.0,"timestamp":1613104877,"path_taken":["R","M","M","M","?","R","T","M","?","R","E","R","M","?","M","BOSS","R","M","?","M","M","R","T","E","R","?","M","E","$","M","M","BOSS","R","M","?","?","?","E","T","R","?","?","R","M","NM","R","M","BOSS"],"items_purchased_type":["Card","Card","Relic","Potion","Potion","Relic","Relic"],"build_version":"2020-12-22","purchased_purges":0,"victory":true,"max_hp_per_floor":[70,70,70,70,70,70,70,70,70,70,70,70,70,75,75,75,75,75,75,75,75,75,75,75,73,83,83,83,83,83,83,83,83,83,83,83,81,81,81,79,79,79,69,67,67,67,74,74,74,74],"card_choices":[{"not_picked":["bronze:Philosophize","bronze:BitShift"],"picked":"bronze:DelayedGuard","floor":2},{"not_picked":["bronze:Deprecate","bronze:OilSpill"],"picked":"bronze:Frontload","floor":3},{"not_picked":["bronze:Safeguard","bronze:DelayedGuard"],"picked":"bronze:Repulsor","floor":4},{"not_picked":["bronze:WildBeam","bronze:BuggyMess"],"picked":"bronze:CloningBeam","floor":5},{"not_picked":["bronze:BitShift","bronze:ClassDefault"],"picked":"bronze:CutThrough","floor":8},{"not_picked":["bronze:Invalidate","bronze:Fortify"],"picked":"bronze:BurnOut","floor":11},{"not_picked":["bronze:OilSpill","bronze:DelayedGuard"],"picked":"bronze:BronzeOrb","floor":13},{"not_picked":["bronze:ForceShield","bronze:OilSpill"],"picked":"bronze:Flail","floor":15},{"not_picked":["bronze:CleanCode","bronze:HyperBeam"],"picked":"bronze:BurnOut","floor":16},{"not_picked":["bronze:DelayedGuard","bronze:BuggyMess"],"picked":"bronze:Iterate","floor":19},{"not_picked":["bronze:BitShift","bronze:DelayedGuard"],"picked":"bronze:Branch","floor":21},{"not_picked":["bronze:Assembly","bronze:DelayedSlice"],"picked":"bronze:Branch","floor":22},{"not_picked":["bronze:ClassDefault","bronze:BugBarrage"],"picked":"bronze:DelayedSlice","floor":25},{"not_picked":[],"picked":"bronze:DonuBeam","floor":27},{"not_picked":["bronze:Overheat","bronze:Invalidate"],"picked":"bronze:BronzeOrb","floor":27},{"not_picked":["bronze:Turbo","bronze:Return"],"picked":"bronze:ChosenStrike","floor":28},{"not_picked":["bronze:Overload","bronze:NullPointer","bronze:Shell+1"],"picked":"SKIP","floor":29},{"not_picked":["bronze:Frontload","bronze:MaxOutput"],"picked":"bronze:WhirlingStrike","floor":30},{"not_picked":["bronze:FineTuning+1","bronze:WhirlingStrike+1","bronze:Turbo"],"picked":"SKIP","floor":31},{"not_picked":["bronze:ChosenStrike","bronze:DelayedGuard+1","bronze:BitShift"],"picked":"SKIP","floor":32},{"not_picked":["bronze:DelayedSlice+1","bronze:ChildClass+1","bronze:BitShift+1"],"picked":"SKIP","floor":36},{"not_picked":["expansioncontent:Chronoboost","Replay:SS_hec_1"],"picked":"expansioncontent:InvincibleStrength","floor":39},{"not_picked":["expansioncontent:PolyBeam","Replay:SS_hec_1"],"picked":"expansioncontent:InvincibleStrength","floor":39},{"not_picked":["expansioncontent:AwakenDeath","expansioncontent:GuardianWhirl"],"picked":"Replay:SS_forest_2","floor":39},{"not_picked":["bronze:Optimize+1","bronze:NullPointer"],"picked":"bronze:Break","floor":40},{"not_picked":["bronze:WildBeam","bronze:Overheat","bronze:DelayedSlice"],"picked":"SKIP","floor":44},{"not_picked":["bronze:Optimize+1","bronze:GetLatest+1","bronze:ClassDefault"],"picked":"SKIP","floor":46},{"not_picked":["bronze:Verify","bronze:NullPointer","bronze:Frontload"],"picked":"SKIP","floor":47},{"not_picked":["bronze:Verify","bronze:NullPointer","bronze:Frontload"],"picked":"SKIP","floor":47},{"not_picked":["bronze:WhirlingStrike+1","bronze:Assembly","bronze:DelayedSlice+1"],"picked":"SKIP","floor":49}],"player_experience":346846,"relics_obtained":[{"floor":1,"key":"Replay:PocketPolymizer"},{"floor":7,"key":"Grinning Jar"},{"floor":9,"key":"ReplayTheSpireMod:Ring of Addiction"},{"floor":9,"key":"White Beast Statue"},{"floor":9,"key":"SacredBark"},{"floor":9,"key":"Ring of Fury"},{"floor":11,"key":"Whetstone"},{"floor":17,"key":"Oddly Smooth Stone"},{"floor":17,"key":"Pantograph"},{"floor":17,"key":"Torii"},{"floor":18,"key":"infinitespire:Beetle Shell"},{"floor":25,"key":"hubris:PeanutButter"},{"floor":29,"key":"MealTicket"},{"floor":40,"key":"Ice Cream"},{"floor":41,"key":"Replay:Accelerometer"},{"floor":47,"key":"Strawberry"}],"event_choices":[],"is_beta":false,"boss_relics":[{"not_picked":["Sozu","Philosopher\u0027s Stone"],"picked":"Calling Bell"},{"not_picked":["Cursed Key","Snecko Eye"],"picked":"Fusion Hammer"}],"items_purged_floors":[],"is_endless":false,"potions_floor_spawned":[2,3,8,11,13,14,15,16,19,21,22,25,27,28,29,30,31,32,33,36,40,44,46,47,49],"ascension_level":0}}