{"host":"3jjxuhjpio8e4zkv","time":1613095984,"event":{"mods":["BaseMod","Colored Map","Highlight Path","Minty Spire (QoL Compilation)","Permanent Neow","Relic Stats","StSLib"],"gold_per_floor":[115,125,141,141,66,101,101,101,180,180,180],"floor_reached":10,"language":"ENG","playtime":248,"items_purged":[],"score":132,"play_id":"1a73410f-ce56-476d-b012-2b3b9ba60998","local_time":"20210211211304","is_ascension_mode":true,"campfire_choices":[{"data":"Footwork","floor":7,"key":"SMITH"}],"circlet_count":0,"master_deck":["AscendersBane","Strike_G","Strike_G","Strike_G","Strike_G","Defend_G","Defend_G","Defend_G","Survivor","Neutralize","Dash","Footwork+1","PiercingWail","Deflect"],"relics":["Ring of the Snake","Lantern","Golden Idol","Mercury Hourglass"],"acts_visited":["Exordium"],"potions_floor_usage":[6,10],"damage_taken":[{"damage":4,"enemies":"Small Slimes","floor":1,"turns":4},{"damage":0,"enemies":"2 Louse","floor":2,"turns":4},{"damage":0,"enemies":"Cultist","floor":3,"turns":4},{"damage":44,"enemies":"Gremlin Nob","floor":6,"turns":5},{"damage":18,"enemies":"Lagavulin","floor":10,"turns":9}],"seed_played":"-5277215381013573559","potions_obtained":[{"floor":1,"key":"CunningPotion"},{"floor":6,"key":"PowerPotion"}],"is_trial":false,"path_per_floor":["M","M","M","?","?","E","R","?","T","E"],"character_chosen":"THE_SILENT","items_purchased":[],"campfire_rested":0,"item_purchase_floors":[],"current_hp_per_floor":[40,40,40,62,62,18,18,18,18,0,0],"gold":180,"neow_bonus":"REMOVE_TWO","is_daily":false,"chose_seed":false,"campfire_upgraded":1,"win_rate":0.0,"timestamp":1613095984,"path_taken":["M","M","M","?","?","E","R","?","T","E"],"items_purchased_type":[],"build_version":"2020-12-22","purchased_purges":0,"victory":false,"max_hp_per_floor":[66,66,66,66,66,66,66,60,60,60,60],"relic_stats":{"counters":[5,26],"Golden Idol":0,"obtain_stats":[{"Lantern":6,"Golden Idol":8,"Ring of the Snake":0,"Mercury Hourglass":9},{"Lantern":4,"Golden Idol":4,"Ring of the Snake":0,"Mercury Hourglass":4},{"Lantern":17,"Golden Idol":17,"Ring of the Snake":0,"Mercury Hourglass":17}],"Ring of the Snake":[10],"Mercury Hourglass":[21]},"card_choices":[{"not_picked":["Deadly Poison","Acrobatics"],"picked":"Dash","floor":1},{"not_picked":["Dodge and Roll","Poisoned Stab"],"picked":"Footwork","floor":2},{"not_picked":["Concentrate","Deflect"],"picked":"PiercingWail","floor":3},{"not_picked":["Underhanded Strike","Dodge and Roll"],"picked":"Deflect","floor":6}],"player_experience":1268297,"relics_obtained":[{"floor":6,"key":"Lantern"},{"floor":9,"key":"Mercury Hourglass"}],"event_choices":[{"damage_healed":22,"gold_gain":0,"player_choice":"Banana","damage_taken":0,"max_hp_gain":0,"max_hp_loss":0,"event_name":"Big Fish","floor":4,"gold_loss":0},{"cards_removed":["Defend_G"],"damage_healed":0,"gold_gain":0,"player_choice":"Card Removal","damage_taken":0,"max_hp_gain":0,"max_hp_loss":0,"event_name":"The Cleric","floor":5,"gold_loss":75},{"damage_healed":0,"gold_gain":0,"player_choice":"Lose Max HP","damage_taken":0,"relics_obtained":["Golden Idol"],"max_hp_gain":0,"max_hp_loss":6,"event_name":"Golden Idol","floor":8,"gold_loss":0}],"is_beta":false,"boss_relics":[],"items_purged_floors":[],"is_endless":false,"potions_floor_spawned":[1,6],"killed_by":"Lagavulin","ascension_level":20}}