{"host":"o9lehcdjc4u6j9un","time":1613120749,"event":{"mods":["Aspiration","BaseMod","Better-Laid Plans","Colored Map","Downfall","Gremlin Mod","Hermit","Marisa£®ÏF”Í°°ƒß¿Ì…≥£©","Minty Spire (QoL Compilation)","Reimu£®≤©¿ˆ¡È√Œ£©","Remilia£®¿Ÿ√◊¿Ú—«£©","StSLib","The Alterego","The Hierophant","The Runesmith","The Senshi","The Servant 0.9.4","Yakumo Yukari mod","Youmu£®ªÍ∆«—˝√Œ£©","≤–¡Ù÷ÆŒÔ"],"gold_per_floor":[115,134,154,6,16,16,0,0,0,34,47,67,79,99,99,99,99],"floor_reached":16,"language":"ZHS","playtime":1326,"items_purged":["Gremlin:Strike"],"score":141,"play_id":"aa7b88a9-ea9b-4b08-9496-49eb0450ec6f","local_time":"20210212170549","is_ascension_mode":false,"campfire_choices":[{"data":"Gremlin:Revel","floor":6,"key":"SMITH"},{"data":"Gremlin:TagTeam","floor":8,"key":"SMITH"},{"data":"Gremlin:PourSalt","floor":15,"key":"SMITH"}],"circlet_count":0,"master_deck":["Gremlin:Strike","Gremlin:Strike","Gremlin:Strike","Gremlin:Defend","Gremlin:Defend","Gremlin:Defend","Gremlin:Defend","Gremlin:TagTeam+1","Gremlin:GremlinDance","Gremlin:Pinprick","Gremlin:Pinprick","Gremlin:Pinprick","Gremlin:Revel+1","Gremlin:Pretaliation","Gremlin:Duplicate","Gremlin:TwistTheKnife","Gremlin:PourSalt+1","Gremlin:Kablamo","Gremlin:DaggerDance"],"relics":["Gremlin:GremlinKnob","RuthlessExorcism:ReiMu","Pen Nib"],"acts_visited":["Exordium"],"potions_floor_usage":[10,10],"damage_taken":[{"damage":1,"enemies":"Cultist","floor":1,"turns":3},{"damage":0,"enemies":"2 Louse","floor":2,"turns":2},{"damage":1,"enemies":"Jaw Worm","floor":3,"turns":4},{"damage":3,"enemies":"Looter","floor":5,"turns":3},{"damage":0,"enemies":"Gremlin Nob","floor":7,"turns":1},{"damage":26,"enemies":"Lagavulin","floor":10,"turns":6},{"damage":0,"enemies":"Exordium Thugs","floor":11,"turns":2},{"damage":0,"enemies":"Exordium Wildlife","floor":12,"turns":3},{"damage":3,"enemies":"Looter","floor":13,"turns":3},{"damage":0,"enemies":"2 Fungi Beasts","floor":14,"turns":1},{"damage":12,"enemies":"The Guardian","floor":16,"turns":8}],"seed_played":"-8136345643251482704","potions_obtained":[{"floor":2,"key":"GrandPatriotsElixir:ReiMu"},{"floor":5,"key":"Swift Potion"},{"floor":14,"key":"SteroidPotion"}],"is_trial":false,"path_per_floor":["M","M","M","$","M","R","E","R","T","E","M","M","M","M","R","B"],"character_chosen":"GREMLIN","items_purchased":["Gremlin:Revel"],"campfire_rested":0,"item_purchase_floors":[4],"current_hp_per_floor":[20,21,20,20,18,18,18,18,18,7,21,20,11,12,12,7,7],"gold":99,"neow_bonus":"TEN_PERCENT_HP_BONUS","is_daily":false,"chose_seed":false,"campfire_upgraded":3,"win_rate":0.0,"timestamp":1613120749,"path_taken":["M","M","M","$","M","R","E","R","T","E","M","M","M","M","R","BOSS"],"items_purchased_type":["Card"],"build_version":"2020-12-22","purchased_purges":1,"victory":false,"max_hp_per_floor":[21,21,21,21,21,21,21,21,21,21,21,21,21,21,21,21,21],"card_choices":[{"not_picked":["Gremlin:PourSalt","Gremlin:Dazzle"],"picked":"Gremlin:Pinprick","floor":1},{"not_picked":["Gremlin:IrksomeBlow","Gremlin:DaggerDance"],"picked":"Gremlin:Pinprick","floor":2},{"not_picked":["Gremlin:Changeo","Gremlin:CatScratch"],"picked":"Gremlin:Pinprick","floor":3},{"not_picked":["Gremlin:Heckle","Gremlin:GremlinMeal"],"picked":"Gremlin:Pretaliation","floor":5},{"not_picked":["Gremlin:IrksomeBlow","Gremlin:Pickpocket"],"picked":"Gremlin:Duplicate","floor":7},{"not_picked":["Gremlin:Flurry","Gremlin:Pretaliation"],"picked":"Gremlin:TwistTheKnife","floor":10},{"not_picked":["Gremlin:Dazzle","Gremlin:Pretaliation","Gremlin:EdibleArmor"],"picked":"SKIP","floor":11},{"not_picked":["Gremlin:Jeer","Gremlin:IrksomeBlow"],"picked":"Gremlin:PourSalt","floor":12},{"not_picked":["Gremlin:Pretaliation","Gremlin:EdibleArmor"],"picked":"Gremlin:Kablamo","floor":13},{"not_picked":["Gremlin:BurlyBlow","Gremlin:Nob"],"picked":"Gremlin:DaggerDance","floor":14}],"player_experience":253238,"relics_obtained":[{"floor":9,"key":"RuthlessExorcism:ReiMu"},{"floor":10,"key":"Pen Nib"}],"event_choices":[],"is_beta":false,"boss_relics":[],"items_purged_floors":[4],"is_endless":false,"potions_floor_spawned":[2,5,14],"killed_by":"The Guardian","ascension_level":0}}