{"host":"i73ch23exsqar74a","time":1613153832,"event":{"mods":["AchievementEnabler","Aspiration","Astrologer","Bard","Bartender","BaseMod","Beaked The Cultist","Better Sensory Stone","CCEM2","CapriCore","Challenge The Spire","ChefMod","Chen","Colored Map","Colored Powertips","Conjunction","Conspire","Downfall","Fireblade Mod","FutureSeer","GifTheSpireLib","Glutton Mod","Gremlin Mod","Halation","Hermit","Highlight Path","HololiveMod","Hubris","Infinite Spire","Jedi Mod","Lobotomy","LobotomyExtend","Luminous","Marked Mod","Minty Spire (QoL Compilation)","Prisma Mod","Quarter Circle Forward PUNCH!","Quick Restart","Random Character Button","RatMod","Relic Sorter","Reliquary","Replay The Spire","SOS???????","Shade Mod","Spicy Shops","Spikes Relics","Spire Arcade","StSLib","Stuff the Spire","The Alterego","The Animator","The Bug Knight","The Construct","The Cursed","The Druid","The Exalted","The Immortal","The Judge","The Poker Player","The Sage","The Wild Card","TheHero","TheSwordswoman","TheVacant","TheVelvet","Thieving Mod","Yuri Mod","???Mod??????Boss","???mod?????"],"gold_per_floor":[113,113,36,46,57,83,83,8,8,8,23,54,54,0,0,95,95,95,95,0,11,31,31,46,62,62,96,96,107,122,150,150,250,250,267,317,331,350,361,361,392,392,417,465,0,12,26,36,36,36,36],"floor_reached":52,"language":"ENG","playtime":1975,"items_purged":["chefmod:Defend"],"score":809,"play_id":"49856e62-ce3e-4e23-b7eb-6977792a42e2","local_time":"20210212221712","is_ascension_mode":false,"campfire_choices":[{"data":"chefmod:QuickThaw","floor":7.0,"key":"SMITH"},{"data":"chefmod:RisingDough","floor":10.0,"key":"SMITH"},{"data":"chefmod:QuickChop","floor":15.0,"key":"SMITH"},{"data":"chefmod:NoSoupForYou","floor":23.0,"key":"SMITH"},{"floor":28.0,"key":"REST"},{"floor":32.0,"key":"REST"},{"floor":40.0,"key":"REST"},{"data":"chefmod:TwoForOne","floor":42.0,"key":"SMITH"},{"data":"chefmod:RaidPantry","floor":49.0,"key":"SMITH"}],"circlet_count":0,"master_deck":["chefmod:Strike","chefmod:Strike","chefmod:Strike","chefmod:QuickThaw+1","chefmod:Defend","chefmod:Defend","chefmod:Defend","chefmod:TodaysSpecial","chefmod:RisingDough+1","chefmod:DoubleChop","chefmod:Fillet","chefmod:Granita","chefmod:SliceAndDice","chefmod:Chop","chefmod:Defrost","chefmod:KnifeFlurry","chefmod:NoSoupForYou+1","chefmod:IcePick","chefmod:QuickChop+1","chefmod:FrozenTuna","Flash of Steel","chefmod:ColdSteel","chefmod:Chop","chefmod:Granita","chefmod:Defrost","chefmod:FreezerBurn","chefmod:FryPan","chefmod:FrozenTuna","chefmod:Puree","chefmod:ZaruSoba","chefmod:Fillet+1","chefmod:TwoForOne+1","chefmod:RaidPantry+1","chefmod:OldCookbook+1","chefmod:Escargot","chefmod:LiquidNitrogen","chefmod:Chop","chefmod:LiquidNitrogen+1","chefmod:IcePick+1"],"relics":["chefmod:TrustyPot","LetterFromLob","CCEMRelics:OverlyComfyChair","reliquary:IridiumChain","reliquary:Aerogel","conspire:SpecialSausage","BargainBundle","aspiration:Nostalgia","Combocheck","HollowMod:LifeEnderRelic","conspire:TopHat","Bag of Marbles","hubris:ScarierMask","hexamod:BolsterEngine","jedi:arcanewood","Bromod:ArcaneConsequence","aspiration:KaomsHeart"],"acts_visited":["Exordium","TheCity","TheBeyond"],"potions_floor_usage":[50],"damage_taken":[{"damage":0.0,"enemies":"Small Slimes","floor":1.0,"turns":3.0},{"damage":0.0,"enemies":"Jaw Worm","floor":4.0,"turns":4.0},{"damage":0.0,"enemies":"Cultist","floor":5.0,"turns":2.0},{"damage":16.0,"enemies":"Gremlin Nob","floor":6.0,"turns":3.0},{"damage":0.0,"enemies":"3 Louse","floor":11.0,"turns":2.0},{"damage":8.0,"enemies":"3 Sentries","floor":12.0,"turns":5.0},{"damage":3.0,"enemies":"Slime Boss","floor":16.0,"turns":6.0},{"damage":7.0,"enemies":"3 Byrds","floor":21.0,"turns":4.0},{"damage":5.0,"enemies":"Chosen","floor":22.0,"turns":2.0},{"damage":6.0,"enemies":"Sentry and Sphere","floor":24.0,"turns":3.0},{"damage":15.0,"enemies":"Centurion and Healer","floor":25.0,"turns":3.0},{"damage":22.0,"enemies":"Replay:Snechameleon","floor":27.0,"turns":6.0},{"damage":33.0,"enemies":"Snecko","floor":29.0,"turns":5.0},{"damage":11.0,"enemies":"Cultist and Chosen","floor":30.0,"turns":4.0},{"damage":16.0,"enemies":"Book of Stabbing","floor":31.0,"turns":3.0},{"damage":14.0,"enemies":"Collector","floor":33.0,"turns":5.0},{"damage":2.0,"enemies":"Orb Walker","floor":35.0,"turns":2.0},{"damage":15.0,"enemies":"3 Shapes","floor":37.0,"turns":1.0},{"damage":44.0,"enemies":"Maw","floor":38.0,"turns":6.0},{"damage":0.0,"enemies":"Transient","floor":39.0,"turns":5.0},{"damage":17.0,"enemies":"Giant Head","floor":41.0,"turns":6.0},{"damage":5.0,"enemies":"Spire Growth","floor":46.0,"turns":3.0},{"damage":2.0,"enemies":"Jaw Worm Horde","floor":47.0,"turns":4.0},{"damage":1.0,"enemies":"Maw","floor":48.0,"turns":4.0},{"damage":22,"enemies":"hubris:GrandSnecko","floor":50,"turns":7}],"seed_played":"-8138810573295957446","potions_obtained":[{"floor":6.0,"key":"Toxic Potion"},{"floor":16.0,"key":"Regen Potion"},{"floor":21.0,"key":"Guardian:BlockOnCardUsePotion"},{"floor":30.0,"key":"champ:CounterPotion"},{"floor":31.0,"key":"Energy Potion"},{"floor":36.0,"key":"SneckoOil"},{"floor":38.0,"key":"Energy Potion"},{"floor":39.0,"key":"Swift Potion"},{"floor":46.0,"key":"jedi:StrikingPotion"},{"floor":47.0,"key":"Adrenaline Potion"}],"is_trial":false,"path_per_floor":["M","?","$","M","M","E","R","$","T","R","M","E","?","$","R","B",null,"M","?","$","M","M","R","M","M","T","E","R","M","M","E","R","B",null,"M","?","M","M","M","R","E","R","T","T","$","M","M","M","R","B",null,null],"character_chosen":"THE_CHEF","items_purchased":["chefmod:Fillet","chefmod:Granita","chefmod:KnifeFlurry","chefmod:QuickChop","BargainBundle","Flash of Steel","chefmod:ColdSteel","chefmod:Chop","chefmod:Granita","chefmod:Defrost","aspiration:Nostalgia","Guardian:BlockOnCardUsePotion","Adrenaline Potion","SteroidPotion","aspiration:KaomsHeart","chefmod:LiquidNitrogen"],"campfire_rested":3,"item_purchase_floors":[3,3,8,14,20,20,20,20,20,20,20,20,20,20,45,45],"current_hp_per_floor":[76,76,76,76,76,60,60,60,60,60,60,52,57,57,57,55,81,81,81,81,74,69,69,63,49,49,27,51,18,8,1,25,11,81,79,79,64,20,21,45,28,28,28,28,128,124,123,122,122,100,100],"gold":36,"neow_bonus":"ONE_RANDOM_RARE_CARD","is_daily":false,"chose_seed":false,"campfire_upgraded":6,"win_rate":0.0,"timestamp":1613153832,"path_taken":["M","?","?","M","M","E","R","?","T","R","?","E","?","$","R","BOSS","M","?","$","M","M","R","M","M","T","E","R","M","?","E","R","BOSS","M","?","M","M","M","R","E","R","T","?","?","M","M","M","R","BOSS"],"items_purchased_type":["Card","Card","Card","Card","Relic","Card","Card","Card","Card","Card","Relic","Potion","Potion","Potion","Relic","Card"],"build_version":"2020-12-22","purchased_purges":1,"victory":true,"max_hp_per_floor":[76,76,76,76,76,76,76,76,76,76,76,76,81,81,81,81,81,81,81,81,81,81,81,81,81,81,81,81,81,81,81,81,81,81,81,81,81,81,81,81,81,81,81,81,181,181,181,181,181,181,181],"card_choices":[{"not_picked":["chefmod:LocoMoco","chefmod:Flambe"],"picked":"chefmod:DoubleChop","floor":1.0},{"not_picked":["chefmod:ColdSteel","chefmod:Fillet"],"picked":"chefmod:SliceAndDice","floor":4.0},{"not_picked":["chefmod:Puree","chefmod:Defrost"],"picked":"chefmod:Chop","floor":5.0},{"not_picked":["chefmod:DimSum","chefmod:Chop"],"picked":"chefmod:Defrost","floor":6.0},{"not_picked":["chefmod:FireUp","chefmod:Defrost"],"picked":"chefmod:NoSoupForYou","floor":11.0},{"not_picked":["chefmod:DinoKale","chefmod:DimSum"],"picked":"chefmod:IcePick","floor":12.0},{"not_picked":["chefmod:DeathByChocolate","chefmod:RisingDough"],"picked":"chefmod:FrozenTuna","floor":16.0},{"not_picked":["chefmod:ColdSteel","chefmod:SliceAndDice"],"picked":"chefmod:FreezerBurn","floor":21.0},{"not_picked":["chefmod:Bruschetta","chefmod:Sorbet","chefmod:BaoBuns"],"picked":"SKIP","floor":22.0},{"not_picked":["chefmod:FireUp","chefmod:SliceAndDice+1"],"picked":"chefmod:FryPan","floor":24.0},{"not_picked":["chefmod:BaoBuns+1","chefmod:Fillet"],"picked":"chefmod:FrozenTuna","floor":25.0},{"not_picked":["chefmod:OldCookbook","chefmod:MonsterBait"],"picked":"chefmod:Puree","floor":27.0},{"not_picked":["chefmod:Cleavers","chefmod:Defrost"],"picked":"chefmod:ZaruSoba","floor":29.0},{"not_picked":["chefmod:ZaruSoba","chefmod:Sorbet+1"],"picked":"chefmod:Fillet+1","floor":30.0},{"not_picked":["chefmod:Sorbet+1","chefmod:IcePick"],"picked":"chefmod:TwoForOne","floor":31.0},{"not_picked":["chefmod:PrepCook","chefmod:Canape"],"picked":"chefmod:RaidPantry","floor":33.0},{"not_picked":["chefmod:AlooGobi+1","chefmod:Sorbet","chefmod:VegetableTart"],"picked":"SKIP","floor":35.0},{"not_picked":["chefmod:Defrost","chefmod:AlooGobi"],"picked":"chefmod:OldCookbook+1","floor":37.0},{"not_picked":["chefmod:Sorbet+1","chefmod:SliceAndDice"],"picked":"chefmod:Escargot","floor":38.0},{"not_picked":["chefmod:Defrost+1","chefmod:DinoKale+1","chefmod:DimSum"],"picked":"SKIP","floor":39.0},{"not_picked":["chefmod:BaoBuns","chefmod:DinoKale+1","chefmod:PrepCook"],"picked":"SKIP","floor":41.0},{"not_picked":["chefmod:Cleavers","chefmod:ZaruSoba+1"],"picked":"chefmod:Chop","floor":46.0},{"not_picked":["chefmod:ZaruSoba","chefmod:Bruschetta"],"picked":"chefmod:LiquidNitrogen+1","floor":47.0},{"not_picked":["chefmod:FireUp+1","chefmod:BleedOut+1"],"picked":"chefmod:IcePick+1","floor":48.0}],"player_experience":1449265,"relics_obtained":[{"floor":1.0,"key":"LetterFromLob"},{"floor":6.0,"key":"CCEMRelics:OverlyComfyChair"},{"floor":9.0,"key":"reliquary:IridiumChain"},{"floor":12.0,"key":"reliquary:Aerogel"},{"floor":26.0,"key":"HollowMod:LifeEnderRelic"},{"floor":27.0,"key":"conspire:TopHat"},{"floor":31.0,"key":"Bag of Marbles"},{"floor":41.0,"key":"hexamod:BolsterEngine"},{"floor":43.0,"key":"jedi:arcanewood"},{"floor":44.0,"key":"Bromod:ArcaneConsequence"}],"event_choices":[{"damage_healed":0.0,"max_hp_gain":5.0,"max_hp_loss":0.0,"gold_gain":0.0,"event_name":"Big Fish","player_choice":"Donut","floor":13.0,"gold_loss":0.0,"damage_taken":0.0},{"cards_removed":["chefmod:Strike"],"damage_healed":0.0,"max_hp_gain":0.0,"max_hp_loss":0.0,"gold_gain":0.0,"event_name":"Bonfire Elementals","player_choice":"Offered Basic","floor":19.0,"gold_loss":0.0,"damage_taken":0.0}],"is_beta":false,"boss_relics":[{"not_picked":["jedi:paperlyon","Coffee Dripper"],"picked":"conspire:SpecialSausage"},{"not_picked":["ReplayTheSpireMod:DimensionalGlitch","Hololive_ChaosS"],"picked":"hubris:ScarierMask"}],"items_purged_floors":[20],"is_endless":false,"potions_floor_spawned":[6,16,21,24,30,31,38,39,46,47],"ascension_level":0}}