{"host":"BK","time":1613169966,"event":{"mods":["BaseMod","Highlight Path","Minty Spire (QoL Compilation)","StSLib"],"gold_per_floor":[117,117,217,232,307,336,336,349,649,649,22,35,46,81,81,81,81],"floor_reached":16,"language":"ENG","playtime":475,"items_purged":[],"score":270,"play_id":"dadbfdcf-f90d-4657-b9cb-ec80404e3b02","local_time":"20210212154606","is_ascension_mode":true,"campfire_choices":[{"data":"Pommel Strike","floor":7,"key":"SMITH"},{"data":"1","floor":15,"key":"LIFT"}],"circlet_count":0,"master_deck":["AscendersBane","Strike_R","Strike_R","Strike_R","Strike_R","Defend_R","Defend_R","Defend_R","Defend_R","Bash","Cleave","Pommel Strike+1","Wild Strike","Shrug It Off","Ghostly Armor"],"relics":["Burning Blood","NeowsBlessing","Bird Faced Urn","Old Coin","Girya","Eternal Feather","Art of War"],"acts_visited":["Exordium"],"potions_floor_usage":[12,16,16],"damage_taken":[{"damage":0,"enemies":"2 Louse","floor":1,"turns":1},{"damage":0,"enemies":"Small Slimes","floor":4,"turns":1},{"damage":0,"enemies":"Gremlin Nob","floor":6,"turns":1},{"damage":1,"enemies":"Cultist","floor":8,"turns":3},{"damage":4,"enemies":"Large Slime","floor":12,"turns":6},{"damage":10,"enemies":"Gremlin Gang","floor":13,"turns":4},{"damage":43,"enemies":"Lagavulin","floor":14,"turns":8},{"damage":49,"enemies":"Hexaghost","floor":16,"turns":11}],"seed_played":"7032324304846009104","potions_obtained":[{"floor":1,"key":"ColorlessPotion"},{"floor":4,"key":"Block Potion"},{"floor":14,"key":"SkillPotion"}],"is_trial":false,"path_per_floor":["M","?","?","M","?","E","R","M","T","?","$","M","M","E","R","B"],"character_chosen":"IRONCLAD","items_purchased":["Girya","Eternal Feather"],"campfire_rested":0,"item_purchase_floors":[11,11],"current_hp_per_floor":[74,79,79,80,69,75,75,80,80,80,80,80,76,39,48,0,0],"gold":81,"neow_bonus":"THREE_ENEMY_KILL","is_daily":false,"chose_seed":false,"campfire_upgraded":1,"win_rate":0.0,"timestamp":1613169966,"path_taken":["M","?","?","?","?","E","R","M","T","?","$","M","M","E","R","BOSS"],"items_purchased_type":["Relic","Relic"],"build_version":"2020-12-18","purchased_purges":0,"victory":false,"max_hp_per_floor":[75,80,80,80,80,80,80,80,80,80,80,80,80,80,80,80,80],"card_choices":[{"not_picked":["Feel No Pain","Shrug It Off"],"picked":"Cleave","floor":1},{"not_picked":["Headbutt","Pummel"],"picked":"Pommel Strike","floor":4},{"not_picked":["Cleave","Rage"],"picked":"Wild Strike","floor":6},{"not_picked":["Demon Form","Iron Wave"],"picked":"Shrug It Off","floor":8},{"not_picked":["Second Wind","Perfected Strike","Seeing Red"],"picked":"SKIP","floor":12},{"not_picked":["Wild Strike","Rupture"],"picked":"Ghostly Armor","floor":13},{"not_picked":["Clothesline","Perfected Strike","Clash"],"picked":"SKIP","floor":14}],"player_experience":2566093,"relics_obtained":[{"floor":6,"key":"Bird Faced Urn"},{"floor":9,"key":"Old Coin"},{"floor":14,"key":"Art of War"}],"event_choices":[{"damage_healed":0,"gold_gain":0,"player_choice":"Donut","damage_taken":0,"max_hp_gain":5,"max_hp_loss":0,"event_name":"Big Fish","floor":2,"gold_loss":0},{"damage_healed":0,"gold_gain":100,"player_choice":"Gold","damage_taken":0,"max_hp_gain":0,"max_hp_loss":0,"event_name":"Wheel of Change","floor":3,"gold_loss":0},{"damage_healed":0,"gold_gain":75,"player_choice":"Gather Gold","damage_taken":11,"max_hp_gain":0,"max_hp_loss":0,"event_name":"World of Goop","floor":5,"gold_loss":0},{"cards_removed":["Strike_R"],"damage_healed":0,"gold_gain":0,"player_choice":"Purged","damage_taken":0,"max_hp_gain":0,"max_hp_loss":0,"event_name":"Purifier","floor":10,"gold_loss":0}],"is_beta":true,"boss_relics":[],"items_purged_floors":[],"is_endless":false,"potions_floor_spawned":[1,4,14],"killed_by":"Hexaghost","ascension_level":20}}