{"host":"pke0xxyzw0teju56","time":1613159421,"event":{"mods":["BaseMod","Bestiary","Colored Powertips","Highlight Path","Minty Spire (QoL Compilation)","Relic Stats","Slay the Relics Exporter","StSLib","ojb\u0027s Info Mod"],"gold_per_floor":[210,210,0,24,54,108,108,33,56,114,149,149,192,271,271,373,373,463,513,554,615,186,186,186,186],"floor_reached":24,"language":"ENG","playtime":907,"items_purged":["Strike_R"],"score":412,"play_id":"08a36ae9-e1ae-42c5-a1a4-4fd39e427ee7","local_time":"20210212145021","is_ascension_mode":true,"campfire_choices":[{"data":"True Grit","floor":7,"key":"SMITH"},{"data":"HandOfGreed","floor":12,"key":"SMITH"},{"data":"Berserk","floor":15,"key":"SMITH"},{"data":"Entrench","floor":23,"key":"SMITH"}],"circlet_count":0,"master_deck":["AscendersBane","Strike_R","Defend_R","Defend_R+1","Defend_R+1","Defend_R","Bash","Disarm","HandOfGreed+1","Anger","True Grit+1","Battle Trance","Second Wind","Cleave","Shrug It Off","Berserk+1","Barricade","Pommel Strike+1","True Grit+1","Dark Embrace+1","Evolve","Whirlwind+1","Entrench+1","Body Slam"],"relics":["Burning Blood","Oddly Smooth Stone","War Paint","Dream Catcher","Smiling Mask","Anchor","Astrolabe","Sundial"],"acts_visited":["Exordium","TheCity"],"potions_floor_usage":[14,16,20,21,24],"damage_taken":[{"damage":7,"enemies":"Cultist","floor":1,"turns":4},{"damage":1,"enemies":"Jaw Worm","floor":5,"turns":4},{"damage":32,"enemies":"Gremlin Nob","floor":6,"turns":4},{"damage":2,"enemies":"Small Slimes","floor":10,"turns":4},{"damage":4,"enemies":"Blue Slaver","floor":11,"turns":5},{"damage":0,"enemies":"3 Louse","floor":13,"turns":4},{"damage":29,"enemies":"3 Sentries","floor":14,"turns":8},{"damage":41,"enemies":"Hexaghost","floor":16,"turns":13},{"damage":2,"enemies":"3 Byrds","floor":18,"turns":9},{"damage":6,"enemies":"Chosen","floor":20,"turns":5},{"damage":0,"enemies":"Centurion and Healer","floor":21,"turns":7},{"damage":78,"enemies":"Gremlin Leader","floor":24,"turns":8}],"seed_played":"4389457155344573877","potions_obtained":[{"floor":5,"key":"SteroidPotion"},{"floor":11,"key":"BloodPotion"},{"floor":16,"key":"SkillPotion"},{"floor":18,"key":"Strength Potion"},{"floor":20,"key":"DuplicationPotion"}],"is_trial":false,"path_per_floor":["M","T","$","T","M","E","R","$","T","M","M","R","M","E","R","B",null,"M","?","M","M","$","R","E"],"character_chosen":"IRONCLAD","items_purchased":["HandOfGreed","Battle Trance","Entrench","Body Slam","Sundial"],"campfire_rested":0,"item_purchase_floors":[3,8,22,22,22],"current_hp_per_floor":[67,67,67,67,72,46,46,46,46,50,52,52,58,35,35,15,60,64,64,64,70,70,70,0,0],"gold":186,"neow_bonus":"HUNDRED_GOLD","is_daily":false,"chose_seed":false,"campfire_upgraded":4,"win_rate":0.0,"timestamp":1613159421,"path_taken":["M","?","?","?","M","E","R","$","T","M","M","R","?","E","R","BOSS","M","?","M","M","$","R","E"],"items_purchased_type":["Card","Card","Card","Card","Relic"],"build_version":"2020-12-22","purchased_purges":1,"victory":false,"max_hp_per_floor":[75,75,75,75,75,75,75,75,75,75,75,75,75,75,75,75,75,75,75,75,75,75,75,75,75],"relic_stats":{"Dream Catcher":0,"counters":[12,75],"Sundial":[0],"Astrolabe":["Pommel Strike","True Grit","Dark Embrace"],"War Paint":["Defend_R","Defend_R"],"Smiling Mask":25,"obtain_stats":[{"Dream Catcher":6,"Anchor":14,"Sundial":22,"Astrolabe":17,"Oddly Smooth Stone":2,"War Paint":4,"Smiling Mask":9,"Burning Blood":0},{"Dream Catcher":3,"Anchor":7,"Sundial":11,"Astrolabe":8,"Oddly Smooth Stone":1,"War Paint":1,"Smiling Mask":3,"Burning Blood":0},{"Dream Catcher":12,"Anchor":33,"Sundial":67,"Astrolabe":46,"Oddly Smooth Stone":4,"War Paint":4,"Smiling Mask":12,"Burning Blood":0}],"Burning Blood":66},"card_choices":[{"not_picked":["Thunderclap","Clash"],"picked":"Disarm","floor":1},{"not_picked":["Rupture","Blood for Blood"],"picked":"Anger","floor":5},{"not_picked":["Intimidate","Warcry"],"picked":"True Grit","floor":6},{"not_picked":["Flex","Anger"],"picked":"Second Wind","floor":10},{"not_picked":["Iron Wave","Clothesline"],"picked":"Cleave","floor":11},{"not_picked":["Perfected Strike","Iron Wave"],"picked":"Shrug It Off","floor":13},{"not_picked":["Burning Pact","Heavy Blade"],"picked":"Berserk","floor":14},{"not_picked":["Reaper","Feed"],"picked":"Barricade","floor":16},{"not_picked":["Wild Strike","Sever Soul+1"],"picked":"Evolve","floor":18},{"not_picked":["Burning Pact","Reckless Charge"],"picked":"Whirlwind+1","floor":20},{"not_picked":["Heavy Blade","Warcry","Cleave"],"picked":"SKIP","floor":21}],"player_experience":5331550,"relics_obtained":[{"floor":2,"key":"Oddly Smooth Stone"},{"floor":4,"key":"War Paint"},{"floor":6,"key":"Dream Catcher"},{"floor":9,"key":"Smiling Mask"},{"floor":14,"key":"Anchor"}],"event_choices":[{"damage_healed":0,"gold_gain":50,"player_choice":"Stole From Cult","damage_taken":0,"max_hp_gain":0,"max_hp_loss":0,"event_name":"Nest","floor":19,"gold_loss":0}],"is_beta":false,"boss_relics":[{"not_picked":["Calling Bell","Fusion Hammer"],"picked":"Astrolabe"}],"items_purged_floors":[22],"is_endless":false,"potions_floor_spawned":[5,11,16,18,20],"killed_by":"Gremlin Leader","ascension_level":20}}