{"host":"ec2wu4mdnvke243f","time":1613159505,"event":{"mods":["2.2 Compatiblity","AchievementEnabler","BaseMod","Defuse TimeMaze Blight","Downfall","Hermit","Infinite Spire","Minty Spire (QoL Compilation)","StSLib","The Cursed","The Disciple","The Jungle","The Servant 0.9.4"],"gold_per_floor":[111,111,121,47,126,141,154,174,250,273,283,248,14,14,14,118,118,123,123,83,94,94,129,129,146,146,146,157,157,157,157,157,260,260,271,271,289,312,312,312,324,357,357,179,194,241,29,0,0,0],"floor_reached":51,"language":"POL","playtime":7598,"items_purged":[],"score":708,"play_id":"7ee592c8-cdd2-44d8-a513-5403a6690eb3","local_time":"20210212205145","daily_mods":["Colorless Cards","Flight"],"is_ascension_mode":false,"campfire_choices":[{"data":"HandsUpC","floor":15,"key":"SMITH"},{"floor":29,"key":"REST"},{"floor":30,"key":"REST"},{"floor":32,"key":"REST"},{"floor":49,"key":"REST"}],"circlet_count":0,"master_deck":["Strike_Br+1","Strike_Br+1","Strike_Br+1","Strike_Br+1","Defend_Br+1","Defend_Br+1","Defend_Br+1","Defend_Br+1","SecondHand","PatternShift","HandsUpB","Flash of Steel","WindUp","Parity","AlternateTimeline","Allegro","HandsUpC+1","LockedAnchor","LockedOrichalcum","LockedMedicine","LockedBlood","Goo","Master of Strategy","ExoVibe","ReapSow+14","Bandage Up+1","Analog+1","Echoward+1","AlternateTimeline","infinitespire:Collect","Flay","BiteCommand+1","Panacea","Finesse","HandsUpB+1","ReapSow+6","AlternateTimeline","LockedAnchor","CrunchTime","LockedPlans","DaylightSavings"],"relics":["Chronometer","Bottled Lightning","Odd Mushroom","Lee\u0027s Waffle","Black Star","Prayer Wheel","Anchor","Letter Opener","sneckomod:SneckoTalon","Orichalcum","Pear","infinitespire:Beetle Shell","Bag of Preparation","Paper Turtyl","hexamod:Sixitude","Red Mask"],"acts_visited":["Exordium","TheCity","TheBeyond"],"potions_floor_usage":[18,21,23,25,28,28,28,33,41,42,42,42,45,45,46,50,50],"damage_taken":[{"damage":7,"enemies":"Cultist","floor":1,"turns":6},{"damage":1,"enemies":"Small Slimes","floor":3,"turns":4},{"damage":0,"enemies":"Jaw Worm","floor":6,"turns":4},{"damage":0,"enemies":"Looter","floor":7,"turns":4},{"damage":13,"enemies":"Exordium Wildlife","floor":8,"turns":5},{"damage":8,"enemies":"The Mushroom Lair","floor":10,"turns":6},{"damage":4,"enemies":"Blue Slaver","floor":11,"turns":4},{"damage":44,"enemies":"Slime Boss","floor":16,"turns":10},{"damage":15,"enemies":"2 Thieves","floor":18,"turns":3},{"damage":8,"enemies":"Shell Parasite","floor":21,"turns":4},{"damage":45,"enemies":"Slavers","floor":23,"turns":8},{"damage":22,"enemies":"Cultist and Chosen","floor":25,"turns":6},{"damage":7,"enemies":"Centurion and Healer","floor":28,"turns":6},{"damage":26,"enemies":"Collector","floor":33,"turns":11},{"damage":8,"enemies":"3 Darklings","floor":35,"turns":7},{"damage":0,"enemies":"Orb Walker","floor":37,"turns":3},{"damage":5,"enemies":"3 Darklings","floor":41,"turns":5},{"damage":37,"enemies":"Reptomancer","floor":42,"turns":7},{"damage":1,"enemies":"Transient","floor":45,"turns":5},{"damage":37,"enemies":"2 Orb Walkers","floor":46,"turns":6},{"damage":72,"enemies":"Awakened One","floor":50,"turns":12}],"seed_played":"2912253620651684238","potions_obtained":[{"floor":1,"key":"hexamod:SoulburnPotion"},{"floor":11,"key":"hexamod:SoulburnPotion"},{"floor":16,"key":"BlessingOfTheForge"},{"floor":23,"key":"EntropicBrew"},{"floor":24,"key":"WardPotion"},{"floor":24,"key":"champ:CounterPotion"},{"floor":28,"key":"infinitespire:BlackPotion"},{"floor":35,"key":"BlessingOfTheForge"},{"floor":41,"key":"Weak Potion"},{"floor":45,"key":"SkillPotion"}],"is_trial":true,"path_per_floor":["M","?","M","$","?","M","M","M","T","?","M","?","$","?","R","B",null,"M","?","?","M","?","E","?","M","T","?","M","R","R","AVR","R","B",null,"M","?","M","T","?","?","M","E","T","$","M","?","$","?","R","B",null],"character_chosen":"CHRONO_CLASS","items_purchased":["Parity","AlternateTimeline","Lee\u0027s Waffle","LockedBlood","Goo","LockedAnchor","CrunchTime","WardPotion","ColorlessPotion","LockedPlans","DaylightSavings","PowerPotion","Swift Potion"],"campfire_rested":4,"item_purchase_floors":[4,4,13,13,13,44,44,44,44,47,47,47,47],"current_hp_per_floor":[58,58,57,57,57,57,57,44,44,36,32,48,72,72,72,34,72,57,57,57,55,55,16,16,6,6,6,7,28,49,49,70,50,72,65,65,71,71,66,76,82,54,54,54,68,37,37,37,61,1],"gold":0,"neow_bonus":"","is_daily":false,"chose_seed":false,"campfire_upgraded":1,"win_rate":0.0,"timestamp":1613159505,"path_taken":["M","?","M","?","?","M","M","M","T","?","?","?","?","?","R","BOSS","M","?","?","?","?","E","?","?","T","?","M","R","R","AVR","R","BOSS","M","?","?","?","?","?","?","E","T","?","M","?","$","?","R","BOSS"],"items_purchased_type":["Card","Card","Relic","Card","Card","Card","Card","Potion","Potion","Card","Card","Potion","Potion"],"build_version":"2020-12-22","purchased_purges":0,"victory":true,"max_hp_per_floor":[65,65,65,65,65,65,65,65,65,65,65,65,72,72,72,72,72,72,72,72,72,72,72,72,72,72,72,72,72,72,72,72,72,72,72,72,72,72,72,82,82,82,82,82,82,82,82,82,82,82],"card_choices":[{"not_picked":["LockedScales","BiteCommand"],"picked":"HandsUpB","floor":1},{"not_picked":["Violence","LockedMedicine"],"picked":"WindUp","floor":3},{"not_picked":["Stagnate","LockedMedicine"],"picked":"Tempo","floor":6},{"not_picked":["CrunchTime","BiteCommand"],"picked":"HandsUpC","floor":7},{"not_picked":["ShortSighted","WatchCommand"],"picked":"LockedAnchor","floor":8},{"not_picked":["Violence","Stagnate"],"picked":"LockedOrichalcum","floor":10},{"not_picked":["LockedTurtyl","Recurrance"],"picked":"LockedMedicine","floor":11},{"not_picked":["OverTime","Transmutation"],"picked":"Master of Strategy","floor":16},{"not_picked":["BlueShift","LockedMawBank"],"picked":"ExoVibe","floor":18},{"not_picked":["Tempo","PrimeTime"],"picked":"ReapSow+1","floor":21},{"not_picked":["TickedOff","HandsUpB"],"picked":"Bandage Up+1","floor":23},{"not_picked":["Echoward","WindUp"],"picked":"Analog+1","floor":25},{"not_picked":["LockedThread","OldTimer"],"picked":"Echoward+1","floor":25},{"not_picked":["HandsUpB","Engulf"],"picked":"AlternateTimeline","floor":28},{"not_picked":["AlternateTimeline","HandsUpB","ReapSow"],"picked":"SKIP","floor":28},{"not_picked":["Chrysalis","LockedFlame"],"picked":"Flay","floor":33},{"not_picked":["Parity","LockedUrn+1"],"picked":"BiteCommand+1","floor":35},{"not_picked":["LockedScales","BiteCommand","BeatsPerMinute"],"picked":"SKIP","floor":35},{"not_picked":["ExoVibe","PrimeTime","LockedAnchor"],"picked":"SKIP","floor":37},{"not_picked":["Mind Blast+1","TiringSlam","ExoVibe+1"],"picked":"SKIP","floor":37},{"not_picked":["PanicButton","HandOfGreed"],"picked":"Panacea","floor":39},{"not_picked":["Chrysalis","Good Instincts"],"picked":"Finesse","floor":39},{"not_picked":["SlimeSpray+1","BlueShift"],"picked":"HandsUpB+1","floor":41},{"not_picked":["LockedAnchor","Facsimile"],"picked":"ReapSow+1","floor":41},{"not_picked":["BlueShift","Impatience"],"picked":"AlternateTimeline","floor":42},{"not_picked":["Stagnate","Parity+1","Finesse+1"],"picked":"SKIP","floor":45},{"not_picked":["Echoward+1","Parity+1","Engulf+1"],"picked":"SKIP","floor":45}],"player_experience":596127,"relics_obtained":[{"floor":9,"key":"Bottled Lightning"},{"floor":10,"key":"Odd Mushroom"},{"floor":23,"key":"Prayer Wheel"},{"floor":23,"key":"Anchor"},{"floor":26,"key":"Letter Opener"},{"floor":38,"key":"Orichalcum"},{"floor":40,"key":"Pear"},{"floor":42,"key":"infinitespire:Beetle Shell"},{"floor":42,"key":"Bag of Preparation"},{"floor":43,"key":"Paper Turtyl"},{"floor":46,"key":"hexamod:Sixitude"}],"event_choices":[{"damage_healed":0,"gold_gain":0,"player_choice":"1 cards matched","damage_taken":0,"max_hp_gain":0,"max_hp_loss":0,"event_name":"Match and Keep!","floor":2,"gold_loss":0,"cards_obtained":["Flash of Steel"]},{"damage_healed":0,"gold_gain":79,"player_choice":"Gained Gold","damage_taken":0,"max_hp_gain":0,"max_hp_loss":0,"event_name":"Golden Wing","floor":5,"gold_loss":0},{"damage_healed":0,"gold_gain":0,"player_choice":"Fought Mushrooms","damage_taken":0,"max_hp_gain":0,"max_hp_loss":0,"event_name":"Mushrooms","floor":10,"gold_loss":0},{"damage_healed":16,"gold_gain":0,"player_choice":"Healed","damage_taken":0,"max_hp_gain":0,"max_hp_loss":0,"event_name":"The Cleric","floor":12,"gold_loss":35},{"damage_healed":0,"gold_gain":0,"player_choice":"Ignored","damage_taken":0,"max_hp_gain":0,"max_hp_loss":0,"event_name":"Ghosts","floor":19,"gold_loss":0},{"damage_healed":0,"gold_gain":0,"player_choice":"Upgraded Two","damage_taken":0,"max_hp_gain":0,"max_hp_loss":0,"event_name":"Designer","floor":20,"gold_loss":40,"cards_upgraded":["Strike_Br","Defend_Br"]},{"damage_healed":0,"gold_gain":0,"player_choice":"Got Potions","damage_taken":0,"max_hp_gain":0,"max_hp_loss":0,"event_name":"Lab","floor":24,"gold_loss":0},{"damage_healed":0,"gold_gain":0,"player_choice":"Simplicity","damage_taken":0,"max_hp_gain":0,"max_hp_loss":0,"event_name":"Back to Basics","floor":27,"gold_loss":0,"cards_upgraded":["Strike_Br","Strike_Br","Strike_Br","Defend_Br","Defend_Br","Defend_Br"]},{"damage_healed":0,"gold_gain":0,"player_choice":"Ignored","damage_taken":0,"max_hp_gain":0,"max_hp_loss":0,"event_name":"SecretPortal","floor":36,"gold_loss":0},{"damage_healed":0,"gold_gain":0,"player_choice":"Memory 2","damage_taken":5,"max_hp_gain":0,"max_hp_loss":0,"event_name":"SensoryStone","floor":39,"gold_loss":0},{"damage_healed":0,"gold_gain":0,"player_choice":"Relic","damage_taken":0,"max_hp_gain":0,"max_hp_loss":0,"event_name":"Wheel of Change","floor":40,"gold_loss":0},{"damage_healed":0,"gold_gain":0,"player_choice":"Fight","damage_taken":0,"max_hp_gain":0,"max_hp_loss":0,"event_name":"Mysterious Sphere","floor":46,"gold_loss":0},{"damage_healed":0,"gold_gain":0,"player_choice":"Paid","damage_taken":0,"relics_obtained":["Red Mask"],"max_hp_gain":0,"max_hp_loss":0,"event_name":"Tomb of Lord Red Mask","floor":48,"gold_loss":29}],"is_beta":false,"boss_relics":[{"not_picked":["Astrolabe","Tiny House"],"picked":"Black Star"},{"not_picked":["SacredBark","Coffee Dripper"],"picked":"sneckomod:SneckoTalon"}],"items_purged_floors":[],"is_endless":false,"potions_floor_spawned":[1,11,16,23,28,35,41,45],"ascension_level":0}}