{"host":"rqs2099buorjjoja","time":1613113252,"event":{"mods":["AchievementEnabler","Act Like it!","Aspiration","BaseMod","Beaked The Cultist","Colored Powertips","Downfall","Googly Eyes","Hallownest","Hermit","Hubris","Infinite Spire","Jorbs\u0027s Wanderer Trilogy","Minty Spire (QoL Compilation)","Quick Restart","Rare Cards Sparkle","Replay The Spire","StSLib","The Bug Knight","The Construct","The Necromancer","The Servant 0.9.4"],"gold_per_floor":[99,99,99,99,99,110,135,35,35,69,69,54,69,101,112,213,213,213,224,224,324,335,335,358,377,398,86,116,144,185,213,240,350,350,250,283,283,352,370,392,392,292,321,433,433,208,244,270,307,319,319,319],"floor_reached":50,"language":"ENG","playtime":5149,"items_purged":[],"score":526,"play_id":"1c72473a-a043-4e31-89e7-e11a1fa0f8c0","local_time":"20210212020052","is_ascension_mode":false,"campfire_choices":[{"floor":1,"key":"RECALL"},{"data":"hexamod:FastForward","floor":8,"key":"SMITH"},{"data":"hexamod:VolcanoVisage","floor":18,"key":"SMITH"},{"floor":23,"key":"REST"},{"data":"hexamod:TimeOfNeed","floor":35,"key":"SMITH"},{"floor":42,"key":"DIG"},{"floor":45,"key":"DIG"}],"circlet_count":0,"master_deck":["hexamod:Strike","hexamod:Strike","hexamod:Strike","hexamod:Strike","hexamod:Defend","hexamod:Defend","hexamod:Defend","hexamod:Defend","hexamod:Sear","hexamod:Float","hexamod:FastForward+1","hexamod:ChargedBarrage","hexamod:GhostLash","hexamod:GhostLash","hexamod:SwordOfDarkness","hexamod:ExtraCrispy","hexamod:HauntingEcho","hexamod:ShieldOfDarkness","hexamod:NightmareGuise","hexamod:VolcanoVisage+1","hexamod:ShieldOfDarkness+1","hexamod:BurningTouch","hexamod:SpectersWail+1","hexamod:SkipABeat+1","hexamod:NightmareGuise","hexamod:Firestarter+1","hexamod:Firestarter+1","hexamod:ThermalTransfer+1","hexamod:FastForward+1","hexamod:HeatMetal","hexamod:Firestarter","hexamod:TimeOfNeed+1","hexamod:InspiringFlames+1","hexamod:EmpoweredFlame+1","hexamod:ShieldOfDarkness+1","hexamod:GhostShield","hexamod:EtherealExpedition+1","hexamod:NightmareStrike+1","hexamod:ThermalTransfer+1","hexamod:ThermalTransfer+1"],"relics":["hexamod:SpiritBrand","downfall:HeartsMalice","Toy Ornithopter","downfall:HeartBlessingRed","Replay:Wax Seal","ReplayTheSpireMod:TigerMarble","infinitespire:Satchel","hubris:ScarierMask","White Beast Statue","Replay:Bandana","Pondfish Scales","hubris:TenFootPole","Ring of Chaos","downfall:HeartBlessingGreen","Shovel","Bag of Preparation","downfall:HeartBlessingBlue","Replay:Rubber Ducky","Gremlin Horn","Membership Card","aspiration:TomeofQuesting"],"acts_visited":["Exordium","TheCity","TheBeyond"],"potions_floor_usage":[10,14,16,25,27,28,33,33,40,48,50,50,50],"damage_taken":[{"damage":0,"enemies":"2 Louse","floor":2,"turns":1},{"damage":0,"enemies":"Jaw Worm","floor":3,"turns":1},{"damage":0,"enemies":"Cultist","floor":5,"turns":1},{"damage":15,"enemies":"Exordium Thugs","floor":6,"turns":4},{"damage":10,"enemies":"3 Sentries","floor":10,"turns":9},{"damage":5,"enemies":"downfall:FleeingMerchant","floor":12,"turns":4},{"damage":5,"enemies":"Gremlin Gang","floor":13,"turns":4},{"damage":26,"enemies":"Lagavulin","floor":14,"turns":4},{"damage":2,"enemies":"Blue Slaver","floor":15,"turns":3},{"damage":2,"enemies":"SI_SHIV_ARCHETYPE","floor":16,"turns":6},{"damage":5,"enemies":"Chosen","floor":19,"turns":5},{"damage":28,"enemies":"downfall:LadyInBlue","floor":21,"turns":13},{"damage":0,"enemies":"Spheric Guardian","floor":22,"turns":3},{"damage":7,"enemies":"Snake Plant","floor":25,"turns":4},{"damage":0,"enemies":"Chosen and Byrds","floor":26,"turns":4},{"damage":1,"enemies":"downfall:FleeingMerchant","floor":27,"turns":4},{"damage":1,"enemies":"Cultist and Chosen","floor":28,"turns":3},{"damage":4,"enemies":"Snecko","floor":29,"turns":5},{"damage":9,"enemies":"Slavers","floor":30,"turns":4},{"damage":5,"enemies":"Centurion and Healer","floor":31,"turns":3},{"damage":0,"enemies":"Cultist and Chosen","floor":32,"turns":3},{"damage":79,"enemies":"DF_ARCHETYPE_CLAW","floor":33,"turns":9},{"damage":0,"enemies":"Orb Walker","floor":36,"turns":3},{"damage":0,"enemies":"3 Darklings","floor":39,"turns":4},{"damage":5,"enemies":"Transient","floor":40,"turns":5},{"damage":0,"enemies":"Sphere and 2 Shapes","floor":43,"turns":2},{"damage":0,"enemies":"Sphere and 2 Shapes","floor":44,"turns":3},{"damage":0,"enemies":"downfall:FleeingMerchant","floor":46,"turns":4},{"damage":0,"enemies":"Jaw Worm Horde","floor":47,"turns":3},{"damage":22,"enemies":"Spire Growth","floor":48,"turns":5},{"damage":0,"enemies":"3 Darklings","floor":49,"turns":3},{"damage":113,"enemies":"IC_BLOCK_ARCHETYPE","floor":50,"turns":4}],"seed_played":"5697487711935602398","potions_obtained":[{"floor":6,"key":"EssenceOfSteel"},{"floor":13,"key":"hexamod:SoulburnPotion"},{"floor":14,"key":"LiquidBronze"},{"floor":19,"key":"Strength Potion"},{"floor":21,"key":"Doom Potion"},{"floor":21,"key":"LiquidBronze"},{"floor":22,"key":"Regen Potion"},{"floor":25,"key":"FearPotion"},{"floor":27,"key":"FearPotion"},{"floor":28,"key":"bronze:BurnAndBuffPotion"},{"floor":29,"key":"ColorlessPotion"},{"floor":31,"key":"FairyPotion"},{"floor":33,"key":"SkillPotion"},{"floor":36,"key":"Elixir"},{"floor":38,"key":"bronze:BurnAndBuffPotion"},{"floor":38,"key":"champ:CounterPotion"},{"floor":40,"key":"Ancient Potion"},{"floor":43,"key":"Energy Potion"},{"floor":44,"key":"Guardian:BlockOnCardUsePotion"},{"floor":48,"key":"construct:ShiftPotion"},{"floor":49,"key":"ColorlessPotion"}],"is_trial":false,"path_per_floor":["R","M","M","?","M","M","T","R","?","E","?","$","M","E","M","B",null,"R","M","?","?","M","R","T","M","M","$","M","M","E","M","M","B",null,"R","M","AVR","?","M","M","T","R","M","?","R","$","M","M","M","B"],"character_chosen":"THE_SPIRIT","items_purchased":["Pondfish Scales","Membership Card","aspiration:TomeofQuesting"],"campfire_rested":1,"item_purchase_floors":[27,46,46],"current_hp_per_floor":[70,70,70,70,70,55,55,55,55,50,43,38,33,12,10,13,70,70,65,65,37,37,58,58,63,63,67,69,65,56,51,51,16,70,70,70,70,56,56,56,56,66,66,66,66,66,66,49,49,0,0,0],"gold":319,"neow_bonus":"THREE_ENEMY_KILL","is_daily":false,"chose_seed":false,"campfire_upgraded":3,"win_rate":0.0,"timestamp":1613113252,"path_taken":["R","M","M","?","M","M","T","R","?","E","?","?","M","E","M","BOSS","R","M","?","?","M","R","T","?","M","$","M","M","E","?","M","BOSS","R","M","AVR","?","?","M","T","R","?","?","R","$","M","M","M","BOSS"],"items_purchased_type":["Relic","Relic","Relic"],"build_version":"2020-12-22","purchased_purges":0,"victory":false,"max_hp_per_floor":[70,70,70,70,70,70,70,70,70,70,70,70,70,70,70,70,70,70,70,70,70,70,70,70,70,70,70,70,70,70,70,70,70,70,70,70,70,70,70,70,70,80,80,80,80,80,80,80,80,80,80,80],"card_choices":[{"not_picked":["hexamod:GhostShield","hexamod:BacktrackSmack"],"picked":"hexamod:FastForward","floor":2},{"not_picked":["hexamod:HeatMetal","hexamod:Rewind"],"picked":"hexamod:ChargedBarrage","floor":3},{"not_picked":["hexamod:GhostShield","hexamod:HeatMetal"],"picked":"hexamod:GhostLash","floor":5},{"not_picked":["hexamod:GhostOfSpireFuture","hexamod:RetreatToShadows"],"picked":"hexamod:GhostLash","floor":6},{"not_picked":["hexamod:FirstSeal","hexamod:ThermalTransfer"],"picked":"hexamod:SwordOfDarkness","floor":10},{"not_picked":["hexamod:SecondSeal","hexamod:UnleashSpirits"],"picked":"hexamod:ExtraCrispy","floor":12},{"not_picked":["hexamod:InspiringFlames","hexamod:BurningTouch"],"picked":"hexamod:HauntingEcho","floor":13},{"not_picked":["hexamod:GhostLash","hexamod:FastForward"],"picked":"hexamod:ShieldOfDarkness","floor":14},{"not_picked":["hexamod:FastForward","hexamod:ThirdSeal"],"picked":"hexamod:NightmareGuise","floor":15},{"not_picked":["hexamod:HexaLevel","hexamod:GhostflameInferno"],"picked":"hexamod:VolcanoVisage","floor":16},{"not_picked":["hexamod:Haunt","hexamod:DynamicBlow"],"picked":"hexamod:ShieldOfDarkness+1","floor":19},{"not_picked":["hexamod:RainOfEmbers","hexamod:PhantomCloak"],"picked":"hexamod:BurningTouch","floor":21},{"not_picked":["hexamod:ThermalTransfer","hexamod:ExtraCrispy"],"picked":"hexamod:SpectersWail+1","floor":22},{"not_picked":["hexamod:BacktrackSmack","hexamod:NightmareStrike"],"picked":"hexamod:SkipABeat+1","floor":25},{"not_picked":["hexamod:NightmareStrike","hexamod:SwordOfDarkness"],"picked":"hexamod:NightmareGuise","floor":26},{"not_picked":["hexamod:SecondSeal","hexamod:GhostflameInferno"],"picked":"hexamod:Firestarter+1","floor":27},{"not_picked":["hexamod:ExtraCrispy","hexamod:ShieldOfDarkness"],"picked":"hexamod:Firestarter+1","floor":28},{"not_picked":["hexamod:StepThrough","hexamod:TimeWarp"],"picked":"hexamod:ThermalTransfer+1","floor":29},{"not_picked":["hexamod:Hexaguard+1","hexamod:RainOfEmbers"],"picked":"hexamod:FastForward+1","floor":30},{"not_picked":["hexamod:ThermalTransfer","hexamod:SwordOfDarkness"],"picked":"hexamod:HeatMetal","floor":31},{"not_picked":["hexamod:Again","hexamod:GhostflameBarrier"],"picked":"hexamod:Firestarter","floor":32},{"not_picked":["hexamod:WildfireWeapon","hexamod:FifthSeal"],"picked":"hexamod:TimeOfNeed","floor":33},{"not_picked":["hexamod:GhostOfSpireFuture","hexamod:FastForward"],"picked":"hexamod:InspiringFlames+1","floor":36},{"not_picked":["hexamod:GhostShield","hexamod:HeatShield"],"picked":"hexamod:EmpoweredFlame+1","floor":38},{"not_picked":["hexamod:NecessarySacrifice+1","hexamod:BurningTouch"],"picked":"hexamod:ShieldOfDarkness+1","floor":39},{"not_picked":["hexamod:ShieldOfDarkness","hexamod:PhantomCloak+1"],"picked":"hexamod:GhostShield","floor":40},{"not_picked":["hexamod:SwordOfDarkness","hexamod:NightmareStrike"],"picked":"hexamod:EtherealExpedition+1","floor":43},{"not_picked":["hexamod:GhostShield","hexamod:AdvancingGuard+1"],"picked":"hexamod:NightmareStrike+1","floor":44},{"not_picked":["hexamod:Incineration","hexamod:TurnItUp","hexamod:EtherealExpedition"],"picked":"SKIP","floor":46},{"not_picked":["hexamod:RecurringNightmare","hexamod:RadiantFlame+1"],"picked":"hexamod:ThermalTransfer+1","floor":47},{"not_picked":["hexamod:HeatCrush","hexamod:Firestarter"],"picked":"hexamod:ThermalTransfer+1","floor":48},{"not_picked":["hexamod:GhostLash","hexamod:PhantomCloak","hexamod:HeatMetal"],"picked":"SKIP","floor":49}],"player_experience":250419,"relics_obtained":[{"floor":7,"key":"Toy Ornithopter"},{"floor":10,"key":"Replay:Wax Seal"},{"floor":14,"key":"infinitespire:Satchel"},{"floor":21,"key":"White Beast Statue"},{"floor":24,"key":"Replay:Bandana"},{"floor":30,"key":"hubris:TenFootPole"},{"floor":38,"key":"Bag of Preparation"},{"floor":42,"key":"Replay:Rubber Ducky"},{"floor":45,"key":"Gremlin Horn"}],"event_choices":[{"damage_healed":0,"gold_gain":0,"player_choice":"Success","damage_taken":7,"relics_obtained":["ReplayTheSpireMod:TigerMarble"],"max_hp_gain":0,"max_hp_loss":0,"event_name":"Scrap Ooze","floor":11,"gold_loss":0}],"is_beta":false,"boss_relics":[{"not_picked":["hubris:BlackHole","hubris:HollowSoul"],"picked":"hubris:ScarierMask"},{"not_picked":["Astrolabe","Tiny House"],"picked":"Ring of Chaos"}],"items_purged_floors":[],"is_endless":false,"potions_floor_spawned":[6,13,14,19,22,25,26,27,28,29,30,31,32,33,36,39,40,43,44,46,47,48,49],"killed_by":"IC_BLOCK_ARCHETYPE","ascension_level":0}}