{"host":"9l1knhxfturzliqa","time":1613108436,"event":{"mods":["AchievementEnabler","BaseMod","Colored Map","Colored Powertips","DeckTracker","Highlight Path","Keyboard Shortcuts","Minty Spire (QoL Compilation)","Random Character Button"],"gold_per_floor":[110,130,0,75,128,161,161,188,188,188,203,203,203,213,213,308,308,321,23,34,34,34],"floor_reached":21,"language":"KOR","playtime":1323,"items_purged":[],"score":344,"play_id":"ee2a4df2-8ac5-4b91-a928-cfb8848589d5","local_time":"20210212144036","is_ascension_mode":true,"campfire_choices":[{"data":"Double Energy","floor":7.0,"key":"SMITH"},{"data":"Zap","floor":10.0,"key":"SMITH"},{"floor":15.0,"key":"REST"}],"circlet_count":0,"master_deck":["AscendersBane","Strike_B","Strike_B","Strike_B","Defend_B","Defend_B","Defend_B","Defend_B","Zap+1","Dualcast","Genetic Algorithm","Leap","Melter","Steam","Leap","Double Energy+1","Go for the Eyes","Steam","Storm","Hologram","Thunder Strike+1","Static Discharge","Ball Lightning+1"],"relics":["Cracked Core","NeowsBlessing","Tiny Chest","Mummified Hand","Molten Egg 2","Matryoshka"],"acts_visited":["Exordium","TheCity"],"potions_floor_usage":[20],"damage_taken":[{"damage":0.0,"enemies":"Cultist","floor":1.0,"turns":1.0},{"damage":0.0,"enemies":"Jaw Worm","floor":2.0,"turns":1.0},{"damage":0.0,"enemies":"Gremlin Nob","floor":6.0,"turns":1.0},{"damage":26.0,"enemies":"3 Sentries","floor":8.0,"turns":10.0},{"damage":2.0,"enemies":"2 Louse","floor":11.0,"turns":3.0},{"damage":0.0,"enemies":"Gremlin Nob","floor":12.0,"turns":1.0},{"damage":10.0,"enemies":"Gremlin Gang","floor":14.0,"turns":6.0},{"damage":34.0,"enemies":"The Guardian","floor":16.0,"turns":18.0},{"damage":13.0,"enemies":"3 Byrds","floor":18.0,"turns":7.0},{"damage":23,"enemies":"Chosen","floor":20,"turns":8},{"damage":29,"enemies":"Snake Plant","floor":21,"turns":5}],"seed_played":"8142832079771027192","potions_obtained":[{"floor":1.0,"key":"LiquidMemories"},{"floor":11.0,"key":"SmokeBomb"},{"floor":14.0,"key":"AttackPotion"}],"is_trial":false,"path_per_floor":["M","M","$","?","?","E","R","E","T","R","M","E","?","M","R","B",null,"M","$","M","M"],"character_chosen":"DEFECT","items_purchased":["Melter","Steam","Leap","Matryoshka","Block Potion"],"campfire_rested":1,"item_purchase_floors":[3,3,3,19,19],"current_hp_per_floor":[68,68,68,57,57,57,57,31,31,31,29,29,29,19,41,7,58,45,45,22,0,0],"gold":34,"neow_bonus":"THREE_ENEMY_KILL","is_daily":false,"chose_seed":false,"campfire_upgraded":2,"win_rate":0.0,"timestamp":1613108436,"path_taken":["M","M","$","?","?","E","R","E","T","R","M","E","?","M","R","BOSS","M","$","M","M"],"items_purchased_type":["Card","Card","Card","Relic","Potion"],"build_version":"2020-12-22","purchased_purges":0,"victory":false,"max_hp_per_floor":[75,75,75,75,75,75,75,75,75,75,75,75,75,75,75,75,75,75,75,75,75,75],"card_choices":[{"not_picked":["Sweeping Beam","Barrage"],"picked":"Genetic Algorithm","floor":1.0},{"not_picked":["Fusion","Compile Driver"],"picked":"Leap","floor":2.0},{"not_picked":["Heatsinks","Creative AI"],"picked":"Double Energy","floor":6.0},{"not_picked":["Rebound","Heatsinks"],"picked":"Go for the Eyes","floor":8.0},{"not_picked":["Cold Snap+1","Redo"],"picked":"Steam","floor":11.0},{"not_picked":["Self Repair","Auto Shields"],"picked":"Hologram","floor":14.0},{"not_picked":["Fission","Biased Cognition"],"picked":"Thunder Strike+1","floor":16.0},{"not_picked":["Steam","Barrage+1"],"picked":"Static Discharge","floor":18.0},{"not_picked":["Aggregate","Conserve Battery+1"],"picked":"Ball Lightning+1","floor":20}],"player_experience":682654,"relics_obtained":[{"floor":6.0,"key":"Tiny Chest"},{"floor":8.0,"key":"Mummified Hand"},{"floor":9.0,"key":"Molten Egg 2"}],"event_choices":[{"damage_healed":0.0,"max_hp_gain":0.0,"max_hp_loss":0.0,"gold_gain":75.0,"event_name":"World of Goop","player_choice":"Gather Gold","floor":4.0,"gold_loss":0.0,"damage_taken":11.0},{"damage_healed":0.0,"max_hp_gain":0.0,"max_hp_loss":0.0,"gold_gain":53.0,"event_name":"Golden Wing","player_choice":"Gained Gold","floor":5.0,"gold_loss":0.0,"damage_taken":0.0},{"damage_healed":0.0,"max_hp_gain":0.0,"max_hp_loss":0.0,"gold_gain":0.0,"cards_transformed":["Strike_B"],"event_name":"Transmorgrifier","player_choice":"Transformed","floor":13.0,"gold_loss":0.0,"damage_taken":0.0,"cards_obtained":["Storm"]}],"is_beta":false,"boss_relics":[{"not_picked":["Fusion Hammer","Runic Dome","Runic Pyramid"]}],"items_purged_floors":[],"is_endless":false,"potions_floor_spawned":[1,11,14],"killed_by":"Snake Plant","ascension_level":11}}