{"host":"8is2j71l4wmybkoi","time":1613138115,"event":{"mods":["AchievementEnabler","BaseMod","Colored Map","DeckTracker","Minty Spire (QoL Compilation)","Rare Cards Sparkle","Relic Stats","StSLib","SuperFastMode"],"gold_per_floor":[111,36,36,49,99,99,132,143,143,143,153,168,203,218,218,218,218],"floor_reached":16,"language":"KOR","playtime":419,"items_purged":["Strike_R"],"score":240,"play_id":"1ec360ae-232b-442f-b0f8-a262e24ddc0f","local_time":"20210212225515","is_ascension_mode":true,"campfire_choices":[{"data":"Seeing Red","floor":6,"key":"SMITH"},{"floor":10,"key":"DIG"},{"floor":15,"key":"DIG"}],"circlet_count":0,"master_deck":["AscendersBane","Strike_R","Strike_R","Strike_R","Strike_R","Defend_R","Defend_R","Defend_R","Defend_R+1","Bash","Seeing Red+1","Pommel Strike","Offering+1","Body Slam","Sword Boomerang","Second Wind","Shrug It Off"],"relics":["Burning Blood","NeowsBlessing","Shovel","Bottled Lightning","Thread and Needle","Art of War","War Paint"],"acts_visited":["Exordium"],"potions_floor_usage":[13,16,16],"damage_taken":[{"damage":0,"enemies":"Jaw Worm","floor":1,"turns":1},{"damage":0,"enemies":"2 Louse","floor":4,"turns":2},{"damage":0,"enemies":"Gremlin Nob","floor":7,"turns":1},{"damage":1,"enemies":"Cultist","floor":8,"turns":3},{"damage":6,"enemies":"Looter","floor":11,"turns":3},{"damage":10,"enemies":"Blue Slaver","floor":12,"turns":3},{"damage":24,"enemies":"Lagavulin","floor":13,"turns":4},{"damage":7,"enemies":"2 Fungi Beasts","floor":14,"turns":3},{"damage":61,"enemies":"The Guardian","floor":16,"turns":12}],"seed_played":"-7782654240528881408","potions_obtained":[{"floor":1,"key":"ElixirPotion"},{"floor":4,"key":"Strength Potion"},{"floor":12,"key":"Regen Potion"},{"floor":13,"key":"Fruit Juice"}],"is_trial":false,"path_per_floor":["M","$","?","M","?","R","E","M","T","R","M","M","E","M","R","B"],"character_chosen":"IRONCLAD","items_purchased":[],"campfire_rested":0,"item_purchase_floors":[],"current_hp_per_floor":[74,74,74,75,75,75,75,75,75,75,75,71,53,52,52,11,11],"gold":218,"neow_bonus":"THREE_ENEMY_KILL","is_daily":false,"chose_seed":false,"campfire_upgraded":1,"win_rate":0.0,"timestamp":1613138115,"path_taken":["M","$","?","M","?","R","E","?","T","R","M","M","E","M","R","BOSS"],"items_purchased_type":[],"build_version":"2020-12-22","purchased_purges":1,"victory":false,"max_hp_per_floor":[75,75,75,75,75,75,75,75,75,75,75,75,75,75,75,80,80],"relic_stats":{"Shovel":2,"counters":[9,32],"Art of War":[0],"War Paint":["Defend_R","Offering"],"obtain_stats":[{"Shovel":7,"NeowsBlessing":0,"Thread and Needle":10,"Art of War":13,"Bottled Lightning":9,"War Paint":15,"Burning Blood":0},{"Shovel":3,"NeowsBlessing":0,"Thread and Needle":4,"Art of War":7,"Bottled Lightning":4,"War Paint":8,"Burning Blood":0},{"Shovel":4,"NeowsBlessing":0,"Thread and Needle":7,"Art of War":17,"Bottled Lightning":7,"War Paint":20,"Burning Blood":0}],"Burning Blood":32},"card_choices":[{"not_picked":["Thunderclap","Entrench"],"picked":"Seeing Red","floor":1},{"not_picked":["Shrug It Off","Metallicize"],"picked":"Pommel Strike","floor":4},{"not_picked":["Combust","Flex"],"picked":"Offering","floor":7},{"not_picked":["Clothesline","Cleave"],"picked":"Body Slam","floor":8},{"not_picked":["Thunderclap","Cleave"],"picked":"Sword Boomerang","floor":11},{"not_picked":["Cleave","Warcry"],"picked":"Second Wind","floor":12},{"not_picked":["Dropkick","Havoc","Brutality"],"picked":"SKIP","floor":13},{"not_picked":["Dropkick","Havoc","Brutality"],"picked":"SKIP","floor":13},{"not_picked":["Iron Wave","True Grit"],"picked":"Shrug It Off","floor":14}],"player_experience":1161214,"relics_obtained":[{"floor":7,"key":"Shovel"},{"floor":9,"key":"Bottled Lightning"},{"floor":10,"key":"Thread and Needle"},{"floor":13,"key":"Art of War"},{"floor":15,"key":"War Paint"}],"event_choices":[{"damage_healed":0,"gold_gain":0,"player_choice":"Ignored","damage_taken":0,"max_hp_gain":0,"max_hp_loss":0,"event_name":"Liars Game","floor":3,"gold_loss":0},{"damage_healed":0,"gold_gain":50,"player_choice":"Pray","damage_taken":0,"max_hp_gain":0,"max_hp_loss":0,"event_name":"Golden Shrine","floor":5,"gold_loss":0}],"is_beta":false,"boss_relics":[],"items_purged_floors":[2],"is_endless":false,"potions_floor_spawned":[1,4,12,13],"killed_by":"The Guardian","ascension_level":15}}