{"host":"bgyhjzqafgkxdxsh","time":1613101479,"event":{"mods":["BaseMod","Colored Map","Minty Spire (QoL Compilation)","Relic Stats","StSLib","everything is the same but u backflip on backflip"],"gold_per_floor":[212,212,287,58,58,96,96,61,61,80,80,111,135,156,156,156,156],"floor_reached":16,"language":"ENG","playtime":726,"items_purged":[],"score":184,"play_id":"b0748120-fc6b-4e7e-9f98-50e4f5631e32","local_time":"20210212134439","is_ascension_mode":true,"campfire_choices":[{"floor":7,"key":"REST"},{"data":"Neutralize","floor":11,"key":"SMITH"},{"floor":15,"key":"REST"}],"circlet_count":0,"master_deck":["AscendersBane","Strike_G","Strike_G","Strike_G","Strike_G","Strike_G+1","Defend_G","Defend_G","Defend_G","Defend_G","Defend_G","Survivor","Neutralize+1","Blade Dance+1","Venomology","Cloak And Dagger","Deflect","Blur","Backflip"],"relics":["Ring of the Snake","TwistedFunnel","Golden Idol","Gremlin Horn","Ice Cream","Torii"],"acts_visited":["Exordium"],"potions_floor_usage":[6,12,12,13,14,14,16,16],"damage_taken":[{"damage":0,"enemies":"2 Louse","floor":1,"turns":3},{"damage":21,"enemies":"3 Sentries","floor":6,"turns":14},{"damage":11,"enemies":"Small Slimes","floor":10,"turns":3},{"damage":29,"enemies":"Lagavulin","floor":12,"turns":9},{"damage":0,"enemies":"Jaw Worm","floor":13,"turns":2},{"damage":1,"enemies":"Large Slime","floor":14,"turns":5},{"damage":24,"enemies":"Slime Boss","floor":16,"turns":6}],"seed_played":"-3865442671154599936","potions_obtained":[{"floor":6,"key":"GhostInAJar"},{"floor":13,"key":"Weak Potion"},{"floor":14,"key":"Fire Potion"}],"is_trial":false,"path_per_floor":["M","?","?","$","?","E","R","?","T","M","R","E","M","M","R","B"],"character_chosen":"THE_SILENT","items_purchased":["TwistedFunnel","Venomology"],"campfire_rested":2,"item_purchase_floors":[4,4],"current_hp_per_floor":[59,46,35,35,35,14,32,47,47,36,36,7,7,6,24,0,0],"gold":156,"neow_bonus":"HUNDRED_GOLD","is_daily":false,"chose_seed":false,"campfire_upgraded":1,"win_rate":0.0,"timestamp":1613101479,"path_taken":["M","?","?","$","?","E","R","?","T","M","R","E","?","M","R","BOSS"],"items_purchased_type":["Relic","Card"],"build_version":"2020-12-22","purchased_purges":0,"victory":false,"max_hp_per_floor":[66,66,66,66,61,61,61,61,61,61,61,61,61,61,61,61,61],"relic_stats":{"Gremlin Horn":[2,2],"Torii":5,"counters":[7,42],"Golden Idol":27,"obtain_stats":[{"TwistedFunnel":4,"Ice Cream":9,"Gremlin Horn":6,"Torii":12,"Golden Idol":5,"Ring of the Snake":0},{"TwistedFunnel":1,"Ice Cream":2,"Gremlin Horn":2,"Torii":4,"Golden Idol":1,"Ring of the Snake":0},{"TwistedFunnel":3,"Ice Cream":17,"Gremlin Horn":17,"Torii":29,"Golden Idol":3,"Ring of the Snake":0}],"Ring of the Snake":[14]},"card_choices":[{"not_picked":["Flying Knee","Sucker Punch"],"picked":"Blade Dance","floor":1},{"not_picked":["Flechettes","Acrobatics"],"picked":"Cloak And Dagger","floor":6},{"not_picked":["Slice","Choke"],"picked":"Deflect","floor":10},{"not_picked":["Cloak And Dagger","Well Laid Plans"],"picked":"Blur","floor":12},{"not_picked":["Acrobatics","Concentrate"],"picked":"Backflip","floor":13},{"not_picked":["PiercingWail","Dash","Heel Hook"],"picked":"SKIP","floor":14}],"player_experience":503532,"relics_obtained":[{"floor":6,"key":"Gremlin Horn"},{"floor":9,"key":"Ice Cream"},{"floor":12,"key":"Torii"}],"event_choices":[{"damage_healed":0,"gold_gain":0,"player_choice":"Entered Light","damage_taken":13,"max_hp_gain":0,"max_hp_loss":0,"event_name":"Shining Light","floor":2,"gold_loss":0,"cards_upgraded":["Blade Dance","Strike_G"]},{"damage_healed":0,"gold_gain":75,"player_choice":"Gather Gold","damage_taken":11,"max_hp_gain":0,"max_hp_loss":0,"event_name":"World of Goop","floor":3,"gold_loss":0},{"damage_healed":0,"gold_gain":0,"player_choice":"Lose Max HP","damage_taken":0,"relics_obtained":["Golden Idol"],"max_hp_gain":0,"max_hp_loss":5,"event_name":"Golden Idol","floor":5,"gold_loss":0},{"damage_healed":15,"gold_gain":0,"player_choice":"Healed","damage_taken":0,"max_hp_gain":0,"max_hp_loss":0,"event_name":"The Cleric","floor":8,"gold_loss":35}],"is_beta":false,"boss_relics":[],"items_purged_floors":[],"is_endless":false,"potions_floor_spawned":[6,13,14],"killed_by":"Slime Boss","ascension_level":14}}