{"host":"x7xd4wkamhrqrrvw","time":1613173203,"event":{"mods":["AchievementEnabler","BaseMod","Minty Spire (QoL Compilation)","Relic Stats","StSLib"],"gold_per_floor":[366,0,12,12,12,12,22,22,48,83,83,100,115,132,132,132,132],"floor_reached":16,"language":"ENG","playtime":526,"items_purged":["Parasite"],"score":184,"play_id":"e45b681a-df46-4ed1-8bb4-1a9fc8abf27a","local_time":"20210212214003","is_ascension_mode":true,"campfire_choices":[{"data":"Noxious Fumes","floor":6,"key":"SMITH"},{"data":"Dash","floor":8,"key":"SMITH"},{"data":"Crippling Poison","floor":11,"key":"SMITH"},{"floor":15,"key":"REST"}],"circlet_count":0,"master_deck":["AscendersBane","Strike_G","Strike_G","Strike_G","Strike_G","Defend_G","Defend_G","Defend_G","Defend_G","Defend_G","Survivor","Neutralize","Dash+1","Noxious Fumes+1","Thinking Ahead","Bullet Time","Crippling Poison+1","Footwork","Deadly Poison","Catalyst"],"relics":["Ring of the Snake","Darkstone Periapt","Strawberry","Question Card"],"acts_visited":["Exordium"],"potions_floor_usage":[16],"damage_taken":[{"damage":0,"enemies":"2 Louse","floor":1,"turns":6},{"damage":0,"enemies":"Jaw Worm","floor":3,"turns":5},{"damage":5,"enemies":"Cultist","floor":7,"turns":4},{"damage":28,"enemies":"Gremlin Nob","floor":10,"turns":5},{"damage":0,"enemies":"Red Slaver","floor":12,"turns":3},{"damage":11,"enemies":"Large Slime","floor":13,"turns":7},{"damage":0,"enemies":"2 Fungi Beasts","floor":14,"turns":2},{"damage":37,"enemies":"Slime Boss","floor":16,"turns":5}],"seed_played":"-3411575069090978808","potions_obtained":[{"floor":1,"key":"Weak Potion"},{"floor":13,"key":"Poison Potion"},{"floor":14,"key":"SmokeBomb"}],"is_trial":false,"path_per_floor":["M","$","M","?","?","R","M","R","T","E","R","M","M","M","R","B"],"character_chosen":"THE_SILENT","items_purchased":["Noxious Fumes","Thinking Ahead"],"campfire_rested":1,"item_purchase_floors":[2,2],"current_hp_per_floor":[59,59,59,52,52,52,47,47,54,26,26,26,15,15,36,0,0],"gold":132,"neow_bonus":"TWO_FIFTY_GOLD","is_daily":false,"chose_seed":false,"campfire_upgraded":3,"win_rate":0.0,"timestamp":1613173203,"path_taken":["M","$","M","?","?","R","M","R","T","E","R","M","?","M","R","BOSS"],"items_purchased_type":["Card","Card"],"build_version":"2020-12-22","purchased_purges":1,"victory":false,"max_hp_per_floor":[66,63,63,63,63,63,63,63,70,70,70,70,70,70,70,70,70],"relic_stats":{"Darkstone Periapt":0,"counters":[8,37],"Question Card":3,"obtain_stats":[{"Darkstone Periapt":5,"Strawberry":9,"Question Card":10,"Ring of the Snake":0},{"Darkstone Periapt":2,"Strawberry":3,"Question Card":4,"Ring of the Snake":0},{"Darkstone Periapt":11,"Strawberry":15,"Question Card":20,"Ring of the Snake":0}],"Ring of the Snake":[16]},"card_choices":[{"not_picked":["Eviscerate","Backflip"],"picked":"Dash","floor":1},{"not_picked":["Dagger Throw","Deadly Poison"],"picked":"Bullet Time","floor":3},{"not_picked":["Tactician","Dodge and Roll","Flying Knee"],"picked":"SKIP","floor":7},{"not_picked":["Sucker Punch","Slice"],"picked":"Crippling Poison","floor":10},{"not_picked":["Finisher","Poisoned Stab","Quick Slash"],"picked":"Footwork","floor":12},{"not_picked":["Terror","Well Laid Plans","Riddle With Holes"],"picked":"Deadly Poison","floor":13},{"not_picked":["Quick Slash","Deflect","Dagger Spray"],"picked":"Catalyst","floor":14}],"player_experience":460438,"relics_obtained":[{"floor":9,"key":"Strawberry"},{"floor":10,"key":"Question Card"}],"event_choices":[{"cards_removed":["Strike_G"],"damage_healed":0,"gold_gain":0,"player_choice":"Card Removal","damage_taken":7,"max_hp_gain":0,"max_hp_loss":0,"event_name":"Golden Wing","floor":4,"gold_loss":0},{"damage_healed":0,"gold_gain":0,"player_choice":"Gave Potion","damage_taken":0,"relics_obtained":["Darkstone Periapt"],"max_hp_gain":0,"max_hp_loss":0,"event_name":"WeMeetAgain","floor":5,"gold_loss":0}],"is_beta":false,"boss_relics":[],"items_purged_floors":[2],"is_endless":false,"potions_floor_spawned":[1,13,14],"killed_by":"Slime Boss","ascension_level":16}}