{"host":"Jedit","time":1613153937,"event":{"mods":["BaseMod","Minty Spire (QoL Compilation)","Relic Stats","StSLib"],"gold_per_floor":[117,132,132,3,3,3,29,49,49,49,49,60,60,94,94,170,220,240,251,251,176,195,195,195,195],"floor_reached":24,"language":"ENG","playtime":1047,"items_purged":[],"score":408,"play_id":"8ac807ec-75b5-41fd-a014-b670cf248b73","local_time":"20210212181857","is_ascension_mode":true,"campfire_choices":[{"data":"Noxious Fumes","floor":6.0,"key":"SMITH"},{"data":"Neutralize","floor":10.0,"key":"SMITH"},{"data":"Catalyst","floor":15.0,"key":"SMITH"},{"floor":23,"key":"REST"}],"circlet_count":0,"master_deck":["AscendersBane","Strike_G","Strike_G","Strike_G+1","Strike_G","Defend_G","Defend_G","Defend_G","Defend_G","Defend_G","Survivor","Neutralize+1","Eviscerate","Deadly Poison","Noxious Fumes+1","Acrobatics","Footwork","Dagger Throw","Catalyst+1","Unload","Adrenaline","Footwork","Blade Dance+1","Prepared+1","Accuracy+1"],"relics":["Ring of the Snake","Pen Nib","Blue Candle","Kunai","Pantograph","Nunchaku","Tiny House"],"acts_visited":["Exordium","TheCity"],"potions_floor_usage":[18,22],"damage_taken":[{"damage":0.0,"enemies":"Cultist","floor":1.0,"turns":5.0},{"damage":0.0,"enemies":"2 Louse","floor":2.0,"turns":3.0},{"damage":21.0,"enemies":"3 Sentries","floor":7.0,"turns":7.0},{"damage":0.0,"enemies":"Jaw Worm","floor":8.0,"turns":5.0},{"damage":4.0,"enemies":"Blue Slaver","floor":12.0,"turns":5.0},{"damage":38.0,"enemies":"Gremlin Nob","floor":14.0,"turns":5.0},{"damage":22,"enemies":"The Guardian","floor":16,"turns":8},{"damage":18,"enemies":"2 Thieves","floor":18,"turns":3},{"damage":10,"enemies":"Shell Parasite","floor":19,"turns":6},{"damage":38,"enemies":"Cultist and Chosen","floor":22,"turns":5},{"damage":11,"enemies":"Book of Stabbing","floor":24,"turns":2}],"seed_played":"-6453005963704805717","potions_obtained":[{"floor":2.0,"key":"SpeedPotion"},{"floor":8.0,"key":"PowerPotion"},{"floor":17,"key":"Energy Potion"},{"floor":19,"key":"Block Potion"},{"floor":22,"key":"Fire Potion"}],"is_trial":false,"path_per_floor":["M","M","?","$","?","R","E","M","T","R","$","M","T","E","R","B",null,"M","M","?","?","M","R","E"],"character_chosen":"THE_SILENT","items_purchased":["Noxious Fumes","Acrobatics"],"campfire_rested":1,"item_purchase_floors":[4,4],"current_hp_per_floor":[59,59,59,59,64,64,43,43,43,43,43,39,39,1,1,4,59,41,31,46,46,8,30,19,19],"gold":195,"neow_bonus":"RANDOM_COMMON_RELIC","is_daily":false,"chose_seed":false,"campfire_upgraded":3,"win_rate":0.0,"timestamp":1613153937,"path_taken":["M","M","?","$","?","R","E","M","T","R","?","M","?","E","R","BOSS","M","M","?","?","M","R","E"],"items_purchased_type":["Card","Card"],"build_version":"2020-12-18","purchased_purges":0,"victory":false,"max_hp_per_floor":[66,66,66,66,71,71,71,71,71,71,71,71,71,71,71,71,76,76,76,76,76,76,76,76,76],"relic_stats":{"Nunchaku":[4],"counters":[11,54],"Blue Candle":[0],"Pantograph":25,"Pen Nib":[7],"Kunai":[7],"obtain_stats":[{"Nunchaku":14,"Tiny House":17,"Blue Candle":7,"Pantograph":13,"Pen Nib":0,"Kunai":9,"Ring of the Snake":0},{"Nunchaku":6,"Tiny House":7,"Blue Candle":3,"Pantograph":5,"Pen Nib":0,"Kunai":4,"Ring of the Snake":0},{"Nunchaku":30,"Tiny House":38,"Blue Candle":15,"Pantograph":25,"Pen Nib":0,"Kunai":20,"Ring of the Snake":0}],"Ring of the Snake":[22]},"card_choices":[{"not_picked":["Cloak And Dagger","Bane"],"picked":"Eviscerate","floor":1.0},{"not_picked":["Outmaneuver","Sucker Punch"],"picked":"Deadly Poison","floor":2.0},{"not_picked":["PiercingWail","Tactician"],"picked":"Footwork","floor":7.0},{"not_picked":["Concentrate","Crippling Poison"],"picked":"Dagger Throw","floor":8.0},{"not_picked":["Tactician","Dagger Spray"],"picked":"Catalyst","floor":12.0},{"not_picked":["Underhanded Strike","A Thousand Cuts"],"picked":"Unload","floor":14.0},{"not_picked":["Die Die Die","Burst"],"picked":"Adrenaline","floor":16},{"not_picked":["Setup","Dagger Spray"],"picked":"Footwork","floor":17},{"not_picked":["Dagger Throw","Leg Sweep"],"picked":"Blade Dance+1","floor":18},{"not_picked":["Underhanded Strike","Heel Hook"],"picked":"Prepared+1","floor":19},{"not_picked":["Skewer","Blade Dance+1"],"picked":"Accuracy+1","floor":22}],"player_experience":3479890,"relics_obtained":[{"floor":7.0,"key":"Blue Candle"},{"floor":9.0,"key":"Kunai"},{"floor":13.0,"key":"Pantograph"},{"floor":14.0,"key":"Nunchaku"}],"event_choices":[{"damage_healed":0.0,"max_hp_gain":0.0,"max_hp_loss":0.0,"gold_gain":0.0,"event_name":"The Cleric","player_choice":"Leave","floor":3.0,"gold_loss":0.0,"damage_taken":0.0},{"damage_healed":0.0,"max_hp_gain":5.0,"max_hp_loss":0.0,"gold_gain":0.0,"event_name":"Big Fish","player_choice":"Donut","floor":5.0,"gold_loss":0.0,"damage_taken":0.0},{"damage_healed":15,"gold_gain":0,"player_choice":"Heal","damage_taken":0,"max_hp_gain":0,"max_hp_loss":0,"event_name":"The Library","floor":20,"gold_loss":0},{"cards_removed":["Strike_G"],"damage_healed":0,"gold_gain":0,"player_choice":"Gave Gold","damage_taken":0,"max_hp_gain":0,"max_hp_loss":0,"event_name":"Beggar","floor":21,"gold_loss":75}],"is_beta":true,"boss_relics":[{"not_picked":["WristBlade","Sozu"],"picked":"Tiny House"}],"items_purged_floors":[],"is_endless":false,"potions_floor_spawned":[2,8,19,22],"killed_by":"Book of Stabbing","ascension_level":20}}