{"host":"mi0eibewekhugwl1","time":1613138132,"event":{"mods":["AchievementEnabler","BaseMod","Colored Map","Colored Powertips","DeckTracker","Keyboard Shortcuts","Minty Spire (QoL Compilation)","Quick Restart","Rare Cards Sparkle","Relic Stats","StSLib","SuperFastMode","everything is the same but u backflip on backflip"],"gold_per_floor":[17,17,33,43,43,43,43,8,8,22,35,35,54,65,65,139,139,157,176,101,26,26,54,54,54,54],"floor_reached":25,"language":"KOR","playtime":348,"items_purged":["Defend_P"],"score":526,"play_id":"28033e98-235c-4e3f-8d6d-fd7e07663ef2","local_time":"20210212225532","is_ascension_mode":true,"campfire_choices":[{"data":"Eruption","floor":7,"key":"SMITH"},{"data":"CrushJoints","floor":12,"key":"SMITH"},{"data":"WindmillStrike","floor":15,"key":"SMITH"},{"floor":24,"key":"REST"}],"circlet_count":0,"master_deck":["AscendersBane","Strike_P","Strike_P","Defend_P+1","Defend_P","Eruption+1","Vigilance","EmptyFist+1","CrushJoints+1","WindmillStrike+1","LessonLearned+1","Judgement","FlurryOfBlows","FlurryOfBlows+1"],"relics":["PureWater","Kunai","VioletLotus","MutagenicStrength","Turnip"],"acts_visited":["Exordium","TheCity"],"potions_floor_usage":[18,23],"damage_taken":[{"damage":2,"enemies":"Jaw Worm","floor":1,"turns":3},{"damage":2,"enemies":"2 Louse","floor":3,"turns":3},{"damage":3,"enemies":"Small Slimes","floor":4,"turns":4},{"damage":0,"enemies":"3 Louse","floor":10,"turns":2},{"damage":14,"enemies":"Exordium Wildlife","floor":11,"turns":4},{"damage":9,"enemies":"Exordium Thugs","floor":13,"turns":4},{"damage":0,"enemies":"Blue Slaver","floor":14,"turns":1},{"damage":0,"enemies":"Slime Boss","floor":16,"turns":5},{"damage":14,"enemies":"2 Thieves","floor":18,"turns":2},{"damage":16,"enemies":"3 Byrds","floor":19,"turns":4},{"damage":18,"enemies":"Slavers","floor":23,"turns":4},{"damage":31,"enemies":"Snake Plant","floor":25,"turns":3}],"seed_played":"8345587941280631262","potions_obtained":[{"floor":3,"key":"Swift Potion"},{"floor":11,"key":"SkillPotion"}],"is_trial":false,"path_per_floor":["M","$","M","M","?","?","R","?","T","M","M","R","M","M","R","B",null,"M","M","?","$","?","E","R","M"],"character_chosen":"WATCHER","items_purchased":[],"campfire_rested":1,"item_purchase_floors":[],"current_hp_per_floor":[59,59,57,54,54,34,34,51,51,51,37,37,28,28,28,28,58,44,28,28,28,28,10,30,0,0],"gold":54,"neow_bonus":"REMOVE_TWO","is_daily":false,"chose_seed":false,"campfire_upgraded":3,"win_rate":0.0,"timestamp":1613138132,"path_taken":["M","$","M","M","?","?","R","?","T","M","M","R","M","M","R","BOSS","M","M","?","$","?","E","R","M"],"items_purchased_type":[],"build_version":"2020-12-22","purchased_purges":1,"victory":false,"max_hp_per_floor":[68,68,68,68,68,68,68,68,68,68,68,68,68,68,68,68,68,68,68,68,68,68,68,68,68,68],"relic_stats":{"counters":[12,39],"VioletLotus":[4],"Turnip":[2],"Kunai":[16],"obtain_stats":[{"MutagenicStrength":22,"VioletLotus":17,"Turnip":23,"Kunai":9,"PureWater":0},{"MutagenicStrength":10,"VioletLotus":8,"Turnip":11,"Kunai":3,"PureWater":0},{"MutagenicStrength":32,"VioletLotus":26,"Turnip":36,"Kunai":10,"PureWater":0}]},"card_choices":[{"not_picked":["FlyingSleeves","Halt"],"picked":"EmptyFist","floor":1},{"not_picked":["FollowUp","BowlingBash"],"picked":"CrushJoints","floor":3},{"not_picked":["JustLucky","ClearTheMind"],"picked":"WindmillStrike","floor":4},{"not_picked":["ClearTheMind","CarveReality","Pray"],"picked":"SKIP","floor":10},{"not_picked":["ClearTheMind","CrushJoints","Nirvana"],"picked":"SKIP","floor":11},{"not_picked":["Fasting2","PathToVictory"],"picked":"LessonLearned","floor":13},{"not_picked":["SignatureMove","CrushJoints","BowlingBash"],"picked":"SKIP","floor":14},{"not_picked":["Devotion","SpiritShield"],"picked":"Judgement","floor":16},{"not_picked":["Wallop+1","Wireheading"],"picked":"FlurryOfBlows","floor":18},{"not_picked":["EmptyBody","CutThroughFate"],"picked":"FlurryOfBlows+1","floor":19},{"not_picked":["Halt","SashWhip+1","ForeignInfluence"],"picked":"SKIP","floor":23}],"player_experience":1803773,"relics_obtained":[{"floor":9,"key":"Kunai"},{"floor":23,"key":"Turnip"}],"event_choices":[{"damage_healed":0,"gold_gain":0,"player_choice":"Ignored","damage_taken":0,"max_hp_gain":0,"max_hp_loss":0,"event_name":"Liars Game","floor":5,"gold_loss":0},{"damage_healed":0,"gold_gain":0,"player_choice":"Entered Light","damage_taken":20,"max_hp_gain":0,"max_hp_loss":0,"event_name":"Shining Light","floor":6,"gold_loss":0,"cards_upgraded":["Defend_P","EmptyFist"]},{"damage_healed":17,"gold_gain":0,"player_choice":"Healed","damage_taken":0,"max_hp_gain":0,"max_hp_loss":0,"event_name":"The Cleric","floor":8,"gold_loss":35},{"cards_removed":["Strike_P"],"damage_healed":0,"gold_gain":0,"player_choice":"Gave Gold","damage_taken":0,"max_hp_gain":0,"max_hp_loss":0,"event_name":"Beggar","floor":20,"gold_loss":75},{"damage_healed":0,"gold_gain":0,"player_choice":"Inject Mutagens","damage_taken":0,"relics_obtained":["MutagenicStrength"],"max_hp_gain":0,"max_hp_loss":0,"event_name":"Drug Dealer","floor":22,"gold_loss":0}],"is_beta":false,"boss_relics":[{"not_picked":["Cursed Key","Sozu"],"picked":"VioletLotus"}],"items_purged_floors":[21],"is_endless":false,"potions_floor_spawned":[3,11,14],"killed_by":"Snake Plant","ascension_level":20}}