{"host":"u8f6oqzdc7r6igag","time":1613171937,"event":{"mods":["BaseMod","Minty Spire (QoL Compilation)","Relic Stats"],"gold_per_floor":[113,113,128,140,151,151,186,186,261,276,286,296,316,28,28,28,28],"floor_reached":16,"language":"ENG","playtime":1932,"items_purged":["Strike_R"],"score":143,"play_id":"b1e6fa78-6b52-44ea-bb8a-dec62c1697be","local_time":"20210212171857","is_ascension_mode":true,"campfire_choices":[{"data":"Armaments","floor":6,"key":"SMITH"},{"floor":15,"key":"REST"}],"circlet_count":0,"master_deck":["Strike_R","Strike_R","Strike_R","Strike_R","Defend_R","Defend_R","Defend_R","Defend_R","Bash","Pommel Strike","Pummel+1","Armaments+1","Shockwave","Twin Strike","Evolve","Spot Weakness","Inflame","Immolate"],"relics":["Philosopher\u0027s Stone","Turnip","Bronze Scales","Shuriken"],"acts_visited":["Exordium"],"potions_floor_usage":[7,13,13],"damage_taken":[{"damage":2,"enemies":"Cultist","floor":1,"turns":3},{"damage":3,"enemies":"Jaw Worm","floor":3,"turns":3},{"damage":0,"enemies":"Small Slimes","floor":4,"turns":2},{"damage":4,"enemies":"Looter","floor":5,"turns":3},{"damage":22,"enemies":"3 Sentries","floor":7,"turns":5},{"damage":0,"enemies":"Large Slime","floor":10,"turns":5},{"damage":2,"enemies":"Blue Slaver","floor":11,"turns":4},{"damage":12,"enemies":"2 Fungi Beasts","floor":12,"turns":3},{"damage":14,"enemies":"Gremlin Gang","floor":13,"turns":3},{"damage":30,"enemies":"The Guardian","floor":16,"turns":5}],"seed_played":"-2517629257254577689","potions_obtained":[{"floor":3,"key":"AttackPotion"},{"floor":7,"key":"SteroidPotion"},{"floor":10,"key":"Dexterity Potion"}],"is_trial":false,"path_per_floor":["M","?","M","M","M","R","E","?","T","M","M","M","M","$","R","B"],"character_chosen":"IRONCLAD","items_purchased":["Inflame","Immolate"],"campfire_rested":1,"item_purchase_floors":[14,14],"current_hp_per_floor":[70,63,60,60,56,56,34,34,34,34,32,20,6,6,30,0,0],"gold":28,"neow_bonus":"BOSS_RELIC","is_daily":false,"chose_seed":false,"campfire_upgraded":1,"win_rate":0.0,"timestamp":1613171937,"path_taken":["M","?","M","M","M","R","E","?","T","M","?","M","M","$","R","BOSS"],"items_purchased_type":["Card","Card"],"build_version":"2020-12-22","purchased_purges":1,"victory":false,"max_hp_per_floor":[80,80,80,80,80,80,80,80,80,80,80,80,80,80,80,80,80],"relic_stats":{"counters":[10,36],"Shuriken":[4],"Bronze Scales":[33],"Turnip":[7],"obtain_stats":[{"Shuriken":9,"Bronze Scales":7,"Philosopher\u0027s Stone":0,"Turnip":2,"Burning Blood":0},{"Shuriken":5,"Bronze Scales":5,"Philosopher\u0027s Stone":0,"Turnip":1,"Burning Blood":0},{"Shuriken":16,"Bronze Scales":16,"Philosopher\u0027s Stone":0,"Turnip":3,"Burning Blood":0}]},"card_choices":[{"not_picked":["Thunderclap","Dark Embrace"],"picked":"Pommel Strike","floor":1},{"not_picked":["Twin Strike","Headbutt"],"picked":"Pummel","floor":3},{"not_picked":["Pommel Strike","Uppercut"],"picked":"Armaments","floor":4},{"not_picked":["Perfected Strike","Pommel Strike"],"picked":"Shockwave","floor":5},{"not_picked":["Combust","Wild Strike"],"picked":"Twin Strike","floor":7},{"not_picked":["Entrench","Intimidate"],"picked":"Evolve","floor":10},{"not_picked":["Evolve","Body Slam"],"picked":"Spot Weakness","floor":11},{"not_picked":["Intimidate","Sword Boomerang","Hemokinesis"],"picked":"SKIP","floor":12},{"not_picked":["Seeing Red","Sword Boomerang","Wild Strike"],"picked":"SKIP","floor":13}],"player_experience":179492,"relics_obtained":[{"floor":7,"key":"Bronze Scales"},{"floor":9,"key":"Shuriken"}],"event_choices":[{"damage_healed":0,"gold_gain":0,"player_choice":"Success","damage_taken":7,"relics_obtained":["Turnip"],"max_hp_gain":0,"max_hp_loss":0,"event_name":"Scrap Ooze","floor":2,"gold_loss":0},{"damage_healed":0,"gold_gain":0,"player_choice":"Forge","damage_taken":0,"max_hp_gain":0,"max_hp_loss":0,"event_name":"Accursed Blacksmith","floor":8,"gold_loss":0,"cards_upgraded":["Pummel"]}],"is_beta":false,"boss_relics":[],"items_purged_floors":[14],"is_endless":false,"potions_floor_spawned":[3,7,10],"killed_by":"The Guardian","ascension_level":7}}