{"host":"iphsb0ccnjx0pfn6","time":1613105707,"event":{"mods":["2.2 Compatiblity","AchievementEnabler","BaseMod","Colored Map","DeckTracker","Keyboard Shortcuts","Minty Spire (QoL Compilation)","Permanent Neow","Quick Restart","Relic Stats","StSLib","SuperFastMode","Uncapped","everything is the same but u backflip on backflip"],"gold_per_floor":[18,18,18,35,53,53,63,63,63,75,75,87,118,136,136,209,209,228,242,167,167,182,182,182],"floor_reached":23,"language":"KOR","playtime":638,"items_purged":["Strike_P"],"score":440,"play_id":"41418dc4-b0ae-4058-8643-beee52c832e8","local_time":"20210212135507","is_ascension_mode":true,"campfire_choices":[{"data":"Eruption","floor":6.0,"key":"SMITH"},{"data":"Scrawl","floor":8.0,"key":"SMITH"},{"data":"MentalFortress","floor":11.0,"key":"SMITH"},{"data":"Omniscience","floor":15.0,"key":"SMITH"}],"circlet_count":0,"master_deck":["AscendersBane","Strike_P","Defend_P","Defend_P","Defend_P","Eruption+1","Vigilance","BattleHymn","Scrawl+1","ThirdEye","SpiritShield","MentalFortress+1","EmptyFist","Omniscience+1","MasterReality","TalkToTheHand"],"relics":["PureWater","Blood Vial","Bottled Tornado","Cursed Key","Boot"],"acts_visited":["Exordium","TheCity"],"potions_floor_usage":[23],"damage_taken":[{"damage":5.0,"enemies":"2 Louse","floor":1.0,"turns":3.0},{"damage":2.0,"enemies":"Small Slimes","floor":4.0,"turns":3.0},{"damage":0.0,"enemies":"Cultist","floor":5.0,"turns":3.0},{"damage":0.0,"enemies":"Blue Slaver","floor":7.0,"turns":3.0},{"damage":6.0,"enemies":"Lots of Slimes","floor":10.0,"turns":3.0},{"damage":0.0,"enemies":"2 Fungi Beasts","floor":12.0,"turns":4.0},{"damage":0.0,"enemies":"Lagavulin","floor":13.0,"turns":5.0},{"damage":0.0,"enemies":"Exordium Thugs","floor":14.0,"turns":3.0},{"damage":18.0,"enemies":"The Guardian","floor":16.0,"turns":10.0},{"damage":1.0,"enemies":"3 Byrds","floor":18.0,"turns":6.0},{"damage":0.0,"enemies":"Spheric Guardian","floor":19.0,"turns":3.0},{"damage":1.0,"enemies":"Centurion and Healer","floor":22.0,"turns":5.0},{"damage":75,"enemies":"Slavers","floor":23,"turns":9}],"seed_played":"5537400980660651362","potions_obtained":[{"floor":4.0,"key":"GamblersBrew"},{"floor":5.0,"key":"EssenceOfSteel"}],"is_trial":false,"path_per_floor":["M","?","?","M","M","R","M","R","T","M","R","M","E","M","R","B",null,"M","M","$","?","M","E"],"character_chosen":"WATCHER","items_purchased":[],"campfire_rested":0,"item_purchase_floors":[],"current_hp_per_floor":[56,56,56,54,54,54,54,54,54,50,50,52,54,56,56,40,61,62,64,64,64,65,0,0],"gold":182,"neow_bonus":"TRANSFORM_TWO_CARDS","is_daily":false,"chose_seed":false,"campfire_upgraded":4,"win_rate":0.0,"timestamp":1613105707,"path_taken":["M","?","?","M","M","R","M","R","T","?","R","M","E","M","R","BOSS","M","M","$","?","M","E"],"items_purchased_type":[],"build_version":"2020-12-22","purchased_purges":1,"victory":false,"max_hp_per_floor":[68,68,68,68,68,68,68,68,68,68,68,68,68,68,68,68,68,68,68,68,68,68,68,68],"relic_stats":{"Blood Vial":18,"counters":[13,60],"Cursed Key":0,"Boot":[2],"obtain_stats":[{"Blood Vial":9,"PureWater":0,"Bottled Tornado":13,"Cursed Key":17,"Boot":21},{"Blood Vial":4,"PureWater":0,"Bottled Tornado":7,"Cursed Key":9,"Boot":11},{"Blood Vial":12,"PureWater":0,"Bottled Tornado":24,"Cursed Key":37,"Boot":46}]},"card_choices":[{"not_picked":["PathToVictory","CutThroughFate","ForeignInfluence"],"picked":"SKIP","floor":1.0},{"not_picked":["Prostrate","DeceiveReality","Protect"],"picked":"SKIP","floor":4.0},{"not_picked":["FollowUp","FlyingSleeves"],"picked":"MentalFortress","floor":5.0},{"not_picked":["PathToVictory","ReachHeaven"],"picked":"EmptyFist","floor":7.0},{"not_picked":["Halt","Wallop","EmptyFist"],"picked":"SKIP","floor":10.0},{"not_picked":["WreathOfFlame","Fasting2","Protect"],"picked":"SKIP","floor":12.0},{"not_picked":["Wallop","ThirdEye"],"picked":"Omniscience","floor":13.0},{"not_picked":["SignatureMove","Halt","Consecrate"],"picked":"SKIP","floor":14.0},{"not_picked":["ConjureBlade","Judgement"],"picked":"MasterReality","floor":16.0},{"not_picked":["FollowUp","CutThroughFate","ThirdEye"],"picked":"SKIP","floor":18.0},{"not_picked":["CrushJoints","ThirdEye","FlurryOfBlows"],"picked":"SKIP","floor":19.0},{"not_picked":["Pray","ForeignInfluence"],"picked":"TalkToTheHand","floor":22.0}],"player_experience":1303770,"relics_obtained":[{"floor":9.0,"key":"Blood Vial"},{"floor":13.0,"key":"Bottled Tornado"}],"event_choices":[{"cards_removed":["Strike_P"],"damage_healed":0.0,"max_hp_gain":0.0,"max_hp_loss":0.0,"gold_gain":0.0,"event_name":"Living Wall","player_choice":"Forget","floor":2.0,"gold_loss":0.0,"damage_taken":0.0},{"damage_healed":0.0,"max_hp_gain":0.0,"max_hp_loss":0.0,"gold_gain":0.0,"event_name":"Match and Keep!","player_choice":"2 cards matched","floor":3.0,"gold_loss":0.0,"damage_taken":0.0,"cards_obtained":["ThirdEye","SpiritShield"]},{"damage_healed":0.0,"max_hp_gain":0.0,"max_hp_loss":0.0,"gold_gain":0.0,"event_name":"WeMeetAgain","player_choice":"Gave Potion","floor":21.0,"gold_loss":0.0,"damage_taken":0.0,"relics_obtained":["Boot"]}],"is_beta":false,"boss_relics":[{"not_picked":["Empty Cage","SacredBark"],"picked":"Cursed Key"}],"items_purged_floors":[20],"is_endless":false,"potions_floor_spawned":[4,5,10,13,18],"killed_by":"Slavers","ascension_level":20}}