{"host":"j1i2cvf2viij1g59","time":1613109844,"event":{"mods":["AchievementEnabler","Act Like it!","Aspiration","BaseMod","Colored Powertips","Custom Start","Downfall","Minty Spire (QoL Compilation)","Quick Restart","Remove Card Discount Mod","Replay The Spire","Shop Mod","Spicy Shops","StSLib","Transform Curses"],"gold_per_floor":[20,195,195,205,215,245,258,26,26,54,54,67,167,198,198,294,294,294,294],"floor_reached":18,"language":"ZHS","playtime":749,"items_purged":["Doubt"],"score":189,"play_id":"7d1d8524-cd35-431a-a1ab-5fca24b99218","local_time":"20210212020404","is_ascension_mode":true,"campfire_choices":[{"data":"Armaments","floor":11.0,"key":"SMITH"},{"floor":15.0,"key":"DIG"}],"circlet_count":1,"master_deck":["Strike_R","Strike_R","Strike_R","Strike_R","Strike_R","Defend_R","Defend_R","Defend_R","Defend_R","Bash","Shrug It Off","Disarm","Berserk","Dual Wield","Uppercut","Armaments+1","Dropkick","Exhume"],"relics":["Burning Blood","Pondfish Scales","ReplayTheSpireMod:Ring of Collecting","Replay:Baseball","MerchantsRug","HornCleat","Replay:WaspNest","Bottled Tornado","Potion Belt","Circlet"],"acts_visited":[],"potions_floor_usage":[],"damage_taken":[{"damage":9.0,"enemies":"2 Louse","floor":1.0,"turns":2.0},{"damage":0.0,"enemies":"Small Slimes","floor":4.0,"turns":5.0},{"damage":2.0,"enemies":"Cultist","floor":5.0,"turns":4.0},{"damage":40.0,"enemies":"Gremlin Nob","floor":6.0,"turns":6.0},{"damage":14.0,"enemies":"3 Louse","floor":7.0,"turns":4.0},{"damage":10.0,"enemies":"Replay:BlueRogue","floor":10.0,"turns":8.0},{"damage":5.0,"enemies":"Gremlin Gang","floor":12.0,"turns":6.0},{"damage":6.0,"enemies":"3 Sentries","floor":14.0,"turns":8.0},{"damage":57.0,"enemies":"Fading Forest","floor":16.0,"turns":11.0},{"damage":0,"enemies":"2 Thieves","floor":18,"turns":1}],"seed_played":"8272938338310602748","potions_obtained":[{"floor":5.0,"key":"SpeedPotion"},{"floor":7.0,"key":"BloodPotion"},{"floor":12.0,"key":"Reflective Coating"},{"floor":14.0,"key":"Adrenaline Potion"}],"is_trial":false,"path_per_floor":["M","?","?","M","M","E","M","$","T","E","R","M","?","E","R","B",null,"M"],"character_chosen":"IRONCLAD","items_purchased":["Uppercut","MerchantsRug"],"campfire_rested":0,"item_purchase_floors":[8,8],"current_hp_per_floor":[77,77,77,80,80,46,38,54,54,50,50,51,51,51,51,24,80,80,80],"gold":294,"neow_bonus":"ONE_RARE_RELIC","is_daily":false,"chose_seed":false,"campfire_upgraded":1,"win_rate":0.0,"timestamp":1613109844,"path_taken":["M","?","?","M","M","E","M","$","T","E","R","M","?","E","R","BOSS","M"],"items_purchased_type":["Card","Relic"],"build_version":"2020-12-22","purchased_purges":1,"victory":false,"max_hp_per_floor":[80,80,80,80,80,80,80,80,80,80,80,80,80,80,80,80,80,80,80],"card_choices":[{"not_picked":["Replay:Undeath\u0027s Touch","Feel No Pain"],"picked":"Shrug It Off","floor":1.0},{"not_picked":["ReplayTheSpireMod:Strike From Hell","Wild Strike"],"picked":"Disarm","floor":4.0},{"not_picked":["Flame Barrier","Heavy Blade","True Grit"],"picked":"SKIP","floor":5.0},{"not_picked":["Body Slam","Iron Wave"],"picked":"Berserk","floor":6.0},{"not_picked":["Second Wind","Flame Barrier"],"picked":"Dual Wield","floor":7.0},{"not_picked":["True Grit","Headbutt"],"picked":"Armaments","floor":10.0},{"not_picked":["Wild Strike","Perfected Strike"],"picked":"Dropkick","floor":12.0},{"not_picked":["Sentinel","Perfected Strike","Havoc"],"picked":"SKIP","floor":14.0},{"not_picked":["Replay:Many Hands","Eclipse"],"picked":"Exhume","floor":16.0}],"player_experience":112438,"relics_obtained":[{"floor":3.0,"key":"ReplayTheSpireMod:Ring of Collecting"},{"floor":6.0,"key":"Replay:Baseball"},{"floor":9.0,"key":"HornCleat"},{"floor":10.0,"key":"Replay:WaspNest"},{"floor":14.0,"key":"Bottled Tornado"},{"floor":15.0,"key":"Potion Belt"}],"event_choices":[{"damage_healed":0.0,"max_hp_gain":0.0,"max_hp_loss":0.0,"gold_gain":175.0,"event_name":"Liars Game","player_choice":"AGREE","floor":2.0,"gold_loss":0.0,"damage_taken":0.0,"cards_obtained":["Doubt"]},{"damage_healed":0.0,"max_hp_gain":0.0,"max_hp_loss":0.0,"gold_gain":100.0,"event_name":"Golden Shrine","player_choice":"Pray","floor":13.0,"gold_loss":0.0,"damage_taken":0.0}],"is_beta":false,"boss_relics":[{"not_picked":["vexMod:MegatonBomb","Black Blood"],"picked":"vexMod:TanglingVine"}],"items_purged_floors":[8],"is_endless":false,"potions_floor_spawned":[5,7,12,14],"killed_by":"2 Thieves","ascension_level":1}}