{"host":"ix07nhfx4o3nf6kx","time":1613113385,"event":{"mods":["BaseMod","Hermit","Minty Spire (QoL Compilation)","StSLib","The Bug Knight","The Cursed","The Dragon Tamer","The Hierophant","The Jungle","The Runesmith"],"gold_per_floor":[110,124,138,47,88,120,159,190,190,7,7,58,58,23,23,9,9],"floor_reached":16,"language":"KOR","playtime":1559,"items_purged":[],"score":104,"play_id":"a3d14f4c-fd17-4e9a-9f50-cac0243f9bd9","local_time":"20210212160305","is_ascension_mode":false,"campfire_choices":[{"floor":13,"key":"REST"},{"data":"hierophant:ChurchCoffers","floor":15,"key":"SMITH"}],"circlet_count":0,"master_deck":["hierophant:Strike_Hierophant","hierophant:Strike_Hierophant","hierophant:Strike_Hierophant","hierophant:Strike_Hierophant","hierophant:Punish+1","hierophant:Defend_Hierophant","hierophant:Defend_Hierophant","hierophant:Defend_Hierophant","hierophant:Defend_Hierophant","hierophant:ChurchCoffers+1","hierophant:OrnateBuckler","hierophant:Upheaval","hierophant:PassingBell","hierophant:RustyCrate","hierophant:Doubloon","hierophant:Doubloon","hierophant:OrnateJavelin","hierophant:ThreeLashes+1","hierophant:PristineSoul","hierophant:MirrorShield","hierophant:OrnateJavelin","hierophant:Refuge","hierophant:Doubloon","hierophant:Encroach","hierophant:SolarFlare"],"relics":["hierophant:PropheticMaskRelic","HollowMod:PaleOreRelic","StoneCalendar","Whetstone","WingedGreaves"],"acts_visited":["Exordium"],"potions_floor_usage":[5,8,8,16],"damage_taken":[{"damage":1,"enemies":"Cultist","floor":1,"turns":4},{"damage":0,"enemies":"2 Louse","floor":2,"turns":3},{"damage":9,"enemies":"Jaw Worm","floor":3,"turns":7},{"damage":0,"enemies":"Red Slaver","floor":5,"turns":5},{"damage":6,"enemies":"3 Louse","floor":6,"turns":3},{"damage":4,"enemies":"Blue Slaver","floor":7,"turns":2},{"damage":51,"enemies":"Lagavulin","floor":8,"turns":13},{"damage":4,"enemies":"Gremlin Gang","floor":12,"turns":4},{"damage":44,"enemies":"Slime Boss","floor":16,"turns":5}],"seed_played":"4386721578034289807","potions_obtained":[{"floor":2,"key":"Dexterity Potion"},{"floor":3,"key":"Explosive Potion"},{"floor":6,"key":"Energy Potion"},{"floor":8,"key":"FearPotion"}],"is_trial":false,"path_per_floor":["M","M","M","$","M","M","M","E","T","$","T","M","R","$","R","B"],"character_chosen":"HIEROPHANT","items_purchased":["hierophant:RustyCrate","hierophant:OrnateJavelin","Whetstone","hierophant:Refuge","hierophant:SolarFlare"],"campfire_rested":1,"item_purchase_floors":[4,4,10,10,14],"current_hp_per_floor":[81,81,72,72,72,66,62,11,11,11,11,7,31,31,31,0,0],"gold":9,"neow_bonus":"TEN_PERCENT_HP_BONUS","is_daily":false,"chose_seed":false,"campfire_upgraded":1,"win_rate":0.0,"timestamp":1613113385,"path_taken":["M","M","M","$","M","?","?","E","T","$","?","?","R","?","R","BOSS"],"items_purchased_type":["Card","Card","Relic","Card","Card"],"build_version":"2020-12-22","purchased_purges":0,"victory":false,"max_hp_per_floor":[82,82,82,82,82,82,82,82,82,82,82,82,82,82,82,82,82],"card_choices":[{"not_picked":["hierophant:Encroach","hierophant:PristineSoul"],"picked":"hierophant:OrnateBuckler","floor":1},{"not_picked":["hierophant:AuricBeam","hierophant:Mercenaries"],"picked":"hierophant:Upheaval","floor":2},{"not_picked":["hierophant:Shelter","hierophant:FlamingChariot"],"picked":"hierophant:PassingBell","floor":3},{"not_picked":["hierophant:MorningPrayer","hierophant:Exaltation"],"picked":"hierophant:ThreeLashes","floor":5},{"not_picked":["hierophant:Cornucopia","hierophant:Sermon"],"picked":"hierophant:PristineSoul","floor":6},{"not_picked":["hierophant:HolyVerse","hierophant:Determination"],"picked":"hierophant:MirrorShield","floor":7},{"not_picked":["hierophant:SealAway","hierophant:HammerAndAnvil"],"picked":"hierophant:OrnateJavelin","floor":8},{"not_picked":["hierophant:ThreeLashes","hierophant:DisplayOfPower"],"picked":"hierophant:Encroach","floor":12}],"player_experience":242858,"relics_obtained":[{"floor":8,"key":"HollowMod:PaleOreRelic"},{"floor":9,"key":"StoneCalendar"},{"floor":11,"key":"WingedGreaves"}],"event_choices":[],"is_beta":false,"boss_relics":[],"items_purged_floors":[],"is_endless":false,"potions_floor_spawned":[2,3,6,8],"killed_by":"Slime Boss","ascension_level":0}}