{"host":"2lo6hma6kymb0g9i","time":1613111140,"event":{"mods":["BaseMod","Colored Map","DeckTracker","Minty Spire (QoL Compilation)"],"gold_per_floor":[118,118,132,145,91,91,125,125,125,143,68,95,95,114,114,114,114],"floor_reached":16,"language":"JPN","playtime":738,"items_purged":["Strike_R"],"score":220,"play_id":"f75443b1-862b-4f65-b0f9-a6c3c54a9d2a","local_time":"20210212152540","is_ascension_mode":true,"campfire_choices":[{"data":"Armaments","floor":6.0,"key":"SMITH"},{"floor":8,"key":"REST"},{"data":"Anger","floor":15,"key":"SMITH"}],"circlet_count":0,"master_deck":["AscendersBane","Strike_R","Strike_R","Strike_R","Defend_R+1","Defend_R+1","Defend_R","Defend_R","Bash","Armaments+1","Anger+1","Shockwave"],"relics":["Black Star","Matryoshka","Unceasing Top","White Beast Statue","Meat on the Bone","War Paint","Bronze Scales","Bottled Lightning"],"acts_visited":["Exordium"],"potions_floor_usage":[12,14,16,16],"damage_taken":[{"damage":1.0,"enemies":"Cultist","floor":1.0,"turns":3.0},{"damage":9.0,"enemies":"Jaw Worm","floor":3.0,"turns":4.0},{"damage":14.0,"enemies":"2 Louse","floor":4.0,"turns":3.0},{"damage":39.0,"enemies":"Lagavulin","floor":7.0,"turns":10.0},{"damage":12,"enemies":"Looter","floor":10,"turns":4},{"damage":19,"enemies":"3 Sentries","floor":12,"turns":8},{"damage":1,"enemies":"2 Fungi Beasts","floor":14,"turns":3},{"damage":23,"enemies":"The Guardian","floor":16,"turns":10}],"seed_played":"6998544023284225843","potions_obtained":[{"floor":7,"key":"Explosive Potion"},{"floor":10,"key":"LiquidBronze"},{"floor":12,"key":"SteroidPotion"},{"floor":14,"key":"PowerPotion"}],"is_trial":false,"path_per_floor":["M","T","M","M","$","R","E","R","T","M","$","E","?","M","R","B"],"character_chosen":"IRONCLAD","items_purchased":["Block Potion"],"campfire_rested":1,"item_purchase_floors":[5],"current_hp_per_floor":[67,67,58,44,44,44,5,27,27,27,27,20,13,24,24,1,1],"gold":114,"neow_bonus":"BOSS_RELIC","is_daily":false,"chose_seed":false,"campfire_upgraded":2,"win_rate":0.0,"timestamp":1613111140,"path_taken":["M","?","M","M","$","R","E","R","T","M","$","E","?","M","R","BOSS"],"items_purchased_type":["Potion"],"build_version":"2020-12-22","purchased_purges":1,"victory":false,"max_hp_per_floor":[75,75,75,75,75,75,75,75,75,75,75,75,75,75,75,75,75],"card_choices":[{"not_picked":["Sword Boomerang","Wild Strike","Perfected Strike"],"picked":"SKIP","floor":1.0},{"not_picked":["True Grit","Combust"],"picked":"Armaments","floor":3.0},{"not_picked":["Perfected Strike","Rupture","Clash"],"picked":"SKIP","floor":4.0},{"not_picked":["Uppercut","Headbutt","Pummel"],"picked":"SKIP","floor":7},{"not_picked":["Dark Embrace","Blood for Blood"],"picked":"Anger","floor":10},{"not_picked":["Dual Wield","Battle Trance","Rampage"],"picked":"SKIP","floor":12},{"not_picked":["Sword Boomerang","Headbutt"],"picked":"Shockwave","floor":14}],"player_experience":1175556,"relics_obtained":[{"floor":2.0,"key":"Matryoshka"},{"floor":7,"key":"Unceasing Top"},{"floor":7,"key":"White Beast Statue"},{"floor":9,"key":"Meat on the Bone"},{"floor":9,"key":"War Paint"},{"floor":12,"key":"Bronze Scales"},{"floor":12,"key":"Bottled Lightning"}],"event_choices":[{"cards_removed":["Strike_R"],"damage_healed":0,"gold_gain":0,"player_choice":"Card Removal","damage_taken":7,"max_hp_gain":0,"max_hp_loss":0,"event_name":"Golden Wing","floor":13,"gold_loss":0}],"is_beta":false,"boss_relics":[],"items_purged_floors":[11],"is_endless":false,"potions_floor_spawned":[7,10,12,14],"killed_by":"The Guardian","ascension_level":20}}