{"host":"pqs17sqrgflf4eqa","time":1613158830,"event":{"mods":["AchievementEnabler","BaseMod","Bestiary","Better Altar","Colored Map","Colored Powertips","Emptier Cage","Googly Eyes","Highlight Path","Minty Spire (QoL Compilation)","Quick Restart","StSLib","SuperFastMode","Transform Curses","slay the spire mod where everything is the same but ironclad has a cowboy hat"],"gold_per_floor":[109,128,13,25,25,25,55,55,55,55,70,98,112,139,139,240,240,259,100,100,0,17,17,17],"floor_reached":23,"language":"ENG","playtime":415,"items_purged":[],"score":324,"play_id":"2141ed63-f0bf-4746-aca0-a7e7a83ffc7c","local_time":"20210212144030","is_ascension_mode":true,"campfire_choices":[{"data":"Eruption","floor":6.0,"key":"SMITH"},{"data":"Crescendo","floor":8.0,"key":"SMITH"},{"data":"ClearTheMind","floor":10.0,"key":"SMITH"},{"data":"Crescendo","floor":15.0,"key":"SMITH"}],"circlet_count":0,"master_deck":["Strike_P","Strike_P","Strike_P","Strike_P","Defend_P","Defend_P","Defend_P","Defend_P","Eruption+1","Vigilance","Prostrate","FlyingSleeves","EmptyFist","FlyingSleeves","Evaluate","FlurryOfBlows","ClearTheMind+1","Crescendo+1","FlyingSleeves","Crescendo+1","Tantrum","Halt","LessonLearned","CrushJoints","CrushJoints","Protect","FearNoEvil+1"],"relics":["PureWater","HornCleat","StrikeDummy","Shovel","Pear","Pocketwatch","Snecko Eye","Membership Card","Bag of Preparation","Bronze Scales"],"acts_visited":["Exordium","TheCity"],"potions_floor_usage":[],"damage_taken":[{"damage":7.0,"enemies":"Cultist","floor":1.0,"turns":3.0},{"damage":0.0,"enemies":"Jaw Worm","floor":2.0,"turns":2.0},{"damage":7.0,"enemies":"Small Slimes","floor":4.0,"turns":2.0},{"damage":12.0,"enemies":"Gremlin Nob","floor":7.0,"turns":4.0},{"damage":0.0,"enemies":"Blue Slaver","floor":11.0,"turns":2.0},{"damage":15.0,"enemies":"Lagavulin","floor":12.0,"turns":5.0},{"damage":0.0,"enemies":"3 Louse","floor":13.0,"turns":1.0},{"damage":20.0,"enemies":"3 Sentries","floor":14.0,"turns":3.0},{"damage":0.0,"enemies":"Slime Boss","floor":16.0,"turns":4.0},{"damage":23.0,"enemies":"2 Thieves","floor":18.0,"turns":4.0},{"damage":3.0,"enemies":"Shell Parasite","floor":22.0,"turns":3.0},{"damage":0,"enemies":"Gremlin Leader","floor":23,"turns":1}],"seed_played":"-9139237964377641083","potions_obtained":[{"floor":1.0,"key":"Energy Potion"},{"floor":2.0,"key":"DistilledChaos"},{"floor":7.0,"key":"Explosive Potion"},{"floor":12.0,"key":"Energy Potion"},{"floor":16.0,"key":"EssenceOfSteel"},{"floor":18.0,"key":"StancePotion"}],"is_trial":false,"path_per_floor":["M","M","$","M","T","R","E","R","T","R","M","E","M","E","R","B",null,"M","$","?","$","M","E"],"character_chosen":"WATCHER","items_purchased":["FlyingSleeves","Evaluate","FlurryOfBlows","Membership Card","CrushJoints","Bronze Scales","Protect"],"campfire_rested":0,"item_purchase_floors":[3,3,3,19,19,21,21],"current_hp_per_floor":[65,65,65,58,58,58,46,46,46,46,46,41,41,21,21,21,67,44,44,44,44,41,41,41],"gold":17,"neow_bonus":"THREE_CARDS","is_daily":false,"chose_seed":false,"campfire_upgraded":4,"win_rate":0.0,"timestamp":1613158830,"path_taken":["M","?","?","M","?","R","E","R","T","R","?","E","M","E","R","BOSS","M","$","?","$","M","E"],"items_purchased_type":["Card","Card","Card","Relic","Card","Relic","Card"],"build_version":"2020-12-22","purchased_purges":0,"victory":false,"max_hp_per_floor":[72,72,72,72,72,72,72,72,72,72,72,82,82,82,82,82,82,82,82,82,82,82,82,82],"card_choices":[{"not_picked":["Adaptation","EmptyFist"],"picked":"Prostrate","floor":0.0},{"not_picked":["Study","Weave"],"picked":"FlyingSleeves","floor":1.0},{"not_picked":["PathToVictory","JustLucky"],"picked":"EmptyFist","floor":2.0},{"not_picked":["FollowUp","MentalFortress"],"picked":"ClearTheMind","floor":4.0},{"not_picked":["PathToVictory","Study"],"picked":"Crescendo","floor":7.0},{"not_picked":["BowlingBash","Evaluate"],"picked":"FlyingSleeves","floor":11.0},{"not_picked":["Fasting2","MentalFortress"],"picked":"Crescendo","floor":12.0},{"not_picked":["SignatureMove","EmptyFist"],"picked":"Tantrum","floor":13.0},{"not_picked":["Fasting2","Nirvana"],"picked":"Halt","floor":14.0},{"not_picked":["Brilliance","Judgement"],"picked":"LessonLearned","floor":16.0},{"not_picked":["Meditate","Halt"],"picked":"CrushJoints","floor":18.0},{"not_picked":["WreathOfFlame","ClearTheMind+1"],"picked":"FearNoEvil+1","floor":22.0}],"player_experience":175570,"relics_obtained":[{"floor":5.0,"key":"HornCleat"},{"floor":7.0,"key":"StrikeDummy"},{"floor":9.0,"key":"Shovel"},{"floor":12.0,"key":"Pear"},{"floor":14.0,"key":"Pocketwatch"}],"event_choices":[{"damage_healed":0.0,"max_hp_gain":0.0,"max_hp_loss":0.0,"gold_gain":0.0,"event_name":"The Mausoleum","player_choice":"Opened","floor":20.0,"gold_loss":0.0,"damage_taken":0.0,"relics_obtained":["Bag of Preparation"]}],"is_beta":false,"boss_relics":[{"not_picked":["Empty Cage","Velvet Choker"],"picked":"Snecko Eye"}],"items_purged_floors":[],"is_endless":false,"potions_floor_spawned":[1,2,7,12,16,18],"killed_by":"Gremlin Leader","ascension_level":5}}