{"host":"Luke","time":1613140452,"event":{"mods":["BaseMod","Downfall","Hermit","Minty Spire (QoL Compilation)","StSLib"],"gold_per_floor":[119,294,314,333,333,333,358,368,368,368,368,378,405,432,432,432,432],"floor_reached":16,"language":"ENG","playtime":1065,"items_purged":[],"score":135,"play_id":"e904104a-9ede-437e-a63b-6971cb01c27c","local_time":"20210212143412","is_ascension_mode":false,"campfire_choices":[{"data":"hermit:Dive","floor":6,"key":"SMITH"},{"data":"hermit:Horror","floor":11,"key":"SMITH"},{"floor":15,"key":"RECALL"}],"circlet_count":0,"master_deck":["hermit:Strike_Hermit","hermit:Strike_Hermit","hermit:Strike_Hermit","hermit:Defend_Hermit","hermit:Defend_Hermit","hermit:Defend_Hermit","hermit:Defend_Hermit","hermit:Snapshot+1","hermit:Covet","hermit:Snipe","Doubt","hermit:Dive+1","hermit:Gambit","hermit:Feint","hermit:GhostlyPresence","hermit:Horror+1","Regret","hermit:Deadeye","hermit:Headshot","hermit:Shortfuse"],"relics":["hermit:Momento","Strawberry","Letter Opener","Meat on the Bone","Odd Mushroom","Centennial Puzzle"],"acts_visited":["Exordium"],"potions_floor_usage":[7,8,14],"damage_taken":[{"damage":0,"enemies":"Small Slimes","floor":1,"turns":3},{"damage":1,"enemies":"Jaw Worm","floor":3,"turns":4},{"damage":1,"enemies":"2 Louse","floor":4,"turns":3},{"damage":5,"enemies":"3 Sentries","floor":7,"turns":10},{"damage":0,"enemies":"2 Fungi Beasts","floor":8,"turns":6},{"damage":2,"enemies":"Blue Slaver","floor":12,"turns":4},{"damage":35,"enemies":"The Mushroom Lair","floor":13,"turns":4},{"damage":0,"enemies":"Lagavulin","floor":14,"turns":6},{"damage":66,"enemies":"The Guardian","floor":16,"turns":8}],"seed_played":"571220942586382290","potions_obtained":[{"floor":3,"key":"Dexterity Potion"},{"floor":7,"key":"DuplicationPotion"},{"floor":13,"key":"LiquidMemories"}],"is_trial":false,"path_per_floor":["M","?","M","M","?","R","E","M","T","?","R","M","?","E","R","B"],"character_chosen":"HERMIT","items_purchased":[],"campfire_rested":0,"item_purchase_floors":[],"current_hp_per_floor":[75,75,74,73,73,73,75,75,75,75,75,73,50,50,50,0,0],"gold":432,"neow_bonus":"UPGRADE_CARD","is_daily":false,"chose_seed":false,"campfire_upgraded":2,"win_rate":0.0,"timestamp":1613140452,"path_taken":["M","?","M","M","?","R","E","M","T","?","R","M","?","E","R","BOSS"],"items_purchased_type":[],"build_version":"2020-12-18","purchased_purges":0,"victory":false,"max_hp_per_floor":[75,75,75,75,75,75,82,82,82,82,82,82,82,82,82,82,82],"card_choices":[{"not_picked":["hermit:WideOpen","hermit:Gestalt"],"picked":"hermit:Snipe","floor":1},{"not_picked":["hermit:SprayPray","hermit:Coalescence"],"picked":"hermit:Dive","floor":3},{"not_picked":["hermit:Vantage","hermit:TrackingShot"],"picked":"hermit:Gambit","floor":4},{"not_picked":["hermit:Ricochet","hermit:Enervate"],"picked":"hermit:GhostlyPresence","floor":7},{"not_picked":["hermit:Feint","hermit:HighCaliber"],"picked":"hermit:Horror","floor":8},{"not_picked":["hermit:WideOpen","hermit:Misfire"],"picked":"hermit:Deadeye","floor":12},{"not_picked":["hermit:Coalescence","hermit:Quickdraw"],"picked":"hermit:Headshot","floor":13},{"not_picked":["hermit:OverwhelmingPower","hermit:Vantage"],"picked":"hermit:Shortfuse","floor":14}],"player_experience":720126,"relics_obtained":[{"floor":7,"key":"Strawberry"},{"floor":9,"key":"Letter Opener"},{"floor":13,"key":"Odd Mushroom"},{"floor":14,"key":"Centennial Puzzle"}],"event_choices":[{"damage_healed":0,"gold_gain":175,"player_choice":"AGREE","damage_taken":0,"max_hp_gain":0,"max_hp_loss":0,"event_name":"Liars Game","floor":2,"gold_loss":0,"cards_obtained":["Doubt"]},{"damage_healed":0,"gold_gain":0,"cards_transformed":["hermit:Strike_Hermit"],"player_choice":"Change","damage_taken":0,"max_hp_gain":0,"max_hp_loss":0,"event_name":"Living Wall","floor":5,"gold_loss":0,"cards_obtained":["hermit:Feint"]},{"damage_healed":0,"gold_gain":0,"player_choice":"Box","damage_taken":0,"relics_obtained":["Meat on the Bone"],"max_hp_gain":0,"max_hp_loss":0,"event_name":"Big Fish","floor":10,"gold_loss":0,"cards_obtained":["Regret"]},{"damage_healed":0,"gold_gain":0,"player_choice":"Fought Mushrooms","damage_taken":0,"max_hp_gain":0,"max_hp_loss":0,"event_name":"Mushrooms","floor":13,"gold_loss":0}],"is_beta":true,"boss_relics":[],"items_purged_floors":[],"is_endless":false,"potions_floor_spawned":[3,7,13],"killed_by":"The Guardian","ascension_level":0}}