{"host":"2pffx5rqbod9ds0c","time":1613091415,"event":{"mods":["100% Spire Juice","BaseMod","Better Altar","Better Match","Better Note","Better Sensory Stone","Better Skull","Better Third Choice","Bossed Relics","Custom Start","Hubris","Minty Spire (QoL Compilation)","Quick Restart","Relic Stats","Spicy Shops","StSLib"],"gold_per_floor":[113,388,110168,110184,109128,109128,109143,109169,109169,109197,108578,108597,108597,108597,108597,108697,108697,108713,108726,108726,108726,108726,108726,108755,108755,108755,108771,108334,108259,108313,107700,107700,107797,107797,107814,107834,107834,107371,107384,107384,106812,106812,106812,106812,106838,106838,106838,106863,106863,106863],"floor_reached":51,"language":"ENG","playtime":1321,"items_purged":["Regret","Moonworks:Strike","Moonworks:Strike","Moonworks:Strike","Moonworks:Strike","Moonworks:Defend","Moonworks:Defend","Moonworks:Defend"],"score":1063,"play_id":"dbbdad0c-9fa9-405f-b133-05c93916a592","local_time":"20210211165655","is_ascension_mode":true,"campfire_choices":[{"data":"Moonworks:x16BigRocket","floor":6.0,"key":"SMITH"},{"data":"Moonworks:x16BigRocket+1","floor":13.0,"key":"SMITH"},{"data":"Moonworks:x16BigRocket+2","floor":15.0,"key":"SMITH"},{"data":"Moonworks:x16BigRocket+3","floor":23.0,"key":"SMITH"},{"data":"Moonworks:x16BigRocket+4","floor":25.0,"key":"SMITH"},{"data":"Moonworks:AccelHyper","floor":32.0,"key":"SMITH"},{"data":"Moonworks:x16BigRocket+5","floor":40,"key":"SMITH"},{"data":"Moonworks:x16BigRocket+6","floor":42,"key":"SMITH"},{"data":"Moonworks:x16BigRocket+7","floor":44,"key":"SMITH"},{"data":"Moonworks:x16BigRocket+9","floor":47,"key":"SMITH"},{"data":"Moonworks:x16BigRocket+10","floor":49,"key":"SMITH"}],"circlet_count":0,"master_deck":["Moonworks:Defend+1","Moonworks:Defend+1","Moonworks:Ambush+1","Moonworks:x16BigRocket+11","Moonworks:AccelHyper+1","Moonworks:Dash+1"],"relics":["Moonworks:BrokenBomb","Moonworks:Homemark","Bottled Flame","Medical Kit","Bronze Scales","hubris:ToyBattleship","War Paint","OrangePellets","Anchor","Bag of Marbles","Centennial Puzzle","Pen Nib","Regal Pillow","Strawberry","Nunchaku","Membership Card","Darkstone Periapt","Juzu Bracelet","Tiny Chest","Bottled Lightning","hubris:Stopwatch","hubris:BottledHeart","hubris:FunFungus","Oddly Smooth Stone","White Beast Statue","hubris:DeckOfHolding","TheAbacus","CeramicFish","PreservedInsect","Orichalcum","CaptainsWheel","Gremlin Horn","Gambling Chip","Moonworks:GoldenDie","Meat on the Bone","Runic Dome","hubris:BottledRain","FossilizedHelix","hubris:Reverence","Toy Ornithopter","ClockworkSouvenir","Chemical X","Toxic Egg 2","Frozen Egg 2","Boot","hubris:SlimyHat","Shuriken","Mark of the Bloom"],"acts_visited":["Exordium","TheCity","TheBeyond"],"potions_floor_usage":[50,50],"damage_taken":[{"damage":6.0,"enemies":"Jaw Worm","floor":1.0,"turns":5.0},{"damage":0.0,"enemies":"Cultist","floor":4.0,"turns":3.0},{"damage":0.0,"enemies":"Small Slimes","floor":7.0,"turns":3.0},{"damage":5.0,"enemies":"Lagavulin","floor":8.0,"turns":5.0},{"damage":16.0,"enemies":"Gremlin Nob","floor":10.0,"turns":4.0},{"damage":0.0,"enemies":"Gremlin Gang","floor":12.0,"turns":4.0},{"damage":18.0,"enemies":"The Guardian","floor":16.0,"turns":5.0},{"damage":5.0,"enemies":"Spheric Guardian","floor":18.0,"turns":4.0},{"damage":0.0,"enemies":"3 Byrds","floor":19.0,"turns":3.0},{"damage":0.0,"enemies":"Slavers","floor":24.0,"turns":5.0},{"damage":0.0,"enemies":"Centurion and Healer","floor":27.0,"turns":3.0},{"damage":0,"enemies":"Collector","floor":33,"turns":3},{"damage":0,"enemies":"3 Darklings","floor":35,"turns":5},{"damage":0,"enemies":"Orb Walker","floor":36,"turns":1},{"damage":0,"enemies":"Sphere and 2 Shapes","floor":39,"turns":6},{"damage":0,"enemies":"Reptomancer","floor":45,"turns":1},{"damage":0,"enemies":"Writhing Mass","floor":48,"turns":1},{"damage":0,"enemies":"hubris:GrandSnecko","floor":50,"turns":2}],"seed_played":"4899521194107093628","potions_obtained":[{"floor":12.0,"key":"PowerPotion"},{"floor":18.0,"key":"ColorlessPotion"}],"is_trial":true,"path_per_floor":["M","?","$","M","$","R","M","E","T","E","$","M","R","?","R","B",null,"M","M","?","?","T","R","E","R","T","M","$","?","T","$","R","B",null,"M","M","T","$","M","R","$","R","T","R","E","?","R","M","R","B",null],"character_chosen":"THE_STARBREAKER","items_purchased":["Bottled Flame","Medical Kit","Bronze Scales","hubris:ToyBattleship","War Paint","OrangePellets","Anchor","Bag of Marbles","Centennial Puzzle","Pen Nib","FearPotion","SteroidPotion","Energy Potion","Membership Card","Darkstone Periapt","Juzu Bracelet","Tiny Chest","Bottled Lightning","hubris:DeckOfHolding","TheAbacus","CeramicFish","PreservedInsect","CaptainsWheel","Gremlin Horn","Gambling Chip","Moonworks:GoldenDie","Meat on the Bone","DistilledChaos","FossilizedHelix","hubris:Reverence","Toy Ornithopter","ClockworkSouvenir","Chemical X","Toxic Egg 2","Frozen Egg 2","Boot"],"campfire_rested":0,"item_purchase_floors":[3,3,3,3,3,5,5,5,5,5,5,5,5,11,11,11,11,11,28,28,28,28,31,31,31,31,31,31,38,38,38,41,41,41,41,41],"current_hp_per_floor":[54,54,54,54,54,54,54,49,56,40,40,40,40,45,45,27,72,67,67,67,1,1,1,1,1,1,1,1,1,1,1,1,1,1,1,1,1,1,1,1,1,1,1,1,1,1,1,1,1,1],"gold":106863,"neow_bonus":"","is_daily":false,"chose_seed":false,"campfire_upgraded":11,"win_rate":0.0,"timestamp":1613091415,"path_taken":["M","?","$","M","?","R","M","E","T","E","$","M","R","?","R","BOSS","M","M","?","?","?","R","E","R","T","M","$","?","?","?","R","BOSS","M","M","?","$","M","R","$","R","T","R","E","?","R","M","R","BOSS"],"items_purchased_type":["Relic","Relic","Relic","Relic","Relic","Relic","Relic","Relic","Relic","Relic","Potion","Potion","Potion","Relic","Relic","Relic","Relic","Relic","Relic","Relic","Relic","Relic","Relic","Relic","Relic","Relic","Relic","Potion","Relic","Relic","Relic","Relic","Relic","Relic","Relic","Relic"],"build_version":"2020-12-22","purchased_purges":8,"victory":true,"max_hp_per_floor":[60,60,60,60,60,60,60,60,67,67,67,67,67,72,72,72,72,72,72,72,1,1,1,1,1,1,1,1,1,1,1,1,1,1,1,1,1,1,1,1,1,1,1,1,1,1,1,1,1,1],"relic_stats":{"Darkstone Periapt":0,"Regal Pillow":0,"Mark of the Bloom":10,"Gremlin Horn":[7,7],"CeramicFish":9,"Juzu Bracelet":1,"Boot":[0],"Centennial Puzzle":[12],"Nunchaku":[7],"TheAbacus":[78],"Gambling Chip":[3],"Tiny Chest":2,"Chemical X":[2],"counters":[18,63],"Pen Nib":[8],"PreservedInsect":57,"War Paint":["Moonworks:Defend","Moonworks:Defend"],"Orichalcum":[6],"Medical Kit":[8],"OrangePellets":[0],"Shuriken":[2],"Bronze Scales":[170],"obtain_stats":[{"Darkstone Periapt":11,"Regal Pillow":8,"Mark of the Bloom":46,"Gremlin Horn":31,"Moonworks:GoldenDie":31,"CeramicFish":28,"Juzu Bracelet":11,"hubris:SlimyHat":43,"Boot":41,"ClockworkSouvenir":41,"Centennial Puzzle":5,"Nunchaku":10,"TheAbacus":28,"Strawberry":9,"hubris:Stopwatch":17,"Gambling Chip":31,"Tiny Chest":11,"hubris:DeckOfHolding":28,"hubris:FunFungus":22,"Chemical X":41,"Toxic Egg 2":41,"Oddly Smooth Stone":24,"Pen Nib":5,"PreservedInsect":28,"War Paint":3,"Orichalcum":30,"Frozen Egg 2":41,"Medical Kit":3,"White Beast Statue":26,"OrangePellets":5,"Runic Dome":34,"Bottled Flame":3,"Anchor":5,"CaptainsWheel":31,"hubris:BottledHeart":21,"Shuriken":45,"Moonworks:Homemark":0,"Bronze Scales":3,"hubris:ToyBattleship":3,"Bag of Marbles":5,"Membership Card":11,"Bottled Lightning":11,"FossilizedHelix":38,"Toy Ornithopter":38,"Moonworks:BrokenBomb":0,"Meat on the Bone":31,"hubris:BottledRain":37,"hubris:Reverence":38},{"Darkstone Periapt":5,"Regal Pillow":4,"Mark of the Bloom":16,"Gremlin Horn":11,"Moonworks:GoldenDie":11,"CeramicFish":11,"Juzu Bracelet":5,"hubris:SlimyHat":15,"Boot":15,"ClockworkSouvenir":15,"Centennial Puzzle":2,"Nunchaku":5,"TheAbacus":11,"Strawberry":4,"hubris:Stopwatch":7,"Gambling Chip":11,"Tiny Chest":5,"hubris:DeckOfHolding":11,"hubris:FunFungus":9,"Chemical X":15,"Toxic Egg 2":15,"Oddly Smooth Stone":10,"Pen Nib":2,"PreservedInsect":11,"War Paint":1,"Orichalcum":11,"Frozen Egg 2":15,"Medical Kit":1,"White Beast Statue":10,"OrangePellets":2,"Runic Dome":12,"Bottled Flame":1,"Anchor":2,"CaptainsWheel":11,"hubris:BottledHeart":9,"Shuriken":16,"Moonworks:Homemark":0,"Bronze Scales":1,"hubris:ToyBattleship":1,"Bag of Marbles":2,"Membership Card":5,"Bottled Lightning":5,"FossilizedHelix":14,"Toy Ornithopter":14,"Moonworks:BrokenBomb":0,"Meat on the Bone":11,"hubris:BottledRain":14,"hubris:Reverence":14},{"Darkstone Periapt":20,"Regal Pillow":16,"Mark of the Bloom":60,"Gremlin Horn":44,"Moonworks:GoldenDie":44,"CeramicFish":44,"Juzu Bracelet":20,"hubris:SlimyHat":59,"Boot":59,"ClockworkSouvenir":59,"Centennial Puzzle":8,"Nunchaku":20,"TheAbacus":44,"Strawberry":16,"hubris:Stopwatch":29,"Gambling Chip":44,"Tiny Chest":20,"hubris:DeckOfHolding":44,"hubris:FunFungus":36,"Chemical X":59,"Toxic Egg 2":59,"Oddly Smooth Stone":41,"Pen Nib":8,"PreservedInsect":44,"War Paint":5,"Orichalcum":44,"Frozen Egg 2":59,"Medical Kit":5,"White Beast Statue":41,"OrangePellets":8,"Runic Dome":47,"Bottled Flame":5,"Anchor":8,"CaptainsWheel":44,"hubris:BottledHeart":36,"Shuriken":60,"Moonworks:Homemark":0,"Bronze Scales":5,"hubris:ToyBattleship":5,"Bag of Marbles":8,"Membership Card":20,"Bottled Lightning":20,"FossilizedHelix":53,"Toy Ornithopter":53,"Moonworks:BrokenBomb":0,"Meat on the Bone":44,"hubris:BottledRain":53,"hubris:Reverence":53}],"Toy Ornithopter":0,"Meat on the Bone":0},"card_choices":[{"not_picked":["Moonworks:IndiscriminateFireSupport","Moonworks:ImOnFire","Moonworks:DeployBits"],"picked":"SKIP","floor":1.0},{"not_picked":["Moonworks:NicePresent","Moonworks:ImOnFire","Moonworks:IndiscriminateFireSupport"],"picked":"SKIP","floor":4.0},{"not_picked":["Moonworks:DeployBits","Moonworks:UnluckyCharm","Moonworks:IndiscriminateFireSupport"],"picked":"SKIP","floor":7.0},{"not_picked":["Moonworks:ReflectiveShell","Moonworks:BigMagnum","Moonworks:UnluckyCharm"],"picked":"SKIP","floor":8.0},{"not_picked":["Moonworks:DeployBits","Moonworks:IndiscriminateFireSupport"],"picked":"Moonworks:AccelHyper","floor":10.0},{"not_picked":["Moonworks:DeployBits","Moonworks:ImOnFire","Moonworks:BigBangBell"],"picked":"SKIP","floor":12.0},{"not_picked":["Moonworks:Bloodlust","Moonworks:ImOnFire","Moonworks:WindyEnchantment+1"],"picked":"SKIP","floor":18.0},{"not_picked":["Moonworks:CloudOfSeagulls","Moonworks:ForcedRevival","Moonworks:LulusLuckyEgg"],"picked":"SKIP","floor":19.0},{"not_picked":["Moonworks:CompletionReward","Moonworks:SakisCookie","Moonworks:NicePresent"],"picked":"SKIP","floor":24.0},{"not_picked":["Moonworks:Assault","Moonworks:SakisCookie","Moonworks:EvilSpyWorkPreparation"],"picked":"SKIP","floor":27.0},{"not_picked":["Moonworks:JonathanRush","Moonworks:ReproductionOfRecords","Moonworks:Poppoformation"],"picked":"SKIP","floor":35},{"not_picked":["Moonworks:BigMagnum+1","Moonworks:NicePresent+1","Moonworks:MiracleWalker+1"],"picked":"SKIP","floor":36},{"not_picked":["Moonworks:Assault","Moonworks:EvilSpyWorkPreparation+1","Moonworks:IndiscriminateFireSupport"],"picked":"SKIP","floor":39},{"not_picked":["Moonworks:UnpaidWork+1","Moonworks:LulusLuckyEgg+1","Moonworks:OutOfAmmo+1"],"picked":"SKIP","floor":45},{"not_picked":["Moonworks:SakisCookie+1","Moonworks:IndiscriminateFireSupport+1"],"picked":"Moonworks:Dash+1","floor":48}],"player_experience":736999,"relics_obtained":[{"floor":8.0,"key":"Regal Pillow"},{"floor":9.0,"key":"Strawberry"},{"floor":10.0,"key":"Nunchaku"},{"floor":22.0,"key":"hubris:FunFungus"},{"floor":24.0,"key":"Oddly Smooth Stone"},{"floor":26.0,"key":"White Beast Statue"},{"floor":30.0,"key":"Orichalcum"},{"floor":37,"key":"hubris:BottledRain"},{"floor":43,"key":"hubris:SlimyHat"},{"floor":45,"key":"Shuriken"}],"event_choices":[{"damage_healed":0.0,"max_hp_gain":0.0,"max_hp_loss":0.0,"gold_gain":275.0,"event_name":"Golden Shrine","player_choice":"Desecrate","floor":2.0,"gold_loss":0.0,"damage_taken":0.0,"cards_obtained":["Regret"]},{"damage_healed":0.0,"max_hp_gain":5.0,"max_hp_loss":0.0,"gold_gain":0.0,"event_name":"Big Fish","player_choice":"Donut","floor":14.0,"gold_loss":0.0,"damage_taken":0.0},{"damage_healed":0.0,"max_hp_gain":0.0,"max_hp_loss":0.0,"gold_gain":0.0,"event_name":"Vampires","player_choice":"Ignored","floor":20.0,"gold_loss":0.0,"damage_taken":0.0},{"cards_removed":["Moonworks:Strike"],"damage_healed":0.0,"max_hp_gain":0.0,"max_hp_loss":0.0,"gold_gain":0.0,"event_name":"Beggar","player_choice":"Gave Gold","floor":29.0,"gold_loss":75.0,"damage_taken":0.0},{"damage_healed":0,"gold_gain":0,"player_choice":"Upgrade","damage_taken":0,"relics_obtained":["Mark of the Bloom"],"max_hp_gain":0,"max_hp_loss":0,"event_name":"MindBloom","floor":46,"gold_loss":0,"cards_upgraded":["Moonworks:Ambush","Moonworks:x16BigRocket"]}],"is_beta":false,"boss_relics":[{"not_picked":["hubris:CrackedHourglass","Pandora\u0027s Box"],"picked":"hubris:Stopwatch"},{"not_picked":["Tiny House","Busted Crown"],"picked":"Runic Dome"}],"items_purged_floors":[3,3,5,11,28,31,38,41],"is_endless":false,"potions_floor_spawned":[7,12,18,27,33,35,36,39,45,48],"ascension_level":1}}