{"host":"59jh88lrys5rvd4j","time":1613162827,"event":{"mods":["2.2 Compatiblity","Aspiration","BaseMod","Conspire","Defuse TimeMaze Blight","Energized Spire","FutureSeer","GifTheSpireLib","Halation","Hubris","Infinite Spire","Magitek Elite","Minty Spire (QoL Compilation)","Reliquary","Remove Card Discount Mod","RumiaBox-????????","StSLib","Stuff the Spire","The Mystic","The Runesmith","The Wild Card","The_Crusader"],"gold_per_floor":[147,147,147,147,222,315,315,315,315,33,33,33],"floor_reached":11,"language":"ENG","playtime":379,"items_purged":[],"score":67,"play_id":"5d054bd5-ef57-4910-ab5e-a25f314412e7","local_time":"20210212154707","daily_mods":["Heirloom","Time Dilation","Flight","Midas"],"is_ascension_mode":false,"campfire_choices":[{"floor":8,"key":"REST"}],"circlet_count":0,"master_deck":["Strike_L","Strike_L","Strike_L","Defend_L","Defend_L","Defend_L","Defend_L","Defend_L","Fire2","Cure","Mythril_Knife","Barrier","Diamond_Shield2","Rune_Blade","Bandage Up","Icebrand"],"relics":["Pendant","Ribbon","hubris:Towel","Boot","halation:PinkSoulGem","Dream Catcher","halation:Diary"],"acts_visited":["Exordium"],"potions_floor_usage":[11],"damage_taken":[{"damage":6,"enemies":"Cultist","floor":1,"turns":4},{"damage":51,"enemies":"Gremlin Nob","floor":6,"turns":6},{"damage":30,"enemies":"3 Sentries","floor":11,"turns":6}],"seed_played":"-682394688488771721","potions_obtained":[{"floor":6,"key":"Swift Potion"}],"is_trial":true,"path_per_floor":["M","?","$","?","?","E","?","R","T","$","E"],"character_chosen":"MAGITEKELITE","items_purchased":["halation:Diary","Rune_Blade","Bandage Up","Icebrand"],"campfire_rested":1,"item_purchase_floors":[10,10,10,10],"current_hp_per_floor":[57,57,57,57,46,1,1,19,19,19,0,0],"gold":33,"neow_bonus":"","is_daily":false,"chose_seed":false,"campfire_upgraded":0,"win_rate":0.0,"timestamp":1613162827,"path_taken":["M","?","$","?","?","E","?","R","T","$","E"],"items_purchased_type":["Relic","Card","Card","Card"],"build_version":"2020-12-22","purchased_purges":0,"victory":false,"max_hp_per_floor":[63,63,63,63,63,63,63,63,63,63,63,63],"card_choices":[{"not_picked":["Wall","Rasp"],"picked":"Mythril_Knife","floor":1},{"not_picked":["Mythril_Knife","Heavy_Shield"],"picked":"Diamond_Shield2","floor":6}],"player_experience":487751,"relics_obtained":[{"floor":6,"key":"Boot"},{"floor":9,"key":"Dream Catcher"}],"event_choices":[{"damage_healed":0,"gold_gain":0,"cards_transformed":["Strike_L"],"player_choice":"Transformed","damage_taken":0,"max_hp_gain":0,"max_hp_loss":0,"event_name":"Transmorgrifier","floor":2,"gold_loss":0,"cards_obtained":["Barrier"]},{"damage_healed":0,"gold_gain":75,"player_choice":"Gather Gold","damage_taken":11,"max_hp_gain":0,"max_hp_loss":0,"event_name":"World of Goop","floor":5,"gold_loss":0}],"is_beta":false,"boss_relics":[],"items_purged_floors":[],"is_endless":false,"potions_floor_spawned":[6],"killed_by":"3 Sentries","ascension_level":0}}