{"host":"r6lqs70fdfl5jnjl","time":1613118833,"event":{"mods":["Act Like it!","BaseMod","Minty Spire (QoL Compilation)","StSLib"],"gold_per_floor":[114,114,134,154,329,329,347,422,445,478,498,498,92,107,107,107,107],"floor_reached":16,"language":"ZHS","playtime":687,"items_purged":["Regret"],"score":102,"play_id":"9ce1f48b-e394-4bf0-9a92-f49ec5f8bd44","local_time":"20210212163353","is_ascension_mode":false,"campfire_choices":[{"floor":12,"key":"REST"},{"data":"Bullet Time","floor":15,"key":"SMITH"}],"circlet_count":0,"master_deck":["Strike_G","Strike_G","Strike_G+1","Strike_G+1","Strike_G","Defend_G","Defend_G","Defend_G","Defend_G","Defend_G","Survivor","Neutralize","Blade Dance","Crippling Poison","Prepared","Doubt","Noxious Fumes","Infinite Blades","Finisher","Bullet Time+1","Backflip","Backflip"],"relics":["Ring of the Snake","NeowsBlessing","Pen Nib","Juzu Bracelet","Whetstone","Sling"],"acts_visited":["Exordium"],"potions_floor_usage":[11,11],"damage_taken":[{"damage":0.0,"enemies":"Jaw Worm","floor":1.0,"turns":1.0},{"damage":0.0,"enemies":"Cultist","floor":3.0,"turns":1.0},{"damage":0.0,"enemies":"2 Louse","floor":4.0,"turns":1.0},{"damage":9.0,"enemies":"Blue Slaver","floor":7.0,"turns":5.0},{"damage":50.0,"enemies":"Gremlin Nob","floor":10.0,"turns":5.0},{"damage":2,"enemies":"2 Fungi Beasts","floor":11,"turns":3},{"damage":4,"enemies":"Red Slaver","floor":14,"turns":4},{"damage":21,"enemies":"The Guardian","floor":16,"turns":6}],"seed_played":"-2664862821248871157","potions_obtained":[{"floor":3.0,"key":"GamblersBrew"},{"floor":7.0,"key":"Fruit Juice"},{"floor":10.0,"key":"DuplicationPotion"}],"is_trial":false,"path_per_floor":["M","?","M","M","?","?","M","?","T","E","M","R","$","M","R","B"],"character_chosen":"THE_SILENT","items_purchased":["Sling","Bullet Time","Backflip"],"campfire_rested":1,"item_purchase_floors":[13,13,13],"current_hp_per_floor":[70,70,70,70,70,70,61,50,50,5,3,25,25,21,21,0,0],"gold":107,"neow_bonus":"THREE_ENEMY_KILL","is_daily":false,"chose_seed":false,"campfire_upgraded":1,"win_rate":0.0,"timestamp":1613118833,"path_taken":["M","?","M","?","?","?","M","?","T","E","M","R","$","M","R","BOSS"],"items_purchased_type":["Relic","Card","Card"],"build_version":"2020-12-22","purchased_purges":1,"victory":false,"max_hp_per_floor":[70,70,70,70,70,70,70,70,70,75,75,75,75,75,75,75,75],"card_choices":[{"not_picked":["Dagger Throw","Escape Plan"],"picked":"Blade Dance","floor":1.0},{"not_picked":["Slice","Skewer"],"picked":"Crippling Poison","floor":3.0},{"not_picked":["Flying Knee","Deflect"],"picked":"Prepared","floor":4.0},{"not_picked":["Backflip","Acrobatics"],"picked":"Noxious Fumes","floor":7.0},{"not_picked":["Bouncing Flask","Poisoned Stab"],"picked":"Infinite Blades","floor":10.0},{"not_picked":["Endless Agony","Blade Dance"],"picked":"Finisher","floor":11},{"not_picked":["Finisher","Slice"],"picked":"Backflip","floor":14}],"player_experience":7174,"relics_obtained":[{"floor":9.0,"key":"Juzu Bracelet"},{"floor":10.0,"key":"Whetstone"}],"event_choices":[{"damage_healed":0.0,"max_hp_gain":0.0,"max_hp_loss":0.0,"gold_gain":0.0,"event_name":"The Woman in Blue","player_choice":"Bought 0 Potions","floor":2.0,"gold_loss":0.0,"damage_taken":0.0},{"damage_healed":0.0,"max_hp_gain":0.0,"max_hp_loss":0.0,"gold_gain":175.0,"event_name":"Liars Game","player_choice":"AGREE","floor":5.0,"gold_loss":0.0,"damage_taken":0.0,"cards_obtained":["Doubt"]},{"damage_healed":0.0,"max_hp_gain":0.0,"max_hp_loss":0.0,"gold_gain":0.0,"event_name":"Big Fish","player_choice":"Box","floor":6.0,"gold_loss":0.0,"damage_taken":0.0,"relics_obtained":["Pen Nib"],"cards_obtained":["Regret"]},{"damage_healed":0.0,"max_hp_gain":0.0,"max_hp_loss":0.0,"gold_gain":75.0,"event_name":"World of Goop","player_choice":"Gather Gold","floor":8.0,"gold_loss":0.0,"damage_taken":11.0}],"is_beta":false,"boss_relics":[],"items_purged_floors":[13],"is_endless":false,"potions_floor_spawned":[3,7,10],"killed_by":"The Guardian","ascension_level":0}}