{"host":"duqni2aepebkwvpq","time":1613136153,"event":{"mods":["AchievementEnabler","BaseMod","Colored Map","Colored Powertips","Highlight Path","Minty Spire (QoL Compilation)","Quick Restart","Random Character Button","StSLib"],"gold_per_floor":[116,116,116,116,136,136,164,178,178,191,210,210,223,67,67,170,220,230,230,88,107,107,107,133,133,184,203,203,62,62,73,73,73,73],"floor_reached":33,"language":"ENG","playtime":1215,"items_purged":[],"score":396,"play_id":"565d901a-866b-428f-839d-c15751ad1a7d","local_time":"20210212082233","is_ascension_mode":true,"campfire_choices":[{"data":"Crippling Poison","floor":6,"key":"SMITH"},{"floor":12,"key":"REST"},{"floor":15,"key":"REST"},{"data":"Die Die Die","floor":23,"key":"SMITH"},{"floor":25,"key":"REST"},{"data":"Backstab","floor":30,"key":"SMITH"},{"data":"Accuracy","floor":32,"key":"SMITH"}],"circlet_count":0,"master_deck":["Strike_G","Strike_G","Strike_G+1","Strike_G+1","Strike_G","Defend_G","Defend_G","Defend_G","Defend_G","Defend_G","Survivor","Neutralize+1","Blade Dance","Regret","Crippling Poison+1","Cloak And Dagger","Poisoned Stab","PiercingWail","Noxious Fumes+1","Blade Dance","Corpse Explosion","Flying Knee","Slice","Ghostly","Ghostly","Ghostly","Ghostly","Ghostly","Die Die Die+1","Terror+1","Doppelganger","Distraction+1","Accuracy+1","Backstab+1"],"relics":["Ring of the Snake","Mercury Hourglass","Darkstone Periapt","Question Card","TwistedFunnel","Tiny House","Anchor","Tough Bandages","Orichalcum"],"acts_visited":["Exordium","TheCity"],"potions_floor_usage":[16,24,33,33],"damage_taken":[{"damage":1,"enemies":"Cultist","floor":1,"turns":5},{"damage":0,"enemies":"2 Louse","floor":5,"turns":2},{"damage":22,"enemies":"Lagavulin","floor":7,"turns":5},{"damage":9,"enemies":"Small Slimes","floor":8,"turns":3},{"damage":0,"enemies":"Exordium Wildlife","floor":10,"turns":2},{"damage":6,"enemies":"3 Louse","floor":11,"turns":2},{"damage":2,"enemies":"Looter","floor":13,"turns":3},{"damage":20,"enemies":"Hexaghost","floor":16,"turns":8},{"damage":1,"enemies":"3 Byrds","floor":18,"turns":3},{"damage":8,"enemies":"Spheric Guardian","floor":21,"turns":7},{"damage":22,"enemies":"Book of Stabbing","floor":24,"turns":7},{"damage":0,"enemies":"Snecko","floor":27,"turns":5},{"damage":1,"enemies":"Centurion and Healer","floor":31,"turns":5},{"damage":58,"enemies":"Champ","floor":33,"turns":7}],"seed_played":"-8292387435934496456","potions_obtained":[{"floor":7,"key":"Ancient Potion"},{"floor":13,"key":"DistilledChaos"},{"floor":16,"key":"DuplicationPotion"},{"floor":17,"key":"SteroidPotion"},{"floor":24,"key":"BlessingOfTheForge"}],"is_trial":false,"path_per_floor":["M","?","?","?","M","R","E","M","T","M","M","R","M","$","R","B",null,"M","?","$","M","?","R","E","R","T","M","?","$","R","M","R","B"],"character_chosen":"THE_SILENT","items_purchased":["TwistedFunnel","Die Die Die","Accuracy","Backstab"],"campfire_rested":3,"item_purchase_floors":[14,20,29,29],"current_hp_per_floor":[69,69,54,54,54,54,32,23,23,23,17,40,38,38,61,41,73,72,41,41,33,33,33,11,23,23,23,41,41,41,40,40,0,0],"gold":73,"neow_bonus":"TEN_PERCENT_HP_BONUS","is_daily":false,"chose_seed":false,"campfire_upgraded":4,"win_rate":0.0,"timestamp":1613136153,"path_taken":["M","?","?","?","M","R","E","M","T","M","M","R","?","$","R","BOSS","M","?","$","M","?","R","E","R","T","M","?","$","R","?","R","BOSS"],"items_purchased_type":["Relic","Card","Card","Card"],"build_version":"2020-12-22","purchased_purges":0,"victory":false,"max_hp_per_floor":[77,77,77,77,77,77,77,77,77,77,77,77,77,77,77,77,82,82,41,41,41,41,41,41,41,41,41,41,41,41,41,41,41,41],"card_choices":[{"not_picked":["Prepared","Dagger Throw"],"picked":"Blade Dance","floor":1},{"not_picked":["Underhanded Strike","Choke"],"picked":"Crippling Poison","floor":5},{"not_picked":["Leg Sweep","Prepared"],"picked":"Cloak And Dagger","floor":7},{"not_picked":["Quick Slash","Skewer"],"picked":"Poisoned Stab","floor":8},{"not_picked":["Sucker Punch","Flying Knee","Dodge and Roll"],"picked":"PiercingWail","floor":10},{"not_picked":["Night Terror","Backstab","Sucker Punch"],"picked":"Noxious Fumes","floor":11},{"not_picked":["Underhanded Strike","Slice","Choke"],"picked":"Blade Dance","floor":13},{"not_picked":["Doppelganger","Unload","Envenom"],"picked":"Corpse Explosion","floor":16},{"not_picked":["Bane","Dodge and Roll","Flechettes"],"picked":"Flying Knee","floor":17},{"not_picked":["Well Laid Plans","PiercingWail","Backflip"],"picked":"Slice","floor":18},{"not_picked":["Choke","Deflect","Skewer"],"picked":"Terror+1","floor":21},{"not_picked":["All Out Attack","Bouncing Flask","Acrobatics+1"],"picked":"Doppelganger","floor":24},{"not_picked":["Predator","Quick Slash","Riddle With Holes"],"picked":"Distraction+1","floor":27},{"not_picked":["Terror","Quick Slash","Dagger Throw","Flechettes"],"picked":"SKIP","floor":31}],"player_experience":890353,"relics_obtained":[{"floor":7,"key":"Darkstone Periapt"},{"floor":9,"key":"Question Card"},{"floor":24,"key":"Tough Bandages"},{"floor":26,"key":"Orichalcum"}],"event_choices":[{"damage_healed":0,"gold_gain":0,"player_choice":"Grow","damage_taken":0,"max_hp_gain":0,"max_hp_loss":0,"event_name":"Living Wall","floor":2,"gold_loss":0,"cards_upgraded":["Neutralize"]},{"damage_healed":0,"gold_gain":0,"player_choice":"Entered Light","damage_taken":15,"max_hp_gain":0,"max_hp_loss":0,"event_name":"Shining Light","floor":3,"gold_loss":0,"cards_upgraded":["Strike_G","Strike_G"]},{"damage_healed":0,"gold_gain":0,"player_choice":"Box","damage_taken":0,"relics_obtained":["Mercury Hourglass"],"max_hp_gain":0,"max_hp_loss":0,"event_name":"Big Fish","floor":4,"gold_loss":0,"cards_obtained":["Regret"]},{"damage_healed":0,"gold_gain":0,"player_choice":"Became a Ghost","damage_taken":0,"max_hp_gain":0,"max_hp_loss":41,"event_name":"Ghosts","floor":19,"gold_loss":0,"cards_obtained":["Ghostly","Ghostly","Ghostly","Ghostly","Ghostly"]},{"damage_healed":0,"gold_gain":0,"player_choice":"Opened","damage_taken":0,"relics_obtained":["Anchor"],"max_hp_gain":0,"max_hp_loss":0,"event_name":"The Mausoleum","floor":22,"gold_loss":0},{"damage_healed":18,"gold_gain":0,"player_choice":"Full Heal","damage_taken":0,"max_hp_gain":0,"max_hp_loss":0,"event_name":"Wheel of Change","floor":28,"gold_loss":0}],"is_beta":false,"boss_relics":[{"not_picked":["Empty Cage","Black Star"],"picked":"Tiny House"}],"items_purged_floors":[],"is_endless":false,"potions_floor_spawned":[7,13,16,21,24,27],"killed_by":"Champ","ascension_level":8}}