{"host":"dr01x95rw3kaiuk5","time":1613153798,"event":{"mods":["ATMod(阿瑾Mod)","Act Like it!","Arknights","BaseMod","Colored Powertips","Conspire","Energized Spire","Friendly Minions","Gensokyo","GifTheSpireLib","KinomotoSakuraMod(木之本樱)","Minty Spire (QoL Compilation)","MostiFishMod","Reliquary","Replay The Spire","Shop Mod","Spicy Shops","StSLib","TestMod","UnlockEverythingMod","[IsaacMod]以撒尖塔","【遗物卡牌】REMEMod"],"gold_per_floor":[114,114,289,299,299,299,317,378,430,455,455,493,508,523,523,644,644,662,675,774,774,789,789,789,789,789,812,77,124,162,186,186,305,305,326,326,350,366,386,402,73,473,473,500,595,656,656,697,697,732],"floor_reached":51,"language":"ZHS","playtime":3599,"items_purged":["Doubt","Pride","ats:Hammer On+1"],"score":849,"play_id":"409b6fac-eb45-4e40-9cf7-eccf7164dc00","local_time":"20210213021638","is_ascension_mode":false,"campfire_choices":[{"data":"MostiFishMod:FireWorks","floor":6.0,"key":"SMITH"},{"floor":11.0,"key":"REST"},{"floor":15.0,"key":"REST"},{"data":"ats:Poison Spread","floor":23.0,"key":"SMITH"},{"data":"ats:Shell Defense","floor":25.0,"key":"SMITH"},{"floor":32.0,"key":"REST"},{"data":"ats:Leaping Hammer","floor":47,"key":"SMITH"},{"floor":49,"key":"REST"}],"circlet_count":0,"master_deck":["ats:Strike G+1","ats:Armor Crushing Shot+1","ats:Defend+1","ats:Defend+1","ats:Defend+1","ats:Defend+1","ats:Emotion Absorption+1","MostiFishMod:FireWorks+1","ats:Thorns+1","ats:Chain Hook+1","ats:Thorns+1","ats:Support Order+1","ats:Shell Defense+1","ats:Roar Of Ursus+1","ats:Poison Spread+1","ats:Soul Absorption+1","ats:Chain Hook+1","ats:Leaping Hammer+1","ats:Cat Scratch+1","ats:Soul Rend+1","ats:Blood Oath+1","ats:Healing Drone+1","ats:Beaten Up+1","ats:Thorns+1","ats:Guard Mode+1","ats:Literary Storm+1","ats:Absolute Focus+1","ats:Flexible Camouflage+1"],"relics":["ats:Sanity","testmod-TestBox","HushsDoor","DaveBox","REME_ComplimentaryCards","DSteel32","GuppysHead","testmod-Nyarlathotep","SynthV:TestCard","Golden Idol","AT_RedTearstoneRing","ats:Originium","Pen Nib","testmod-Temperance","Tiny Chest","testmod-IndustrialRevolution","Medical Kit","Toolbox","reliquary:TuningFork","AT_SpeedBoots","Dream Catcher","ats:Bonebreaker","RhineFirstAidKit","Vajra","Blue Doll","SalivaCoin","reliquary:FerryPass","reliquary:PartyBalloon","Ginger"],"acts_visited":["Exordium","TheCity","TheBeyond"],"potions_floor_usage":[50,50,50],"damage_taken":[{"damage":7.0,"enemies":"Small Slimes","floor":1.0,"turns":3.0},{"damage":2.0,"enemies":"conspire:RoseBush","floor":4.0,"turns":3.0},{"damage":8.0,"enemies":"ats:Genji","floor":7.0,"turns":3.0},{"damage":8.0,"enemies":"2 Fungi Beasts","floor":10.0,"turns":3.0},{"damage":10.0,"enemies":"Gremlin Nob","floor":12.0,"turns":4.0},{"damage":16.0,"enemies":"Red Slaver","floor":13.0,"turns":5.0},{"damage":4.0,"enemies":"Large Slime","floor":14.0,"turns":3.0},{"damage":0.0,"enemies":"Hexaghost","floor":16.0,"turns":6.0},{"damage":6.0,"enemies":"Chosen","floor":18.0,"turns":4.0},{"damage":7.0,"enemies":"Shell Parasite","floor":19.0,"turns":3.0},{"damage":32.0,"enemies":"3 Cultists","floor":22.0,"turns":5.0},{"damage":27.0,"enemies":"Snecko","floor":27.0,"turns":4.0},{"damage":12.0,"enemies":"Slavers","floor":30.0,"turns":4.0},{"damage":5.0,"enemies":"Snake Plant","floor":31.0,"turns":3.0},{"damage":20.0,"enemies":"Pondfish","floor":33.0,"turns":6.0},{"damage":49.0,"enemies":"3 Darklings","floor":35.0,"turns":4.0},{"damage":5,"enemies":"3 Shapes","floor":38,"turns":2},{"damage":27,"enemies":"Transient","floor":39,"turns":5},{"damage":8,"enemies":"Maw","floor":40,"turns":4},{"damage":8,"enemies":"Spire Growth","floor":44,"turns":5},{"damage":22,"enemies":"Nemesis","floor":46,"turns":3},{"damage":13,"enemies":"4 Shapes","floor":48,"turns":2},{"damage":30,"enemies":"Donu and Deca","floor":50,"turns":9}],"seed_played":"822994140752573813","potions_obtained":[{"floor":4.0,"key":"ats:Emergency Sanity Potion"},{"floor":12.0,"key":"Energy Potion"},{"floor":14.0,"key":"LiquidBronze"},{"floor":16.0,"key":"PowerPotion"},{"floor":31.0,"key":"SkillPotion"},{"floor":33.0,"key":"Fruit Juice"},{"floor":38,"key":"Explosive Potion"},{"floor":39,"key":"LifebloodPotion"},{"floor":45,"key":"Milkshake"}],"is_trial":false,"path_per_floor":["M","?","?","M","?","R","M","?","T","M","R","E","M","M","R","B",null,"M","M","?","?","M","R","?","R","T","M","$","T","E","M","R","B",null,"M","?","T","M","M","M","$","?","T","M","?","E","R","M","R","B",null],"character_chosen":"DOCTOR_CLASS","items_purchased":["testmod-IndustrialRevolution","Medical Kit","Toolbox","reliquary:TuningFork","AT_SpeedBoots","Blue Doll","SalivaCoin"],"campfire_rested":4,"item_purchase_floors":[28,28,28,28,28,41,41],"current_hp_per_floor":[72,72,72,70,51,51,43,28,28,20,43,33,17,13,36,42,74,69,62,62,62,71,71,71,71,71,44,44,44,32,27,49,43,79,36,36,36,31,22,79,79,79,79,77,58,44,44,36,58,72],"gold":732,"neow_bonus":"TEN_PERCENT_HP_BONUS","is_daily":false,"chose_seed":false,"campfire_upgraded":4,"win_rate":0.0,"timestamp":1613153798,"path_taken":["M","?","?","?","?","R","M","?","T","M","R","E","M","M","R","BOSS","M","M","?","?","M","R","?","R","T","?","$","?","E","M","R","BOSS","M","?","?","?","M","M","$","?","T","M","?","E","R","M","R","BOSS"],"items_purchased_type":["Relic","Relic","Relic","Relic","Relic","Relic","Relic"],"build_version":"2020-12-22","purchased_purges":3,"victory":true,"max_hp_per_floor":[79,79,79,79,79,79,79,79,79,79,79,79,79,79,79,79,74,74,74,74,74,74,74,74,74,74,74,74,74,74,74,74,74,79,79,79,79,79,79,79,79,79,79,79,79,79,79,76,76,76],"card_choices":[{"not_picked":["ats:Apocalypse","ats:Flexible Camouflage"],"picked":"ats:Hammer On","floor":1.0},{"not_picked":["ats:Sashimi Platter","ats:Guard Mode","ats:Shell Defense","ats:Poison Spread"],"picked":"ats:Defend Order","floor":4.0},{"not_picked":["ats:Magnetic Hammer","ats:Sword Rain","ats:Consecutive Shot Auto","ats:Thermite Blade"],"picked":"ats:Thorns","floor":7.0},{"not_picked":["Bomb","ats:Demon Strength","ats:Counter Healing Mode","ats:Rapid Magazine"],"picked":"ats:Chain Hook","floor":10.0},{"not_picked":["ats:Consecutive Shot Auto","ats:Hammer On","ats:Very Hot Blade","ats:Literary Storm"],"picked":"ats:Thorns","floor":12.0},{"not_picked":["ats:Disruption Kick","ats:Mental Burst","ats:Leaping Hammer","ats:Chain Hook"],"picked":"ats:Support Order","floor":13.0},{"not_picked":["ats:Closed Bolt Burst Fire","ats:Revitalization","ats:Leaping Hammer","ats:Hammer On"],"picked":"ats:Shell Defense","floor":14.0},{"not_picked":["ats:Shadow Assault","ats:Volcano","ats:Ambush","ats:True Silver Slash"],"picked":"ats:Roar Of Ursus","floor":16.0},{"not_picked":["ats:Apocalypse","ats:Consecutive Shot Auto","ats:Support Order","ats:Very Hot Blade"],"picked":"ats:Poison Spread","floor":18.0},{"not_picked":["ats:Steam Pump","ats:Blood Oath","ats:Shell Defense","ats:Flexible Camouflage"],"picked":"ats:Soul Absorption","floor":19.0},{"not_picked":["ats:Assault Order","ats:Flame Of Heaven","ats:Ignite","ats:Counter Healing Mode"],"picked":"ats:Composite Medical Shells","floor":22.0},{"not_picked":["ats:Poison Spread+1","ats:Apocalypse","ats:Revitalization+1","ats:Part Time Job"],"picked":"ats:Chain Hook","floor":27.0},{"not_picked":["ats:Durian","ats:Poison Spread","ats:Flexible Camouflage","ats:Shadow Raid+1"],"picked":"ats:Powerful Strike","floor":30.0},{"not_picked":["ats:Powerful Strike","ats:Guard Mode","ats:Assault Order+1","ats:Poison Spread"],"picked":"ats:Leaping Hammer","floor":31.0},{"not_picked":["ats:Flexible Camouflage","ats:Shell Defense","ats:Composite Medical Shells","ats:Magnetic Hammer"],"picked":"ats:Cat Scratch","floor":32.0},{"not_picked":["ats:True Silver Slash","ats:Fractured Body","ats:Roar Of Ursus","ats:Calcification"],"picked":"ats:Soul Rend","floor":33.0},{"not_picked":["ats:Hammer On+1","ats:Closed Bolt Burst Fire+1","ats:Flexible Camouflage","ats:Shadow Raid"],"picked":"ats:Blood Oath+1","floor":35.0},{"not_picked":["ats:LN2 Cannon+1","ats:Guardian Obelisk","ats:Chain Hook","ats:Ignite"],"picked":"ats:Healing Drone","floor":38},{"not_picked":["ats:Leaping Hammer+1","ats:Serious Mode+1","ats:Very Hot Blade+1","ats:Consecutive Shot Auto"],"picked":"ats:Beaten Up+1","floor":39},{"not_picked":["ats:Chain Hook","ats:True Silver Slash","ats:Part Time Job","ats:Healing Strengthening+1"],"picked":"ats:Thorns","floor":40},{"not_picked":["ats:Mental Burst","ats:Hammer On","ats:Poison Spread","ats:Blood Oath","ats:Absolute Focus"],"picked":"SKIP","floor":44},{"not_picked":["ats:Mental Burst+1","ats:Assault Order+1","ats:Counter Healing Mode","ats:Sunburst+1"],"picked":"ats:Guard Mode","floor":45},{"not_picked":["ats:Phantom+1","ats:Hammer On","ats:Soul Absorption","ats:Dogmatic Field"],"picked":"ats:Literary Storm","floor":46},{"not_picked":["ats:Flame Of Heaven","ats:Poison Spread+1","ats:Closed Bolt Burst Fire","ats:Leaping Hammer"],"picked":"ats:Absolute Focus+1","floor":48},{"not_picked":["ats:Phantom","ats:Apocalypse","ats:Curse Doll","ats:Powerful Strike+1"],"picked":"ats:Flexible Camouflage+1","floor":49}],"player_experience":263436,"relics_obtained":[{"floor":1.0,"key":"SynthV:TestCard"},{"floor":9.0,"key":"AT_RedTearstoneRing"},{"floor":12.0,"key":"ats:Originium"},{"floor":12.0,"key":"Pen Nib"},{"floor":26.0,"key":"Tiny Chest"},{"floor":29.0,"key":"Dream Catcher"},{"floor":30.0,"key":"ats:Originium"},{"floor":30.0,"key":"ats:Bonebreaker"},{"floor":37,"key":"Vajra"},{"floor":43,"key":"reliquary:FerryPass"},{"floor":45,"key":"reliquary:PartyBalloon"},{"floor":46,"key":"ats:Originium"},{"floor":46,"key":"Ginger"}],"event_choices":[{"damage_healed":0.0,"max_hp_gain":0.0,"max_hp_loss":0.0,"gold_gain":175.0,"event_name":"Liars Game","player_choice":"AGREE","floor":3.0,"gold_loss":0.0,"damage_taken":0.0,"cards_obtained":["Doubt"]},{"damage_healed":0.0,"max_hp_gain":0.0,"max_hp_loss":0.0,"gold_gain":0.0,"event_name":"Golden Idol","player_choice":"Take Damage","floor":5.0,"gold_loss":0.0,"damage_taken":19.0,"relics_obtained":["Golden Idol"]},{"damage_healed":0.0,"max_hp_gain":0.0,"max_hp_loss":0.0,"gold_gain":99.0,"event_name":"Nest","player_choice":"Stole From Cult","floor":20.0,"gold_loss":0.0,"damage_taken":0.0},{"damage_healed":0.0,"max_hp_gain":0.0,"max_hp_loss":0.0,"gold_gain":0.0,"event_name":"Upgrade Shrine","player_choice":"Upgraded","floor":24.0,"gold_loss":0.0,"damage_taken":0.0,"cards_upgraded":["ats:Thorns"]},{"damage_healed":0,"gold_gain":0,"player_choice":"Ignored","damage_taken":0,"max_hp_gain":0,"max_hp_loss":0,"event_name":"给自己的盒子","floor":36,"gold_loss":0},{"damage_healed":0,"gold_gain":400,"player_choice":"Sell","damage_taken":0,"max_hp_gain":0,"max_hp_loss":0,"event_name":"恩洛斯的盘子","floor":42,"relics_lost":["AT_ATBox"],"gold_loss":0}],"is_beta":false,"boss_relics":[{"not_picked":["reliquary:Craggleroot","testmod-NegativeEmotionEnhancer"],"picked":"testmod-Temperance"},{"not_picked":[]},{"not_picked":["reliquary:RedCape","Snecko Eye"],"picked":"RhineFirstAidKit"},{"not_picked":[]}],"items_purged_floors":[17,28,41],"is_endless":false,"potions_floor_spawned":[4,12,14,16,18,31,33,38,39],"ascension_level":0}}