{"host":"dn75ecfuf46shptz","time":1613100773,"event":{"mods":["AchievementEnabler","BaseMod","Bestiary","Better Match","Better Note","Better Sensory Stone","Better Third Choice","Better Vampires","Card Forge","Colored Powertips","Custom Start","Defuse TimeMaze Blight","Displayed Cursed Tome","Emptier Cage","Hermit","Highlight Path","Minty Spire (QoL Compilation)","Potionbrewer","Rare Cards Sparkle","Relic Filter","Reliquary","Shade Mod","Spicy Shops","StSLib","The Blue Laboratory","The Runesmith","TheFirefly","Unceasing Turn Reminder"],"gold_per_floor":[116,135,135,26,36,62,96,96,96,96,96,96,132,82,82,202,202,220,234,6,6,22,22,22],"floor_reached":23,"language":"ENG","playtime":4468,"items_purged":["potionbrewer:PotionbrewerDefend","potionbrewer:PotionbrewerDefend","potionbrewer:PotionbrewerStrike"],"score":207,"play_id":"216a1cc2-30cf-47d3-b1fb-df2386734899","local_time":"20210211213253","daily_mods":["Vintage","Diverse","Flight","Elite Swarm"],"is_ascension_mode":false,"campfire_choices":[{"floor":11,"key":"REST"},{"floor":15,"key":"REST"}],"circlet_count":0,"master_deck":["potionbrewer:PotionbrewerStrike","potionbrewer:PotionbrewerStrike","potionbrewer:PotionbrewerDefend","potionbrewer:PotionbrewerDefend","potionbrewer:Collect","potionbrewer:ChemicalSpill+1","potionbrewer:AcidCloud+1","Grand Finale+1","Melter+1","Injury","Clumsy","Melter+1"],"relics":["potionbrewer:PotionKit","Hammer of Thor","Seething Fire","Anvil of the Gods","thefirefly:LongRangeScanner","reliquary:TridentHead","Runesmith:AutoHammer","potionbrewer:ElricsMonocle","reliquary:NewFriend","Singing Bowl","The Courier","Du-Vu Doll","potionbrewer:ToyAutogyro","Golden Idol","reliquary:TridentHead","Cursed Key","Ancient Tea Set","Whetstone","DollysMirror","reliquary:QuartzCube"],"acts_visited":["Exordium","TheCity"],"potions_floor_usage":[6,6,6,13,16,16,16,18,18,18,19,22,23,23],"damage_taken":[{"damage":1.0,"enemies":"Jaw Worm","floor":1.0,"turns":4.0},{"damage":0.0,"enemies":"Small Slimes","floor":2.0,"turns":2.0},{"damage":3,"enemies":"Cultist","floor":5,"turns":4},{"damage":20,"enemies":"Lagavulin","floor":6,"turns":10},{"damage":25,"enemies":"Gremlin Nob","floor":7,"turns":4},{"damage":4,"enemies":"3 Sentries","floor":13,"turns":2},{"damage":9,"enemies":"The Guardian","floor":16,"turns":10},{"damage":13,"enemies":"2 Thieves","floor":18,"turns":5},{"damage":9,"enemies":"Shell Parasite","floor":19,"turns":6},{"damage":18,"enemies":"Chosen and Byrds","floor":22,"turns":5},{"damage":45,"enemies":"Book of Stabbing","floor":23,"turns":5}],"seed_played":"6228287839777694990","potions_obtained":[{"floor":1.0,"key":"SneckoOil"},{"floor":7,"key":"blueLaboratory:Moonshine"},{"floor":16,"key":"blueLaboratory:RememoryPotion"},{"floor":22,"key":"blueLaboratory:RecallPotion"}],"is_trial":true,"path_per_floor":["M","M","?","$","M","E","E","?","T","?","R","?","E","?","R","B",null,"M","M","$","?","M","E"],"character_chosen":"POTIONBREWER","items_purchased":["potionbrewer:AcidCloud","DollysMirror"],"campfire_rested":2,"item_purchase_floors":[4,20],"current_hp_per_floor":[74,74,74,74,71,51,28,19,19,19,42,42,40,40,63,56,81,68,59,59,59,41,0,0],"gold":22,"neow_bonus":"","is_daily":false,"chose_seed":false,"campfire_upgraded":0,"win_rate":0.0,"timestamp":1613100773,"path_taken":["M","M","?","$","M","E","E","?","T","?","R","?","E","?","R","BOSS","M","M","$","?","M","E"],"items_purchased_type":["Card","Relic"],"build_version":"2020-12-22","purchased_purges":3,"victory":false,"max_hp_per_floor":[75,75,75,75,75,75,77,77,77,77,77,77,79,79,79,81,81,81,81,81,81,81,81,81],"card_choices":[{"not_picked":["potionbrewer:BottomlessFlask","potionbrewer:AlchemistForm"],"picked":"Grand Finale","floor":6},{"not_picked":["Immolate","Creative AI","Runesmith:Duplicate"],"picked":"Singing Bowl","floor":7},{"not_picked":["Limit Break","Establishment","hermit:Gambit"],"picked":"Singing Bowl","floor":13},{"not_picked":["Shade:SoulPierce","Grand Finale","Establishment"],"picked":"Singing Bowl","floor":16}],"player_experience":142007,"relics_obtained":[{"floor":1.0,"key":"reliquary:TridentHead"},{"floor":2.0,"key":"Runesmith:AutoHammer"},{"floor":3.0,"key":"potionbrewer:ElricsMonocle"},{"floor":5,"key":"reliquary:NewFriend"},{"floor":6,"key":"Singing Bowl"},{"floor":7,"key":"The Courier"},{"floor":9,"key":"potionbrewer:ToyAutogyro"},{"floor":13,"key":"reliquary:SculptingSteel"},{"floor":18,"key":"Ancient Tea Set"},{"floor":19,"key":"Whetstone"},{"floor":22,"key":"reliquary:QuartzCube"}],"event_choices":[{"damage_healed":0.0,"max_hp_gain":0.0,"max_hp_loss":0.0,"gold_gain":0.0,"event_name":"Lab","player_choice":"Got Potions","floor":3.0,"gold_loss":0.0,"damage_taken":0.0},{"damage_healed":0,"gold_gain":1,"player_choice":"Card Relic ","damage_taken":9,"max_hp_gain":0,"max_hp_loss":0,"event_name":"betterThird:BetterScrap","floor":8,"gold_loss":0,"cards_obtained":["Melter","Hyperbeam"]},{"damage_healed":0,"gold_gain":0,"player_choice":"Take Wound","damage_taken":0,"relics_obtained":["Golden Idol"],"max_hp_gain":0,"max_hp_loss":0,"event_name":"Golden Idol","floor":10,"gold_loss":0,"cards_obtained":["Injury"]},{"damage_healed":0,"gold_gain":0,"player_choice":"Upgraded","damage_taken":0,"max_hp_gain":0,"max_hp_loss":0,"event_name":"Upgrade Shrine","floor":12,"gold_loss":0,"cards_upgraded":["potionbrewer:AcidCloud"]},{"cards_removed":["potionbrewer:PotionbrewerStrike"],"damage_healed":0,"gold_gain":0,"player_choice":"Card Removal","damage_taken":0,"max_hp_gain":0,"max_hp_loss":0,"event_name":"The Cleric","floor":14,"gold_loss":50},{"damage_healed":0,"gold_gain":0,"player_choice":"Ignored","damage_taken":0,"max_hp_gain":0,"max_hp_loss":0,"event_name":"Fountain of Cleansing","floor":21,"gold_loss":0}],"is_beta":false,"boss_relics":[{"not_picked":["Pandora\u0027s Box","Empty Cage"],"picked":"Cursed Key"}],"items_purged_floors":[4,20,20],"is_endless":false,"potions_floor_spawned":[1,7,16,22],"killed_by":"Book of Stabbing","ascension_level":0}}