{"host":"28p8ce41sjwa6lzf","time":1613150378,"event":{"mods":["BaseMod","Bestiary","Colored Map","Colored Powertips","Dark Map","Highlight Path","Minty Spire (QoL Compilation)","Permanent Neow","Quick Restart","Random Character Button","Rare Cards Sparkle","Relic Stats","StSLib","Unceasing Turn Reminder"],"gold_per_floor":[109,125,125,143,143,143,170,170,170,197,197,215,246,260,260,353,353,378,303,323,9,29,29,62,62,62,100,100,100],"floor_reached":28,"language":"ENG","playtime":2737,"items_purged":["Defend_P"],"score":802,"play_id":"ddeceec0-3e1c-4d29-8884-8f27a7bb47cf","local_time":"20210212111938","is_ascension_mode":true,"campfire_choices":[{"data":"EmptyFist","floor":6.0,"key":"SMITH"},{"data":"Protect","floor":8.0,"key":"SMITH"},{"data":"BattleHymn","floor":15,"key":"SMITH"},{"data":"TalkToTheHand","floor":23,"key":"SMITH"},{"data":"Tantrum","floor":25,"key":"SMITH"}],"circlet_count":0,"master_deck":["AscendersBane","Strike_P","Strike_P","Strike_P","Strike_P","Defend_P","Eruption","Vigilance","JustLucky","EmptyFist+1","Protect+1","TalkToTheHand+1","CarveReality","SpiritShield","BattleHymn+1","FlurryOfBlows","ConjureBlade","Evaluate+1","Sanctity","Tantrum+1","Wish"],"relics":["Coffee Dripper","Thread and Needle","Pocketwatch","Nunchaku","Golden Idol","Strawberry","Empty Cage","MealTicket","Frozen Eye","Bronze Scales","Boot"],"acts_visited":["Exordium","TheCity"],"potions_floor_usage":[13,18,20,22,28],"damage_taken":[{"damage":6.0,"enemies":"2 Louse","floor":1.0,"turns":2.0},{"damage":12.0,"enemies":"Small Slimes","floor":2.0,"turns":2.0},{"damage":5.0,"enemies":"Jaw Worm","floor":4.0,"turns":2.0},{"damage":13.0,"enemies":"3 Sentries","floor":7.0,"turns":11.0},{"damage":0.0,"enemies":"Lagavulin","floor":10.0,"turns":6.0},{"damage":0,"enemies":"3 Louse","floor":12,"turns":4},{"damage":0,"enemies":"3 Sentries","floor":13,"turns":4},{"damage":0,"enemies":"Large Slime","floor":14,"turns":3},{"damage":0,"enemies":"Hexaghost","floor":16,"turns":6},{"damage":0,"enemies":"Spheric Guardian","floor":18,"turns":3},{"damage":18,"enemies":"2 Thieves","floor":20,"turns":2},{"damage":10,"enemies":"Cultist and Chosen","floor":22,"turns":5},{"damage":0,"enemies":"Gremlin Leader","floor":24,"turns":4},{"damage":28,"enemies":"Slavers","floor":27,"turns":6},{"damage":19,"enemies":"Shelled Parasite and Fungi","floor":28,"turns":4}],"seed_played":"-9047757147390157069","potions_obtained":[{"floor":10.0,"key":"StancePotion"},{"floor":12,"key":"PowerPotion"},{"floor":13,"key":"GamblersBrew"},{"floor":14,"key":"Block Potion"},{"floor":20,"key":"Regen Potion"},{"floor":22,"key":"SneckoOil"}],"is_trial":false,"path_per_floor":["M","M","?","M","?","R","E","R","T","E","?","M","E","M","R","B",null,"M","$","M","$","M","R","E","R","T","E","M"],"character_chosen":"WATCHER","items_purchased":["MealTicket","Frozen Eye"],"campfire_rested":0,"item_purchase_floors":[21,21],"current_hp_per_floor":[55,43,43,38,38,38,25,25,25,25,25,25,32,32,32,32,60,60,60,42,42,44,44,44,44,44,16,0,0],"gold":100,"neow_bonus":"BOSS_RELIC","is_daily":false,"chose_seed":false,"campfire_upgraded":5,"win_rate":0.0,"timestamp":1613150378,"path_taken":["M","M","?","M","?","R","E","R","T","E","?","M","E","M","R","BOSS","M","$","M","$","M","R","E","R","T","E","M"],"items_purchased_type":["Relic","Relic"],"build_version":"2020-12-22","purchased_purges":1,"victory":false,"max_hp_per_floor":[68,68,68,68,68,68,68,68,68,68,62,62,69,69,69,69,69,69,69,69,69,69,69,69,69,69,69,69,69],"relic_stats":{"Nunchaku":[11],"counters":[15,64],"Golden Idol":60,"Bronze Scales":[54],"MealTicket":0,"Boot":[2],"obtain_stats":[{"Frozen Eye":21,"Nunchaku":10,"Golden Idol":11,"Strawberry":13,"Bronze Scales":24,"Thread and Needle":7,"MealTicket":21,"Coffee Dripper":0,"PureWater":0,"Empty Cage":17,"Boot":27,"Pocketwatch":9},{"Frozen Eye":11,"Nunchaku":5,"Golden Idol":5,"Strawberry":7,"Bronze Scales":13,"Thread and Needle":4,"MealTicket":11,"Coffee Dripper":0,"PureWater":0,"Empty Cage":9,"Boot":14,"Pocketwatch":4},{"Frozen Eye":45,"Nunchaku":23,"Golden Idol":23,"Strawberry":31,"Bronze Scales":54,"Thread and Needle":17,"MealTicket":45,"Coffee Dripper":0,"PureWater":0,"Empty Cage":40,"Boot":60,"Pocketwatch":17}],"Pocketwatch":[42]},"card_choices":[{"not_picked":["FollowUp","Consecrate"],"picked":"JustLucky","floor":1.0},{"not_picked":["WaveOfTheHand","FlyingSleeves"],"picked":"EmptyFist","floor":2.0},{"not_picked":["SashWhip","Evaluate"],"picked":"Protect","floor":4.0},{"not_picked":["Halt","EmptyFist"],"picked":"TalkToTheHand","floor":7.0},{"not_picked":["Prostrate","Adaptation"],"picked":"CarveReality","floor":10.0},{"not_picked":["ClearTheMind","Evaluate"],"picked":"SpiritShield","floor":12},{"not_picked":["Prostrate","Swivel"],"picked":"BattleHymn","floor":13},{"not_picked":["Prostrate","Weave"],"picked":"FlurryOfBlows","floor":14},{"not_picked":["Establishment","Brilliance"],"picked":"ConjureBlade","floor":16},{"not_picked":["Pray","CutThroughFate+1"],"picked":"Evaluate+1","floor":18},{"not_picked":["Indignation","CarveReality"],"picked":"Sanctity","floor":20},{"not_picked":["CrushJoints","SandsOfTime","Weave"],"picked":"SKIP","floor":22},{"not_picked":["FlyingSleeves","Crescendo+1"],"picked":"Tantrum","floor":24},{"not_picked":["FollowUp","InnerPeace"],"picked":"Wish","floor":27}],"player_experience":1348209,"relics_obtained":[{"floor":7.0,"key":"Thread and Needle"},{"floor":9.0,"key":"Pocketwatch"},{"floor":10.0,"key":"Nunchaku"},{"floor":13,"key":"Strawberry"},{"floor":24,"key":"Bronze Scales"},{"floor":27,"key":"Boot"}],"event_choices":[{"damage_healed":0.0,"max_hp_gain":0.0,"max_hp_loss":0.0,"gold_gain":0.0,"event_name":"Shining Light","player_choice":"Ignored","floor":3.0,"gold_loss":0.0,"damage_taken":0.0},{"damage_healed":0.0,"max_hp_gain":0.0,"max_hp_loss":0.0,"gold_gain":0.0,"event_name":"Liars Game","player_choice":"Ignored","floor":5.0,"gold_loss":0.0,"damage_taken":0.0},{"damage_healed":0.0,"max_hp_gain":0.0,"max_hp_loss":6.0,"gold_gain":0.0,"event_name":"Golden Idol","player_choice":"Lose Max HP","floor":11.0,"gold_loss":0.0,"damage_taken":0.0,"relics_obtained":["Golden Idol"]}],"is_beta":false,"boss_relics":[{"not_picked":["Velvet Choker","Busted Crown"],"picked":"Empty Cage"}],"items_purged_floors":[19],"is_endless":false,"potions_floor_spawned":[10,12,13,14,20,22],"killed_by":"Shelled Parasite and Fungi","ascension_level":20}}