{"host":"gaqyve1328ta0etl","time":1613101745,"event":{"mods":["BaseMod","Colored Map","Colored Powertips","Duelist Mod","Googly Eyes","Hero for Fun","Minty Spire (QoL Compilation)","Shop Mod","StSLib","SuperFastMode","The Hierophant","The Runesmith"],"gold_per_floor":[144,144,156,171,171,171,201,220,267,267,157,157,176,190,190,295,295,309,309,309,309],"floor_reached":20,"language":"ENG","playtime":590,"items_purged":["theDuelist:ArmoredZombie"],"score":252,"play_id":"0bd11920-4599-4e0a-abb4-369c51ee9b62","local_time":"20210211194905","is_ascension_mode":true,"campfire_choices":[{"data":"theDuelist:BrilliantFusion","floor":6,"key":"SMITH"},{"data":"theDuelist:FuryFire","floor":10,"key":"SMITH"},{"data":"theDuelist:FuryFire+1","floor":12,"key":"SMITH"},{"data":"theDuelist:FuryFire+2","floor":15,"key":"SMITH"}],"circlet_count":0,"master_deck":["theDuelist:ArmoredZombie","theDuelist:ShallowGrave","theDuelist:ClownZombie","theDuelist:SkullConductor","theDuelist:BrilliantFusion+1","theDuelist:CardSafeReturn","theDuelist:MammothGraveyard","theDuelist:ArchfiendZombieSkull","theDuelist:DarkFusion+1","theDuelist:FuryFire+4","theDuelist:PatricianDarkness","theDuelist:Chewbone","theDuelist:MonsterReborn","theDuelist:TutanMask","theDuelist:BookMoon","theDuelist:GhostrickSkeleton","theDuelist:ClownZombie","theDuelist:ArmoredZombie","theDuelist:GhostrickLantern"],"relics":["theDuelist:MillenniumPuzzle","theDuelist:CardPoolRelic","theDuelist:CardPoolBasicRelic","theDuelist:BoosterPackPoolRelic","theDuelist:CardPoolAddRelic","theDuelist:CardPoolMinusRelic","theDuelist:CardPoolSaveRelic","theDuelist:CardPoolOptionsRelic","NeowsBlessing","Blue Candle","Happy Flower","Ancient Tea Set","Black Star"],"acts_visited":["Exordium","TheCity"],"potions_floor_usage":[13,16,20],"damage_taken":[{"damage":0,"enemies":"2 Louse","floor":1,"turns":1},{"damage":0,"enemies":"Cultist","floor":3,"turns":1},{"damage":0,"enemies":"Small Slimes","floor":4,"turns":1},{"damage":14,"enemies":"3 Sentries","floor":7,"turns":7},{"damage":0,"enemies":"2 Fungi Beasts","floor":8,"turns":2},{"damage":0,"enemies":"Exordium Wildlife","floor":13,"turns":2},{"damage":0,"enemies":"Large Slime","floor":14,"turns":3},{"damage":36,"enemies":"Slime Boss","floor":16,"turns":4},{"damage":25,"enemies":"Spheric Guardian","floor":18,"turns":5},{"damage":42,"enemies":"3 Byrds","floor":20,"turns":4}],"seed_played":"6077736552591538001","potions_obtained":[{"floor":4,"key":"theDuelist:MegaupgradePotion"},{"floor":7,"key":"Explosive Potion"},{"floor":8,"key":"ColorlessPotion"},{"floor":13,"key":"EssenceOfDarkness"},{"floor":18,"key":"theDuelist:WhiteBottle"}],"is_trial":false,"path_per_floor":["M","?","M","M","?","R","E","M","T","R","$","R","M","M","R","B",null,"M","?","M"],"character_chosen":"THE_DUELIST","items_purchased":["theDuelist:BookMoon"],"campfire_rested":0,"item_purchase_floors":[11],"current_hp_per_floor":[72,72,72,72,72,72,58,58,58,58,58,58,58,58,58,22,66,41,41,0,0],"gold":309,"neow_bonus":"THREE_ENEMY_KILL","is_daily":false,"chose_seed":false,"campfire_upgraded":4,"win_rate":0.0,"timestamp":1613101745,"path_taken":["M","?","?","M","?","R","E","M","T","R","$","R","?","M","R","BOSS","M","?","M"],"items_purchased_type":["Card"],"build_version":"2020-12-22","purchased_purges":1,"victory":false,"max_hp_per_floor":[80,80,80,80,80,80,80,80,80,80,80,80,80,80,80,80,80,80,80,80,80],"card_choices":[{"not_picked":["theDuelist:DimensionBurial+1","theDuelist:MagicalGhost","theDuelist:OneForOne+1","theDuelist:BloodSucker"],"picked":"theDuelist:DarkFusion+1","floor":1},{"not_picked":["theDuelist:Skelesaurus","theDuelist:OvertexQoatlus","theDuelist:Miscellaneousaurus","theDuelist:FossilKnight"],"picked":"theDuelist:Chewbone","floor":3},{"not_picked":["theDuelist:VendreadNights","theDuelist:VendreadCharge","theDuelist:BattleFusion","theDuelist:ZombiePowerStruggle"],"picked":"theDuelist:BrilliantFusion","floor":4},{"not_picked":["theDuelist:Skullgios","theDuelist:ShiranuiSquiresaga","theDuelist:ShiranuiSpectralsword","theDuelist:ImperialTomb"],"picked":"theDuelist:FuryFire","floor":7},{"not_picked":["theDuelist:SouleatingOviraptor","theDuelist:Miscellaneousaurus","theDuelist:FossilSkullKing","theDuelist:FossilSkullConvoy"],"picked":"theDuelist:MammothGraveyard","floor":8},{"not_picked":["theDuelist:TriWight","theDuelist:PyramidTurtle","theDuelist:Wightmare","theDuelist:AvendreadSavior"],"picked":"theDuelist:GhostrickSkeleton","floor":13},{"not_picked":["theDuelist:Wasteland","theDuelist:OboroGuruma","theDuelist:DimensionFusion","theDuelist:ZombiePowerStruggle"],"picked":"theDuelist:CardSafeReturn","floor":14},{"not_picked":["theDuelist:VendreadDaybreak","theDuelist:Scapeghost","theDuelist:OverpoweringEye","theDuelist:BookLife"],"picked":"theDuelist:MonsterReborn","floor":16},{"not_picked":["theDuelist:PMCaptor","theDuelist:GhostrickDoll+1","theDuelist:FuryFire","theDuelist:CalledByGrave"],"picked":"theDuelist:GhostrickLantern","floor":18}],"player_experience":2145236,"relics_obtained":[{"floor":7,"key":"Happy Flower"},{"floor":9,"key":"Ancient Tea Set"}],"event_choices":[{"damage_healed":0,"gold_gain":0,"player_choice":"Leave","duelist":true,"damage_taken":0,"max_hp_gain":0,"max_hp_loss":0,"event_name":"Battle City","floor":2,"gold_loss":0},{"damage_healed":0,"gold_gain":0,"player_choice":"Gave Potion","damage_taken":0,"relics_obtained":["Blue Candle"],"max_hp_gain":0,"max_hp_loss":0,"event_name":"WeMeetAgain","floor":5,"gold_loss":0},{"damage_healed":0,"gold_gain":0,"player_choice":"Forge","damage_taken":0,"max_hp_gain":0,"max_hp_loss":0,"event_name":"Accursed Blacksmith","floor":19,"gold_loss":0,"cards_upgraded":["theDuelist:FuryFire"]}],"is_beta":false,"boss_relics":[{"not_picked":["Mark of Pain","Pandora\u0027s Box"],"picked":"Black Star"}],"items_purged_floors":[11],"is_endless":false,"potions_floor_spawned":[4,7,8,13,18],"killed_by":"3 Byrds","ascension_level":9}}