{"host":"9bcvatsnbq1a3xq4","time":1613165958,"event":{"mods":["BaseMod","Bestiary","Block Reminder","Highlight Path","Minty Spire (QoL Compilation)","Relic Stats","ojb\u0027s Info Mod"],"gold_per_floor":[109,184,184,204,37,37,62,73,73,73,107,107,107,123,123,198,198,212,262,262,262,20,46,46,66,66,66,66,66,98,110,110,110,110],"floor_reached":33,"language":"ENG","playtime":1471,"items_purged":["Strike_R"],"score":678,"play_id":"bae05da0-6473-4810-a1cb-2301d794e405","local_time":"20210212223918","is_ascension_mode":true,"campfire_choices":[{"data":"Carnage","floor":6,"key":"SMITH"},{"data":"Combust","floor":13,"key":"SMITH"},{"data":"Evolve","floor":15,"key":"SMITH"},{"floor":24,"key":"REST"},{"data":"Rage","floor":28,"key":"SMITH"},{"floor":32,"key":"REST"}],"circlet_count":0,"master_deck":["AscendersBane","Strike_R","Strike_R","Defend_R","Defend_R","Defend_R","Defend_R","Bash","Evolve+1","Anger","Carnage+1","Battle Trance","Fire Breathing","Combust+1","Reckless Charge","Blood for Blood","Offering","Rage+1","Wild Strike+1","Power Through","Bloodletting","Disarm"],"relics":["Burning Blood","NeowsBlessing","Juzu Bracelet","Letter Opener","Eternal Feather","SlaversCollar","Toy Ornithopter","Oddly Smooth Stone","Self Forming Clay","Torii"],"acts_visited":["Exordium","TheCity"],"potions_floor_usage":[11,23,23],"damage_taken":[{"damage":0,"enemies":"Jaw Worm","floor":1,"turns":1},{"damage":0,"enemies":"2 Louse","floor":4,"turns":1},{"damage":0,"enemies":"3 Sentries","floor":7,"turns":2},{"damage":8,"enemies":"Small Slimes","floor":8,"turns":3},{"damage":11,"enemies":"Gremlin Nob","floor":11,"turns":3},{"damage":13,"enemies":"Red Slaver","floor":14,"turns":3},{"damage":40,"enemies":"Slime Boss","floor":16,"turns":5},{"damage":15,"enemies":"Chosen","floor":18,"turns":3},{"damage":37,"enemies":"Slavers","floor":23,"turns":4},{"damage":23,"enemies":"3 Byrds","floor":25,"turns":3},{"damage":8,"enemies":"Gremlin Leader","floor":30,"turns":5},{"damage":26,"enemies":"Cultist and Chosen","floor":31,"turns":5},{"damage":65,"enemies":"Collector","floor":33,"turns":6}],"seed_played":"-4934896983161556294","potions_obtained":[{"floor":1,"key":"Explosive Potion"},{"floor":8,"key":"FearPotion"},{"floor":11,"key":"Swift Potion"},{"floor":31,"key":"SmokeBomb"}],"is_trial":false,"path_per_floor":["M","?","?","M","$","R","E","M","T","?","E","?","R","M","R","B",null,"M","?","?","?","$","E","R","M","T","?","R","?","E","M","R","B"],"character_chosen":"IRONCLAD","items_purchased":["Carnage","Battle Trance","Toy Ornithopter"],"campfire_rested":2,"item_purchase_floors":[5,5,22],"current_hp_per_floor":[74,63,56,62,62,62,68,66,66,66,61,57,66,59,68,34,65,56,56,56,35,35,14,50,33,33,33,45,45,43,23,59,0,0],"gold":110,"neow_bonus":"THREE_ENEMY_KILL","is_daily":false,"chose_seed":false,"campfire_upgraded":4,"win_rate":0.0,"timestamp":1613165958,"path_taken":["M","?","?","M","$","R","E","M","T","?","E","?","R","M","R","BOSS","M","?","?","?","$","E","R","M","T","?","R","?","E","M","R","BOSS"],"items_purchased_type":["Card","Card","Relic"],"build_version":"2020-12-22","purchased_purges":1,"victory":false,"max_hp_per_floor":[75,75,75,75,75,75,75,75,75,75,75,75,75,75,75,75,75,75,75,75,80,80,80,80,80,80,80,80,80,80,80,80,80,80],"relic_stats":{"Torii":4,"counters":[13,44],"Self Forming Clay":[51],"Eternal Feather":54,"Juzu Bracelet":1,"Letter Opener":[73],"obtain_stats":[{"SlaversCollar":17,"NeowsBlessing":0,"Torii":30,"Self Forming Clay":26,"Oddly Smooth Stone":23,"Eternal Feather":11,"Juzu Bracelet":7,"Letter Opener":9,"Burning Blood":0,"Toy Ornithopter":22},{"SlaversCollar":7,"NeowsBlessing":0,"Torii":11,"Self Forming Clay":10,"Oddly Smooth Stone":9,"Eternal Feather":5,"Juzu Bracelet":3,"Letter Opener":4,"Burning Blood":0,"Toy Ornithopter":8},{"SlaversCollar":18,"NeowsBlessing":0,"Torii":33,"Self Forming Clay":28,"Oddly Smooth Stone":25,"Eternal Feather":10,"Juzu Bracelet":4,"Letter Opener":7,"Burning Blood":0,"Toy Ornithopter":21}],"Burning Blood":72,"Toy Ornithopter":10},"card_choices":[{"not_picked":["Burning Pact","Shrug It Off"],"picked":"Evolve","floor":1},{"not_picked":["Dark Embrace","Sever Soul"],"picked":"Anger","floor":4},{"not_picked":["Clash","Reckless Charge"],"picked":"Fire Breathing","floor":7},{"not_picked":["Clothesline","Clash"],"picked":"Combust","floor":8},{"not_picked":["Havoc","Sword Boomerang"],"picked":"Reckless Charge","floor":11},{"not_picked":["Iron Wave","Clash"],"picked":"Blood for Blood","floor":14},{"not_picked":["Fiend Fire","Demon Form"],"picked":"Offering","floor":16},{"not_picked":["Body Slam","Dropkick"],"picked":"Rage","floor":18},{"not_picked":["Evolve","Hemokinesis"],"picked":"Wild Strike+1","floor":23},{"not_picked":["Iron Wave","Thunderclap"],"picked":"Power Through","floor":25},{"not_picked":["Pummel","Heavy Blade"],"picked":"Bloodletting","floor":30},{"not_picked":["Warcry","Armaments"],"picked":"Disarm","floor":31}],"player_experience":855648,"relics_obtained":[{"floor":7,"key":"Juzu Bracelet"},{"floor":9,"key":"Letter Opener"},{"floor":11,"key":"Eternal Feather"},{"floor":23,"key":"Oddly Smooth Stone"},{"floor":26,"key":"Self Forming Clay"},{"floor":30,"key":"Torii"}],"event_choices":[{"damage_healed":0,"gold_gain":75,"player_choice":"Gather Gold","damage_taken":11,"max_hp_gain":0,"max_hp_loss":0,"event_name":"World of Goop","floor":2,"gold_loss":0},{"cards_removed":["Strike_R"],"damage_healed":0,"gold_gain":0,"player_choice":"Card Removal","damage_taken":7,"max_hp_gain":0,"max_hp_loss":0,"event_name":"Golden Wing","floor":3,"gold_loss":0},{"damage_healed":0,"gold_gain":0,"player_choice":"Leave","damage_taken":0,"max_hp_gain":0,"max_hp_loss":0,"event_name":"The Cleric","floor":10,"gold_loss":0},{"damage_healed":0,"gold_gain":0,"player_choice":"Bought 0 Potions","damage_taken":0,"max_hp_gain":0,"max_hp_loss":0,"event_name":"The Woman in Blue","floor":12,"gold_loss":0},{"damage_healed":0,"gold_gain":50,"player_choice":"Stole From Cult","damage_taken":0,"max_hp_gain":0,"max_hp_loss":0,"event_name":"Nest","floor":19,"gold_loss":0},{"damage_healed":0,"gold_gain":0,"player_choice":"Ignored","damage_taken":0,"max_hp_gain":0,"max_hp_loss":0,"event_name":"Ghosts","floor":20,"gold_loss":0},{"damage_healed":0,"gold_gain":0,"player_choice":"Shed Blood","damage_taken":26,"max_hp_gain":5,"max_hp_loss":0,"event_name":"Forgotten Altar","floor":21,"gold_loss":0},{"cards_removed":["Strike_R"],"damage_healed":0,"gold_gain":0,"player_choice":"Offered Basic","damage_taken":0,"max_hp_gain":0,"max_hp_loss":0,"event_name":"Bonfire Elementals","floor":27,"gold_loss":0}],"is_beta":false,"boss_relics":[{"not_picked":["Ectoplasm","Runic Dome"],"picked":"SlaversCollar"}],"items_purged_floors":[22],"is_endless":false,"potions_floor_spawned":[1,8,11,18,31],"killed_by":"Collector","ascension_level":20}}