{"host":"prxrhpgaxnj4om9r","time":1613134132,"event":{"mods":["AchievementEnabler","BaseMod","DeckTracker","Keyboard Shortcuts","Minty Spire (QoL Compilation)"],"gold_per_floor":[216,216,229,241,254,284,284,24,24,24,39,53,53,1,1,106,106,119,133,146,163,18,18,52,67,67,67,81,81,116,129,129,228,228,242,257,307,307,356,356,22,22,22,22,37,52,0,24,24,24,24],"floor_reached":50,"language":"KOR","playtime":2757,"items_purged":[],"score":489,"play_id":"c224884c-8f11-47d1-aacc-86c5fa1e55dd","local_time":"20210212214852","is_ascension_mode":false,"campfire_choices":[{"floor":7,"key":"REST"},{"floor":10,"key":"REST"},{"floor":13,"key":"RECALL"},{"data":"Flechettes","floor":15,"key":"SMITH"},{"floor":23,"key":"REST"},{"floor":32,"key":"REST"},{"floor":40,"key":"REST"},{"floor":42,"key":"REST"},{"floor":49,"key":"REST"}],"circlet_count":0,"master_deck":["Strike_G","Strike_G","Strike_G","Defend_G","Defend_G","Defend_G","Survivor","Neutralize","Crippling Poison","Flechettes+1","Flying Knee","Dash","Deflect","Eviscerate+1","Dagger Spray+1","Bane+1","Unload+1","Dagger Throw+1","Escape Plan+1","Deflect+1","Blur","Finisher+1","Backflip+1","Blade Dance+1","Burst","Sucker Punch+1","Blade Dance+1","Backflip+1","Finisher+1","Bullet Time","Infinite Blades","Slice+1","Underhanded Strike+1","Swift Strike+1","Noxious Fumes+1","Finisher+1","Writhe","Deflect+1","Parasite","All Out Attack+1"],"relics":["Ring of the Snake","Tough Bandages","Molten Egg 2","Pocketwatch","Astrolabe","Vajra","InkBottle","Red Mask","WristBlade","WingedGreaves","Ice Cream","Paper Crane","Gremlin Horn","Strawberry"],"acts_visited":["Exordium","TheCity","TheBeyond"],"potions_floor_usage":[16,16,16,18,20,30,33,39,50],"damage_taken":[{"damage":6,"enemies":"Jaw Worm","floor":1,"turns":5},{"damage":4,"enemies":"Cultist","floor":3,"turns":3},{"damage":0,"enemies":"2 Louse","floor":4,"turns":4},{"damage":9,"enemies":"Large Slime","floor":5,"turns":6},{"damage":34,"enemies":"3 Sentries","floor":6,"turns":13},{"damage":9,"enemies":"2 Fungi Beasts","floor":11,"turns":3},{"damage":9,"enemies":"Blue Slaver","floor":12,"turns":3},{"damage":24,"enemies":"Slime Boss","floor":16,"turns":11},{"damage":3,"enemies":"Shell Parasite","floor":18,"turns":3},{"damage":0,"enemies":"Chosen","floor":19,"turns":4},{"damage":1,"enemies":"Centurion and Healer","floor":20,"turns":4},{"damage":23,"enemies":"Cultist and Chosen","floor":21,"turns":7},{"damage":8,"enemies":"Book of Stabbing","floor":24,"turns":6},{"damage":0,"enemies":"Sentry and Sphere","floor":25,"turns":3},{"damage":0,"enemies":"Snecko","floor":28,"turns":4},{"damage":3,"enemies":"Masked Bandits","floor":30,"turns":3},{"damage":3,"enemies":"Snake Plant","floor":31,"turns":2},{"damage":51,"enemies":"Automaton","floor":33,"turns":8},{"damage":7,"enemies":"3 Darklings","floor":35,"turns":3},{"damage":0,"enemies":"Orb Walker","floor":36,"turns":3},{"damage":14,"enemies":"Mind Bloom Boss Battle","floor":37,"turns":5},{"damage":43,"enemies":"2 Orb Walkers","floor":39,"turns":5},{"damage":3,"enemies":"Spire Growth","floor":45,"turns":4},{"damage":18,"enemies":"Writhing Mass","floor":46,"turns":5},{"damage":96,"enemies":"Donu and Deca","floor":50,"turns":7}],"seed_played":"-2183513872937056826","potions_obtained":[{"floor":6,"key":"SneckoOil"},{"floor":11,"key":"Dexterity Potion"},{"floor":12,"key":"Ancient Potion"},{"floor":16,"key":"Poison Potion"},{"floor":19,"key":"CultistPotion"},{"floor":25,"key":"CultistPotion"},{"floor":30,"key":"EssenceOfSteel"},{"floor":37,"key":"Dexterity Potion"}],"is_trial":false,"path_per_floor":["M","?","M","M","M","E","R","$","T","R","M","M","R","$","R","B",null,"M","M","M","M","$","R","E","M","T","?","M","?","?","M","R","B",null,"M","M","?","?","?","R","$","R","T","?","M","M","$","T","R","B"],"character_chosen":"THE_SILENT","items_purchased":["Molten Egg 2","Bane+1","Vajra","Paper Crane","Finisher+1","Explosive Potion"],"campfire_rested":7,"item_purchase_floors":[8,14,22,41,41,47],"current_hp_per_floor":[64,64,60,60,51,17,38,38,38,59,50,41,41,41,41,17,70,67,67,66,43,43,64,56,56,56,56,56,43,40,37,59,8,75,68,68,54,54,11,33,33,55,55,74,71,53,53,60,82,0,0],"gold":24,"neow_bonus":"HUNDRED_GOLD","is_daily":false,"chose_seed":false,"campfire_upgraded":1,"win_rate":0.0,"timestamp":1613134132,"path_taken":["M","?","M","M","M","E","R","$","T","R","M","?","R","$","R","BOSS","M","M","M","M","$","R","E","M","T","?","M","?","?","M","R","BOSS","M","M","?","?","?","R","?","R","T","?","M","M","?","?","R","BOSS"],"items_purchased_type":["Relic","Card","Relic","Relic","Card","Potion"],"build_version":"2020-12-22","purchased_purges":0,"victory":false,"max_hp_per_floor":[70,70,70,70,70,70,70,70,70,70,70,70,70,70,70,70,70,70,70,70,70,70,70,70,70,70,70,70,75,75,75,75,75,75,75,75,75,75,75,75,75,75,75,75,75,75,75,82,82,82,82],"card_choices":[{"not_picked":["Bane","Quick Slash"],"picked":"Crippling Poison","floor":1},{"not_picked":["Quick Slash","Outmaneuver"],"picked":"Flechettes","floor":3},{"not_picked":["Dodge and Roll","Poisoned Stab"],"picked":"Flying Knee","floor":4},{"not_picked":["Acrobatics","PiercingWail"],"picked":"Dash","floor":5},{"not_picked":["Distraction","Dodge and Roll"],"picked":"Deflect","floor":6},{"not_picked":["Dagger Throw+1","Deflect"],"picked":"Eviscerate+1","floor":11},{"not_picked":["Heel Hook+1","Underhanded Strike+1"],"picked":"Dagger Spray+1","floor":12},{"not_picked":["Wraith Form v2","Storm of Steel"],"picked":"Unload+1","floor":16},{"not_picked":["Flechettes+1","Bane+1"],"picked":"Blur","floor":18},{"not_picked":["Deadly Poison+1","Poisoned Stab+1"],"picked":"Finisher+1","floor":19},{"not_picked":["Prepared","Escape Plan"],"picked":"Backflip+1","floor":20},{"not_picked":["Flying Knee+1","Slice+1"],"picked":"Blade Dance+1","floor":21},{"not_picked":["Crippling Poison+1","Flying Knee+1"],"picked":"Burst","floor":24},{"not_picked":["Catalyst+1","Skewer+1"],"picked":"Sucker Punch+1","floor":25},{"not_picked":["Footwork+1","Dodge and Roll"],"picked":"Blade Dance+1","floor":28},{"not_picked":["Flying Knee+1","Cloak And Dagger"],"picked":"Backflip+1","floor":30},{"not_picked":["Expertise","Prepared"],"picked":"Finisher+1","floor":31},{"not_picked":["Tools of the Trade","Grand Finale+1"],"picked":"Bullet Time","floor":33},{"not_picked":["Underhanded Strike+1","Quick Slash+1"],"picked":"Infinite Blades","floor":35},{"not_picked":["Dodge and Roll+1","PiercingWail+1"],"picked":"Slice+1","floor":36},{"not_picked":["Well Laid Plans+1","Dagger Throw+1"],"picked":"Underhanded Strike+1","floor":37},{"not_picked":["Deep Breath","Madness"],"picked":"Swift Strike+1","floor":38},{"not_picked":["Flying Knee+1","Prepared+1"],"picked":"Noxious Fumes+1","floor":39},{"not_picked":["Backflip","Distraction"],"picked":"Deflect+1","floor":45},{"not_picked":["Acrobatics+1","Finisher+1"],"picked":"All Out Attack+1","floor":46}],"player_experience":405690,"relics_obtained":[{"floor":6,"key":"Tough Bandages"},{"floor":9,"key":"Pocketwatch"},{"floor":24,"key":"InkBottle"},{"floor":30,"key":"Red Mask"},{"floor":37,"key":"WingedGreaves"},{"floor":39,"key":"Ice Cream"},{"floor":43,"key":"Gremlin Horn"},{"floor":48,"key":"Strawberry"}],"event_choices":[{"cards_removed":["Defend_G"],"damage_healed":0,"gold_gain":0,"player_choice":"Card Removal","damage_taken":0,"max_hp_gain":0,"max_hp_loss":0,"event_name":"Wheel of Change","floor":2,"gold_loss":0},{"damage_healed":0,"gold_gain":0,"player_choice":"Ignored","damage_taken":0,"max_hp_gain":0,"max_hp_loss":0,"event_name":"Vampires","floor":27,"gold_loss":0},{"damage_healed":0,"gold_gain":0,"player_choice":"Shed Blood","damage_taken":18,"max_hp_gain":5,"max_hp_loss":0,"event_name":"Forgotten Altar","floor":29,"gold_loss":0},{"damage_healed":0,"gold_gain":0,"player_choice":"Fought Bandits","damage_taken":0,"max_hp_gain":0,"max_hp_loss":0,"event_name":"Masked Bandits","floor":30,"gold_loss":0},{"damage_healed":0,"gold_gain":0,"player_choice":"Fight","damage_taken":0,"max_hp_gain":0,"max_hp_loss":0,"event_name":"MindBloom","floor":37,"gold_loss":0},{"damage_healed":0,"gold_gain":0,"player_choice":"Memory 1","damage_taken":0,"max_hp_gain":0,"max_hp_loss":0,"event_name":"SensoryStone","floor":38,"gold_loss":0},{"damage_healed":0,"gold_gain":0,"player_choice":"Fight","damage_taken":0,"max_hp_gain":0,"max_hp_loss":0,"event_name":"Mysterious Sphere","floor":39,"gold_loss":0},{"damage_healed":19,"gold_gain":0,"player_choice":"Writhe","damage_taken":0,"max_hp_gain":0,"max_hp_loss":0,"event_name":"Winding Halls","floor":44,"gold_loss":0,"cards_obtained":["Writhe"]}],"is_beta":false,"boss_relics":[{"not_picked":["Philosopher\u0027s Stone","Cursed Key"],"picked":"Astrolabe"},{"not_picked":["Snecko Eye","Empty Cage"],"picked":"WristBlade"}],"items_purged_floors":[],"is_endless":false,"potions_floor_spawned":[6,11,12,16,19,25,30,37],"killed_by":"Donu and Deca","ascension_level":0}}