{"host":"nst1nauccqsb94jh","time":1613145775,"event":{"mods":["AchievementEnabler","BaseMod","Colored Map","Hermit","Marisa????????","Minty Spire (QoL Compilation)","Rare Cards Sparkle","Replay The Spire","StSLib","The Cursed","The Servant 0.9.4"],"gold_per_floor":[117,136,136,136,136,146,161,192,1,1,1],"floor_reached":10,"language":"ENG","playtime":962,"items_purged":[],"score":71,"play_id":"fad47f54-eff9-49b7-aafb-a29425c8ef7c","local_time":"20210212180255","daily_mods":["Draft","Diverse","Heirloom","Elite Swarm"],"is_ascension_mode":true,"campfire_choices":[],"circlet_count":0,"master_deck":["Melter","hermit:Snipe","DC","TheCursedMod:CursedStaff","Revamp","StarlightTyphoon","Calculated Gamble","GalacticHalo","hermit:SprayPray","Rebound","GravityBeat+1","Hello World","Expertise","Double Energy","Outmaneuver","TheCursedMod:CircleOfFlame","TheCursedMod:SaltUponWound","Dagger Throw","Tactician","Barricade","WitchOfGreed","BlazeAway","Enlightenment"],"relics":["MiniHakkero","Turnip","Shovel"],"acts_visited":["Exordium"],"potions_floor_usage":[10],"damage_taken":[{"damage":6,"enemies":"2 Louse","floor":1,"turns":2},{"damage":0,"enemies":"Small Slimes","floor":2,"turns":2},{"damage":11,"enemies":"Jaw Worm","floor":6,"turns":2},{"damage":2,"enemies":"Large Slime","floor":7,"turns":5},{"damage":24,"enemies":"Lagavulin","floor":8,"turns":5},{"damage":33,"enemies":"3 Sentries","floor":10,"turns":4}],"seed_played":"90463161330430","potions_obtained":[{"floor":2,"key":"PowerPotion"},{"floor":6,"key":"Dexterity Potion"},{"floor":7,"key":"Doom Potion"}],"is_trial":true,"path_per_floor":["M","M","PTL","PTL","?","M","M","E","$","E"],"character_chosen":"MARISA","items_purchased":["WitchOfGreed","BlazeAway","Enlightenment"],"campfire_rested":0,"item_purchase_floors":[9,9,9],"current_hp_per_floor":[69,69,69,69,69,58,56,32,32,0,0],"gold":1,"neow_bonus":"","is_daily":false,"chose_seed":true,"campfire_upgraded":0,"win_rate":0.0,"timestamp":1613145775,"path_taken":["M","M","PTL","PTL","?","M","M","E","$","E"],"items_purchased_type":["Card","Card","Card"],"build_version":"2020-12-22","purchased_purges":0,"victory":false,"max_hp_per_floor":[75,75,75,75,75,75,75,75,75,75,75],"card_choices":[{"not_picked":["hermit:SprayPray","Searing Blow"],"picked":"Melter","floor":0},{"not_picked":["hermit:TakeAim","Sucker Punch"],"picked":"hermit:Snipe","floor":0},{"not_picked":["Glacier","TheCursedMod:CursedArmor"],"picked":"DC","floor":0},{"not_picked":["Wild Strike","TheCursedMod:WearCloak"],"picked":"TheCursedMod:CursedStaff","floor":0},{"not_picked":["TheCursedMod:SmokeScreen","BasicCrystalCard"],"picked":"Revamp","floor":0},{"not_picked":["Reinforced Body","Leap"],"picked":"StarlightTyphoon","floor":0},{"not_picked":["Catalyst","Sword Boomerang"],"picked":"Calculated Gamble","floor":0},{"not_picked":["hermit:LowProfile","Redo"],"picked":"GalacticHalo","floor":0},{"not_picked":["hermit:Manifest","Acrobatics"],"picked":"hermit:SprayPray","floor":0},{"not_picked":["NonDirectionalLaser","TheCursedMod:Obscuration"],"picked":"Rebound","floor":0},{"not_picked":["Doom and Gloom","hermit:FullyLoaded"],"picked":"GravityBeat","floor":0},{"not_picked":["TheCursedMod:CircleOfAmplification","PowerUp"],"picked":"Hello World","floor":0},{"not_picked":["hermit:LuckOfTheDraw","Alleviate"],"picked":"Expertise","floor":0},{"not_picked":["Melter","GearUp"],"picked":"Double Energy","floor":0},{"not_picked":["hermit:BodyArmor","Choke"],"picked":"Outmaneuver","floor":0},{"not_picked":["TheCursedMod:HellfireBreathing","Dagger Throw"],"picked":"TheCursedMod:CircleOfFlame","floor":1},{"not_picked":["Defragment","Starlight"],"picked":"TheCursedMod:SaltUponWound","floor":2},{"not_picked":["Dagger Spray","Glacier"],"picked":"Dagger Throw","floor":6},{"not_picked":["ReplayTheSpireMod:Stacked","Burning Pact"],"picked":"Tactician","floor":7},{"not_picked":["TheCursedMod:CollectTribute","CollectingQuirk"],"picked":"Barricade","floor":8}],"player_experience":31284,"relics_obtained":[{"floor":8,"key":"Shovel"}],"event_choices":[],"is_beta":false,"boss_relics":[],"items_purged_floors":[],"is_endless":false,"potions_floor_spawned":[2,6,7],"killed_by":"3 Sentries","ascension_level":1}}