{"host":"dqv8oo4v229c1o2l","time":1613100297,"event":{"mods":["AchievementEnabler","BaseMod","Colored Map","Colored Powertips","Minty Spire (QoL Compilation)","Quick Restart","Rare Cards Sparkle","StSLib","Synergy Search"],"gold_per_floor":[118,129,61,79,89,122,122,122,122,222,251,251,263,282,282,282,282],"floor_reached":16,"language":"ENG","playtime":540,"items_purged":[],"score":162,"play_id":"03805627-68e7-4086-b694-090cac2e6d7f","local_time":"20210211192457","is_ascension_mode":true,"campfire_choices":[{"floor":7,"key":"REST"},{"floor":12,"key":"REST"},{"data":"Zap","floor":15,"key":"SMITH"}],"circlet_count":0,"master_deck":["Strike_B","Strike_B","Strike_B","Strike_B","Defend_B","Defend_B","Defend_B","Defend_B","Zap+1","Dualcast","Amplify","Heatsinks","Heatsinks","Storm","Stack","FTL","Barrage","Loop"],"relics":["Cracked Core","Gremlin Horn","HornCleat","Pantograph"],"acts_visited":["Exordium"],"potions_floor_usage":[6,6,16,16],"damage_taken":[{"damage":1.0,"enemies":"Cultist","floor":1.0,"turns":3.0},{"damage":9.0,"enemies":"Jaw Worm","floor":2.0,"turns":4.0},{"damage":7.0,"enemies":"2 Louse","floor":4.0,"turns":3.0},{"damage":8.0,"enemies":"Exordium Wildlife","floor":5.0,"turns":3.0},{"damage":24,"enemies":"Lagavulin","floor":6,"turns":7},{"damage":15,"enemies":"Gremlin Nob","floor":11,"turns":4},{"damage":22,"enemies":"Lots of Slimes","floor":13,"turns":4},{"damage":2,"enemies":"3 Louse","floor":14,"turns":4},{"damage":50,"enemies":"The Guardian","floor":16,"turns":10}],"seed_played":"-6901471587989574403","potions_obtained":[{"floor":1.0,"key":"Weak Potion"},{"floor":4.0,"key":"FocusPotion"},{"floor":11,"key":"Block Potion"},{"floor":13,"key":"Fire Potion"}],"is_trial":false,"path_per_floor":["M","M","$","M","M","E","R","T","T","?","E","R","M","M","R","B"],"character_chosen":"DEFECT","items_purchased":["Storm"],"campfire_rested":2,"item_purchase_floors":[3],"current_hp_per_floor":[67,58,58,51,43,19,41,41,41,41,26,48,26,24,24,0,0],"gold":282,"neow_bonus":"ONE_RANDOM_RARE_CARD","is_daily":false,"chose_seed":false,"campfire_upgraded":1,"win_rate":0.0,"timestamp":1613100297,"path_taken":["M","M","$","M","M","E","R","?","T","?","E","R","?","M","R","BOSS"],"items_purchased_type":["Card"],"build_version":"2020-12-22","purchased_purges":0,"victory":false,"max_hp_per_floor":[75,75,75,75,75,75,75,75,75,75,75,75,75,75,75,75,75],"card_choices":[{"not_picked":["Genetic Algorithm","Recycle"],"picked":"Heatsinks","floor":1.0},{"not_picked":["Compile Driver","Hello World"],"picked":"Heatsinks","floor":2.0},{"not_picked":["Chill","Redo"],"picked":"Stack","floor":4.0},{"not_picked":["Blizzard","Rebound"],"picked":"FTL","floor":5.0},{"not_picked":["Reprogram","Chill"],"picked":"Barrage","floor":6},{"not_picked":["Go for the Eyes","Meteor Strike"],"picked":"Loop","floor":11},{"not_picked":["Cold Snap","Conserve Battery","Turbo"],"picked":"SKIP","floor":13},{"not_picked":["Scrape","Rip and Tear","Rebound"],"picked":"SKIP","floor":14}],"player_experience":317184,"relics_obtained":[{"floor":6,"key":"Gremlin Horn"},{"floor":8,"key":"HornCleat"},{"floor":11,"key":"Pantograph"}],"event_choices":[{"damage_healed":0,"gold_gain":100,"player_choice":"Pray","damage_taken":0,"max_hp_gain":0,"max_hp_loss":0,"event_name":"Golden Shrine","floor":10,"gold_loss":0}],"is_beta":false,"boss_relics":[],"items_purged_floors":[],"is_endless":false,"potions_floor_spawned":[1,4,11,13],"killed_by":"The Guardian","ascension_level":9}}