{"host":"xi9hztp74zq5zdao","time":1613163272,"event":{"mods":["2.2 Compatiblity","BaseMod","Colored Map","Googly Eyes","Minty Spire (QoL Compilation)","Relic Sorter","StSLib","The Gatherer","The Hierophant","everything is the same but u backflip on backflip"],"gold_per_floor":[110,121,121,121,134,166,166,166,191,231,231,256,280,304,304,430,430,368,368,399,419,518,518,556,556,556,577,577,610,160,173,173,301,301,322,544,544,544,544],"floor_reached":38,"language":"ENG","playtime":3273,"items_purged":["hierophant:Strike_Hierophant"],"score":398,"play_id":"e610405d-e42c-40bd-9c44-4232370c35c1","local_time":"20210212155432","is_ascension_mode":true,"campfire_choices":[{"data":"hierophant:Glossolalia","floor":7,"key":"SMITH"},{"data":"hierophant:ArchangelShield","floor":11,"key":"SMITH"},{"data":"hierophant:Exaltation","floor":15,"key":"SMITH"},{"data":"hierophant:Glossolalia","floor":23,"key":"SMITH"},{"data":"hierophant:PristineSoul","floor":25,"key":"SMITH"},{"data":"hierophant:Repentance","floor":28,"key":"SMITH"},{"data":"hierophant:ArchangelShield","floor":32,"key":"SMITH"}],"circlet_count":0,"master_deck":["hierophant:Strike_Hierophant+1","hierophant:Strike_Hierophant","hierophant:Punish+1","hierophant:Defend_Hierophant","hierophant:Defend_Hierophant+1","hierophant:Defend_Hierophant","hierophant:Defend_Hierophant","hierophant:ChurchCoffers+1","hierophant:Sermon","hierophant:Glossolalia+1","hierophant:ArchangelShield+1","hierophant:ThreeLashes","hierophant:Exaltation+1","hierophant:Endure+1","hierophant:Blessing","hierophant:PristineSoul+1","hierophant:LocustPlague","hierophant:Glossolalia+1","hierophant:FlamingChariot","hierophant:MirrorShield","hierophant:Repentance+1","hierophant:Glossolalia+1","hierophant:Invocation","hierophant:Rebuild+1","hierophant:MirrorShield+1","hierophant:ArchangelShield+1","hierophant:Invocation","Madness","Madness"],"relics":["hierophant:PropheticMaskRelic","Prayer Wheel","Question Card","Whetstone","Golden Idol","Toy Ornithopter","War Paint","Happy Flower","Runic Dome","Red Mask","Bag of Preparation","Calipers","StoneCalendar","OrangePellets","Boot","Coffee Dripper"],"acts_visited":["Exordium","TheCity","TheBeyond"],"potions_floor_usage":[13],"damage_taken":[{"damage":3,"enemies":"Small Slimes","floor":1,"turns":3},{"damage":3,"enemies":"Jaw Worm","floor":2,"turns":3},{"damage":0,"enemies":"2 Louse","floor":5,"turns":1},{"damage":16,"enemies":"3 Sentries","floor":6,"turns":10},{"damage":9,"enemies":"Lagavulin","floor":10,"turns":7},{"damage":9,"enemies":"Looter","floor":12,"turns":3},{"damage":30,"enemies":"Gremlin Nob","floor":13,"turns":5},{"damage":0,"enemies":"Exordium Wildlife","floor":14,"turns":5},{"damage":2,"enemies":"Slime Boss","floor":16,"turns":7},{"damage":10,"enemies":"2 Thieves","floor":18,"turns":4},{"damage":17,"enemies":"Masked Bandits","floor":20,"turns":5},{"damage":10,"enemies":"Spheric Guardian","floor":21,"turns":4},{"damage":7,"enemies":"Gremlin Leader","floor":24,"turns":8},{"damage":33,"enemies":"3 Cultists","floor":27,"turns":5},{"damage":13,"enemies":"Book of Stabbing","floor":29,"turns":6},{"damage":0,"enemies":"Snake Plant","floor":31,"turns":3},{"damage":8,"enemies":"Champ","floor":33,"turns":11},{"damage":0,"enemies":"3 Shapes","floor":35,"turns":5},{"damage":89,"enemies":"2 Orb Walkers","floor":38,"turns":5}],"seed_played":"-126851818009548150","potions_obtained":[{"floor":2,"key":"SneckoOil"},{"floor":6,"key":"FearPotion"},{"floor":12,"key":"Strength Potion"},{"floor":13,"key":"EssenceOfSteel"},{"floor":21,"key":"FairyPotion"}],"is_trial":false,"path_per_floor":["M","M","?","T","M","E","R","?","T","E","R","M","E","M","R","B",null,"M","?","?","M","?","R","E","R","T","M","R","E","$","M","R","B",null,"M","?","?","?"],"character_chosen":"HIEROPHANT","items_purchased":["hierophant:ArchangelShield","OrangePellets","Boot"],"campfire_rested":0,"item_purchase_floors":[30,30,30],"current_hp_per_floor":[72,69,62,62,62,46,46,46,46,37,37,28,3,10,10,15,69,59,59,49,46,46,46,46,46,46,20,20,14,14,21,21,20,69,69,69,60,0,0],"gold":544,"neow_bonus":"UPGRADE_CARD","is_daily":false,"chose_seed":false,"campfire_upgraded":7,"win_rate":0.0,"timestamp":1613163272,"path_taken":["M","M","?","?","M","E","R","?","T","E","R","M","E","M","R","BOSS","M","?","?","M","?","R","E","R","T","?","R","E","$","M","R","BOSS","M","?","?","?"],"items_purchased_type":["Card","Relic","Relic"],"build_version":"2020-12-22","purchased_purges":1,"victory":false,"max_hp_per_floor":[75,75,75,75,75,75,75,69,69,69,69,69,69,69,69,69,69,69,69,69,69,69,69,69,69,69,69,69,69,69,69,69,69,69,69,69,69,69,69],"card_choices":[{"not_picked":["hierophant:Doubloon","hierophant:Remorse"],"picked":"hierophant:Sermon","floor":1},{"not_picked":["hierophant:PristineSoul","hierophant:AuricBeam"],"picked":"hierophant:Glossolalia","floor":2},{"not_picked":["hierophant:RecallFunds","hierophant:MirrorShield","hierophant:Martyrdom"],"picked":"hierophant:ArchangelShield","floor":5},{"not_picked":["hierophant:Mercenaries","hierophant:Doomsaying","hierophant:AuricBeam"],"picked":"hierophant:ThreeLashes","floor":5},{"not_picked":["hierophant:OrnateBuckler","hierophant:Sermon","hierophant:Dazzle"],"picked":"hierophant:Exaltation","floor":6},{"not_picked":["hierophant:Flagellation","hierophant:Charity","hierophant:Shelter"],"picked":"hierophant:Endure","floor":10},{"not_picked":["hierophant:ConvertCurrency","hierophant:Rebuild","hierophant:FaithHealing","hierophant:Shelter"],"picked":"SKIP","floor":12},{"not_picked":["hierophant:OrnateBuckler","hierophant:Shelter","hierophant:Encroach","hierophant:Doubloon"],"picked":"SKIP","floor":12},{"not_picked":["hierophant:MirrorShield","hierophant:SealAway","hierophant:Doubloon"],"picked":"hierophant:Blessing","floor":13},{"not_picked":["hierophant:ThreeLashes","hierophant:Embezzle","hierophant:AuricBeam"],"picked":"hierophant:RepressedViolence","floor":14},{"not_picked":["hierophant:Generosity","hierophant:AuricBeam","hierophant:Shelter"],"picked":"hierophant:PristineSoul","floor":14},{"not_picked":["hierophant:DeathKnell","hierophant:BulkyChest","hierophant:WrathOfGod"],"picked":"hierophant:LocustPlague","floor":16},{"not_picked":["hierophant:RepressedViolence","hierophant:HolyVerse","hierophant:SealAway"],"picked":"hierophant:Glossolalia","floor":18},{"not_picked":["hierophant:Purify","hierophant:Charity","hierophant:FieryStrike","hierophant:Shelter+1"],"picked":"SKIP","floor":18},{"not_picked":["hierophant:HammerAndAnvil","hierophant:Martyrdom","hierophant:Doomsaying"],"picked":"hierophant:Repentance","floor":20},{"not_picked":["hierophant:HolyVerse","hierophant:FlamingChariot","hierophant:SealAway+1"],"picked":"hierophant:Glossolalia+1","floor":21},{"not_picked":["hierophant:PassingBell+1","hierophant:SolarFlare","hierophant:MorningPrayer+1","hierophant:FieryStrike+1"],"picked":"SKIP","floor":21},{"not_picked":["hierophant:CoinFling+1","hierophant:Shelter+1","hierophant:Smite"],"picked":"hierophant:Invocation","floor":24},{"not_picked":["hierophant:RustyCrate","hierophant:CoinFling","hierophant:Mercenaries+1"],"picked":"hierophant:Rebuild+1","floor":27},{"not_picked":["hierophant:Patience+1","hierophant:Remorse+1","hierophant:Shelter","hierophant:AuricBeam"],"picked":"SKIP","floor":27},{"not_picked":["hierophant:FlamingChariot","hierophant:CursedGold","hierophant:SealAway"],"picked":"hierophant:MirrorShield+1","floor":29},{"not_picked":["hierophant:DeathKnell","hierophant:Zeal+1","hierophant:SealAway+1","hierophant:Remorse"],"picked":"SKIP","floor":31},{"not_picked":["hierophant:OrnateBuckler","hierophant:Remorse","hierophant:TollTheBells","hierophant:Smite"],"picked":"SKIP","floor":31},{"not_picked":["hierophant:Determination","hierophant:WrathOfGod","hierophant:DivineIntervention"],"picked":"hierophant:Invocation","floor":33},{"not_picked":["hierophant:RustyCrate","hierophant:MorningPrayer","hierophant:RepressedViolence+1","hierophant:HolyVerse"],"picked":"SKIP","floor":35},{"not_picked":["hierophant:Shelter+1","hierophant:SealAway","hierophant:FlamingChariot","hierophant:PassingBell+1"],"picked":"SKIP","floor":35}],"player_experience":1258420,"relics_obtained":[{"floor":4,"key":"Question Card"},{"floor":6,"key":"Whetstone"},{"floor":9,"key":"Toy Ornithopter"},{"floor":10,"key":"War Paint"},{"floor":13,"key":"Happy Flower"},{"floor":20,"key":"Red Mask"},{"floor":24,"key":"Bag of Preparation"},{"floor":26,"key":"Calipers"},{"floor":29,"key":"StoneCalendar"}],"event_choices":[{"damage_healed":0,"gold_gain":0,"player_choice":"Success","damage_taken":7,"relics_obtained":["Prayer Wheel"],"max_hp_gain":0,"max_hp_loss":0,"event_name":"Scrap Ooze","floor":3,"gold_loss":0},{"damage_healed":0,"gold_gain":0,"player_choice":"Lose Max HP","damage_taken":0,"relics_obtained":["Golden Idol"],"max_hp_gain":0,"max_hp_loss":6,"event_name":"Golden Idol","floor":8,"gold_loss":0},{"damage_healed":0,"gold_gain":0,"cards_transformed":["hierophant:Strike_Hierophant","hierophant:RepressedViolence"],"player_choice":"Became Test Subject","damage_taken":0,"max_hp_gain":0,"max_hp_loss":0,"event_name":"Drug Dealer","floor":19,"gold_loss":0,"cards_obtained":["hierophant:FlamingChariot","hierophant:MirrorShield"]},{"damage_healed":0,"gold_gain":0,"player_choice":"Fought Bandits","damage_taken":0,"max_hp_gain":0,"max_hp_loss":0,"event_name":"Masked Bandits","floor":20,"gold_loss":0},{"damage_healed":0,"gold_gain":99,"player_choice":"Stole From Cult","damage_taken":0,"max_hp_gain":0,"max_hp_loss":0,"event_name":"Nest","floor":22,"gold_loss":0},{"damage_healed":0,"gold_gain":222,"player_choice":"Wore Mask","damage_taken":0,"max_hp_gain":0,"max_hp_loss":0,"event_name":"Tomb of Lord Red Mask","floor":36,"gold_loss":0},{"damage_healed":0,"gold_gain":0,"player_choice":"Embrace Madness","damage_taken":9,"max_hp_gain":0,"max_hp_loss":0,"event_name":"Winding Halls","floor":37,"gold_loss":0,"cards_obtained":["Madness","Madness"]},{"damage_healed":0,"gold_gain":0,"player_choice":"Fight","damage_taken":0,"max_hp_gain":0,"max_hp_loss":0,"event_name":"Mysterious Sphere","floor":38,"gold_loss":0}],"is_beta":false,"boss_relics":[{"not_picked":["Astrolabe","Velvet Choker"],"picked":"Runic Dome"},{"not_picked":["SlaversCollar","SacredBark"],"picked":"Coffee Dripper"}],"items_purged_floors":[30],"is_endless":false,"potions_floor_spawned":[2,6,12,13,14,18,21,27,29],"killed_by":"2 Orb Walkers","ascension_level":1}}