{"host":"Sylvester","time":1613119101,"event":{"mods":["AchievementEnabler","BaseMod","Filter the Spire","Lobotomy","Minty Spire (QoL Compilation)","Replay The Spire","StSLib"],"gold_per_floor":[116,134,134,134,145,174,184,184,184,204,204,253,280,0,0,74,74,84,84,84,99,118,147,147,176,176,193,204,237,248,263,263,263,335,335,345,345,345,368,174,174,207,217,244,276,324,324,351,386,386,427,435,435,435,435,84,132,142,142],"floor_reached":58,"language":"ENG","playtime":3054,"items_purged":["Strike_P+1","Strike_P"],"score":2528,"play_id":"b3619938-08d4-4639-9897-1a7307de893f","local_time":"20210212003820","is_ascension_mode":true,"campfire_choices":[{"data":"SpiritShield","floor":11.0,"key":"SMITH"},{"data":"Conclude","floor":11.0,"key":"SMITH"},{"data":"BowlingBash","floor":15.0,"key":"SMITH"},{"data":"Consecrate","floor":15.0,"key":"SMITH"},{"data":"Ghostly","floor":24.0,"key":"SMITH"},{"data":"Ghostly","floor":24.0,"key":"SMITH"},{"data":"Ghostly","floor":32.0,"key":"SMITH"},{"data":"Ghostly","floor":32.0,"key":"SMITH"},{"data":"Wallop","floor":41,"key":"SMITH"},{"data":"ThirdEye","floor":41,"key":"SMITH"},{"floor":47,"key":"RECALL"},{"data":"WheelKick","floor":50,"key":"SMITH"},{"data":"MentalFortress","floor":50,"key":"SMITH"},{"floor":55,"key":"REST"}],"circlet_count":0,"master_deck":["AscendersBane","Strike_P","Strike_P","Defend_P","Defend_P","Eruption+1","Vigilance","CurseOfTheBell","Consecrate+1","CutThroughFate","SpiritShield+1","ReachHeaven","Conclude+1","MentalFortress+1","ThirdEye+1","WindmillStrike+1","BowlingBash+1","Vault","Ghostly+1","Ghostly+1","Ghostly+1","Ghostly+1","FollowUp+1","Crescendo+1","Replay:DivineShield+1","Wallop+1","EmptyMind+1","Omniscience+1","Replay:Sssssssssshield+1","Magnetism","Enlightenment+1","Omniscience+1","Omniscience+1","EmptyFist+1","WheelKick+1","SpiritShield+1","TalkToTheHand","Wallop","Replay:Vibes+1"],"relics":["Calling Bell","Dream Catcher","Pocketwatch","Replay:Bottled Eggs","Chameleon Ring","Replay:Arrowhead","Simple Rune","Ginger","PreservedInsect","SlaversCollar","Toxic Egg 2","Onion Ring","MealTicket","Snecko Eye","Bag of Preparation","Pet Ghost","Replay:Bandana","Lantern","Strawberry"],"acts_visited":["Exordium","TheCity","TheBeyond","TheEnding"],"potions_floor_usage":[34,51,51,51,51,52,52,58,58,58,58,58,58,58],"damage_taken":[{"damage":1.0,"enemies":"Cultist","floor":1.0,"turns":4.0},{"damage":3.0,"enemies":"2 Louse","floor":2.0,"turns":2.0},{"damage":7.0,"enemies":"Jaw Worm","floor":5.0,"turns":2.0},{"damage":0.0,"enemies":"Gremlin Nob","floor":6.0,"turns":2.0},{"damage":11.0,"enemies":"Blue Slaver","floor":7.0,"turns":4.0},{"damage":0.0,"enemies":"Large Slime","floor":10.0,"turns":3.0},{"damage":0.0,"enemies":"3 Sentries","floor":13.0,"turns":2.0},{"damage":0.0,"enemies":"Fading Forest","floor":16.0,"turns":13.0},{"damage":6.0,"enemies":"2 Thieves","floor":18.0,"turns":2.0},{"damage":0.0,"enemies":"Chosen","floor":21.0,"turns":4.0},{"damage":1.0,"enemies":"Snecko","floor":22.0,"turns":5.0},{"damage":0.0,"enemies":"Slavers","floor":23.0,"turns":3.0},{"damage":0.0,"enemies":"Replay:Snechameleon","floor":25.0,"turns":3.0},{"damage":1.0,"enemies":"Sentry and Sphere","floor":27.0,"turns":4.0},{"damage":1.0,"enemies":"Centurion and Healer","floor":28.0,"turns":3.0},{"damage":2.0,"enemies":"Book of Stabbing","floor":29.0,"turns":4.0},{"damage":0.0,"enemies":"Snake Plant","floor":30.0,"turns":5.0},{"damage":1.0,"enemies":"Snecko","floor":31.0,"turns":3.0},{"damage":12,"enemies":"Champ","floor":34,"turns":9},{"damage":0,"enemies":"3 Shapes","floor":36,"turns":4},{"damage":0,"enemies":"Nemesis","floor":42,"turns":1},{"damage":0,"enemies":"Orb Walker","floor":43,"turns":1},{"damage":0,"enemies":"Sphere and 2 Shapes","floor":45,"turns":1},{"damage":0,"enemies":"Reptomancer","floor":46,"turns":2},{"damage":0,"enemies":"Transient","floor":48,"turns":6},{"damage":0,"enemies":"Spire Growth","floor":49,"turns":1},{"damage":0,"enemies":"Awakened One","floor":51,"turns":11},{"damage":25,"enemies":"Time Eater","floor":52,"turns":9},{"damage":0,"enemies":"Shield and Spear","floor":57,"turns":3},{"damage":50,"enemies":"The Heart","floor":58,"turns":8}],"seed_played":"8291901079791542344","potions_obtained":[{"floor":1.0,"key":"EssenceOfSteel"},{"floor":5.0,"key":"LiquidBronze"},{"floor":7.0,"key":"BottledMiracle"},{"floor":10.0,"key":"DistilledChaos"},{"floor":18.0,"key":"SkillPotion"},{"floor":22.0,"key":"Energy Potion"},{"floor":23.0,"key":"Dexterity Potion"},{"floor":29.0,"key":"Block Potion"},{"floor":33.0,"key":"EntropicBrew"},{"floor":33.0,"key":"GamblersBrew"},{"floor":34,"key":"DuplicationPotion"},{"floor":42,"key":"Ambrosia"}],"is_trial":false,"path_per_floor":["M","M","?","?","M","E","M","?","T","M","R","T","E","$","R","B",null,"M","?","?","M","M","E","R","E","T","M","M","E","M","M","R","R","B",null,"M","?","?","T","$","R","E","M","T","M","E","R","M","M","R","B","B",null,null,"R","$","E","B"],"character_chosen":"WATCHER","items_purchased":["WindmillStrike+1","BowlingBash","PreservedInsect","Omniscience+1","TalkToTheHand","Wallop","ColorlessPotion","LifebloodPotion"],"campfire_rested":1,"item_purchase_floors":[14,14,14,40,56,56,56,56],"current_hp_per_floor":[60,57,57,57,50,50,39,39,39,39,39,39,39,39,39,47,63,57,34,34,34,33,33,33,33,33,32,31,29,29,28,28,28,16,30,30,30,20,20,34,34,34,34,34,34,34,34,34,34,34,34,9,9,28,34,34,41,0,0],"gold":142,"neow_bonus":"BOSS_RELIC","is_daily":false,"chose_seed":false,"campfire_upgraded":12,"win_rate":0.0,"timestamp":1613119100,"path_taken":["M","M","?","?","M","E","?","?","T","M","R","?","E","$","R","BOSS","M","?","?","?","M","E","R","E","T","M","M","E","M","M","R","R","BOSS","M","?","?","?","$","R","E","M","T","M","E","R","M","M","R","BOSS","BOSS","R","$","E","BOSS"],"items_purchased_type":["Card","Card","Relic","Card","Card","Card","Potion","Potion"],"build_version":"2020-11-17","purchased_purges":2,"victory":false,"max_hp_per_floor":[68,68,68,68,68,68,68,68,68,68,68,68,68,68,68,68,68,68,34,34,34,34,34,34,34,34,34,34,34,34,34,34,34,34,34,34,34,34,34,34,34,34,34,34,34,34,34,34,34,34,34,34,34,34,34,34,41,41,41],"card_choices":[{"not_picked":["Replay:Cycle","Study"],"picked":"Consecrate","floor":1.0},{"not_picked":["PathToVictory","Perseverance"],"picked":"CutThroughFate","floor":2.0},{"not_picked":["Replay:Hum","SignatureMove"],"picked":"ReachHeaven","floor":5.0},{"not_picked":["FlurryOfBlows","JustLucky"],"picked":"Conclude","floor":6.0},{"not_picked":["Prostrate","FlurryOfBlows"],"picked":"MentalFortress","floor":7.0},{"not_picked":["Pray","WheelKick","Evaluate"],"picked":"SKIP","floor":10.0},{"not_picked":["Replay:Vibes","Brilliance"],"picked":"ThirdEye","floor":13.0},{"not_picked":["MasterReality","Omniscience"],"picked":"Vault","floor":16.0},{"not_picked":["FlyingSleeves","Fasting2","Consecrate"],"picked":"SKIP","floor":18.0},{"not_picked":["ThirdEye","Worship+1","EmptyBody"],"picked":"SKIP","floor":21.0},{"not_picked":["Protect","PathToVictory"],"picked":"FollowUp+1","floor":22.0},{"not_picked":["EmptyBody+1","Adaptation+1"],"picked":"Crescendo+1","floor":23.0},{"not_picked":["ReachHeaven","Pray+1","CutThroughFate"],"picked":"SKIP","floor":25.0},{"not_picked":["Omniscience+1","Protect+1"],"picked":"Replay:DivineShield+1","floor":27.0},{"not_picked":["Nirvana","WaveOfTheHand+1","LikeWater"],"picked":"SKIP","floor":28.0},{"not_picked":["FlurryOfBlows","Swivel+1"],"picked":"Wallop","floor":29.0},{"not_picked":["Pray+1","ClearTheMind+1"],"picked":"EmptyMind+1","floor":30.0},{"not_picked":["SashWhip","Prostrate+1","Study"],"picked":"SKIP","floor":31.0},{"not_picked":["Alpha+1","Replay:LoomingThreat"],"picked":"Omniscience+1","floor":34},{"not_picked":["Replay:AtTheReady+1","ThirdEye+1","Halt+1"],"picked":"SKIP","floor":36},{"not_picked":["Dramatic Entrance","Sadistic Nature"],"picked":"Replay:Sssssssssshield+1","floor":38},{"not_picked":["ReplayTheSpireMod:Uncanny Aura+1","Impatience+1"],"picked":"Magnetism","floor":38},{"not_picked":["Master of Strategy+1","Bandage Up+1"],"picked":"Enlightenment+1","floor":38},{"not_picked":["ClearTheMind+1","MasterReality","FollowUp"],"picked":"SKIP","floor":42},{"not_picked":["FollowUp+1","FlyingSleeves+1"],"picked":"EmptyFist+1","floor":43},{"not_picked":["Meditate+1","Collect+1"],"picked":"WheelKick","floor":45},{"not_picked":["FollowUp","PathToVictory+1","WindmillStrike"],"picked":"SKIP","floor":46},{"not_picked":["Fasting2","CutThroughFate+1","Crescendo+1"],"picked":"SKIP","floor":48},{"not_picked":["FearNoEvil","Replay:AtTheReady+1","SignatureMove"],"picked":"SKIP","floor":49},{"not_picked":["SandsOfTime","Replay:BluntJabs"],"picked":"SpiritShield+1","floor":55},{"not_picked":["Replay:Cycle+1","Replay:AtTheReady+1"],"picked":"Replay:Vibes+1","floor":57}],"player_experience":243147,"relics_obtained":[{"floor":0.0,"key":"Dream Catcher"},{"floor":0.0,"key":"Pocketwatch"},{"floor":0.0,"key":"Replay:Bottled Eggs"},{"floor":6.0,"key":"Chameleon Ring"},{"floor":9.0,"key":"Replay:Arrowhead"},{"floor":12.0,"key":"Simple Rune"},{"floor":13.0,"key":"Ginger"},{"floor":23.0,"key":"Toxic Egg 2"},{"floor":25.0,"key":"Onion Ring"},{"floor":29.0,"key":"MealTicket"},{"floor":39,"key":"Bag of Preparation"},{"floor":42,"key":"Pet Ghost"},{"floor":44,"key":"Replay:Bandana"},{"floor":46,"key":"Lantern"},{"floor":57,"key":"Strawberry"}],"event_choices":[{"damage_healed":0.0,"max_hp_gain":0.0,"max_hp_loss":0.0,"gold_gain":0.0,"event_name":"Living Wall","player_choice":"Grow","floor":3.0,"gold_loss":0.0,"damage_taken":0.0,"cards_upgraded":["Eruption"]},{"damage_healed":0.0,"max_hp_gain":0.0,"max_hp_loss":0.0,"gold_gain":0.0,"cards_transformed":["Defend_P"],"event_name":"Transmorgrifier","player_choice":"Transformed","floor":4.0,"gold_loss":0.0,"damage_taken":0.0,"cards_obtained":["SpiritShield"]},{"damage_healed":0.0,"max_hp_gain":0.0,"max_hp_loss":0.0,"gold_gain":0.0,"event_name":"Liars Game","player_choice":"Ignored","floor":8.0,"gold_loss":0.0,"damage_taken":0.0},{"damage_healed":0.0,"max_hp_gain":0.0,"max_hp_loss":34.0,"gold_gain":0.0,"event_name":"Ghosts","player_choice":"Became a Ghost","floor":19.0,"gold_loss":0.0,"damage_taken":0.0,"cards_obtained":["Ghostly","Ghostly","Ghostly"]},{"damage_healed":0.0,"max_hp_gain":0.0,"max_hp_loss":0.0,"gold_gain":0.0,"event_name":"Duplicator","player_choice":"Copied","floor":20.0,"gold_loss":0.0,"damage_taken":0.0,"cards_obtained":["Ghostly"]},{"cards_removed":["Defend_P"],"damage_healed":0,"gold_gain":0,"player_choice":"Removed Skill","damage_taken":0,"max_hp_gain":0,"max_hp_loss":0,"event_name":"Falling","floor":37,"gold_loss":0},{"damage_healed":0,"gold_gain":0,"player_choice":"Memory 3","damage_taken":10,"max_hp_gain":0,"max_hp_loss":0,"event_name":"SensoryStone","floor":38,"gold_loss":0}],"is_beta":true,"boss_relics":[{"not_picked":["Astrolabe","Kintsugi"],"picked":"SlaversCollar"},{"not_picked":["SacredBark","VioletLotus"],"picked":"Snecko Eye"}],"items_purged_floors":[40,56],"is_endless":false,"potions_floor_spawned":[1,5,7,10,18,22,23,27,29,34,42,43,48],"killed_by":"The Heart","ascension_level":20}}