{"host":"bbmxo8e8cdq8htg1","time":1613112691,"event":{"mods":["AchievementEnabler","BaseMod","Better Match","Better Third Choice","BetterRewards","Colored Powertips","DeckTracker","Dota2Spire","Mimic Mod","Minty Spire (QoL Compilation)","Permanent Neow","Quick Restart","Rare Cards Sparkle","Relic Stats","Replay The Spire","Shop Mod","Spicy Shops","StSLib","SuperFastMode","The Blue Laboratory","The Forsaken","The Jungle"],"gold_per_floor":[113,123,133,133,133,169,169,169,169],"floor_reached":8,"language":"ENG","playtime":202,"items_purged":[],"score":64,"play_id":"565e5ff1-cc78-454f-b5ff-2f8ce6ae8348","local_time":"20210212095131","is_ascension_mode":true,"campfire_choices":[{"floor":7,"key":"REST"}],"circlet_count":0,"master_deck":["Strike_R","Strike_R","Strike_R","Strike_R","Strike_R","Defend_R","Defend_R","Defend_R","Defend_R","Bash","Carnage","Heavy Blade","Reaper"],"relics":["Burning Blood","NeowsBlessing","Golden Idol","ReplayTheSpireMod:Spearhead"],"acts_visited":["Exordium"],"potions_floor_usage":[8],"damage_taken":[{"damage":0,"enemies":"Small Slimes","floor":1,"turns":1},{"damage":0,"enemies":"Jaw Worm","floor":2,"turns":1},{"damage":0,"enemies":"Cultist","floor":3,"turns":1},{"damage":45,"enemies":"3 Sentries","floor":6,"turns":8},{"damage":62,"enemies":"Lagavulin","floor":8,"turns":6}],"seed_played":"-4739161058518319925","potions_obtained":[{"floor":3,"key":"Dexterity Potion"}],"is_trial":false,"path_per_floor":["M","M","M","$","?","E","R","E"],"character_chosen":"IRONCLAD","items_purchased":[],"campfire_rested":1,"item_purchase_floors":[],"current_hp_per_floor":[80,80,80,80,60,21,45,0,0],"gold":169,"neow_bonus":"THREE_ENEMY_KILL","is_daily":false,"chose_seed":false,"campfire_upgraded":0,"win_rate":0.0,"timestamp":1613112691,"path_taken":["M","M","M","$","?","E","R","E"],"items_purchased_type":[],"build_version":"2020-12-22","purchased_purges":0,"victory":false,"max_hp_per_floor":[80,80,80,80,80,80,80,80,80],"relic_stats":{"counters":[5,17],"Golden Idol":7,"obtain_stats":[{"ReplayTheSpireMod:Spearhead":6,"NeowsBlessing":0,"Golden Idol":5,"Burning Blood":0},{"ReplayTheSpireMod:Spearhead":4,"NeowsBlessing":0,"Golden Idol":3,"Burning Blood":0},{"ReplayTheSpireMod:Spearhead":11,"NeowsBlessing":0,"Golden Idol":3,"Burning Blood":0}],"Burning Blood":6},"card_choices":[{"not_picked":["Clothesline","ReplayReversal","Wild Strike"],"picked":"SKIP","floor":1},{"not_picked":["Cleave","Perfected Strike"],"picked":"Carnage","floor":2},{"not_picked":["Perfected Strike","Abandon"],"picked":"Heavy Blade","floor":3},{"not_picked":["Uppercut","Armaments"],"picked":"Reaper","floor":6}],"player_experience":12420,"relics_obtained":[{"floor":6,"key":"ReplayTheSpireMod:Spearhead"}],"event_choices":[{"damage_healed":0,"gold_gain":0,"player_choice":"Take Damage","damage_taken":20,"relics_obtained":["Golden Idol"],"max_hp_gain":0,"max_hp_loss":0,"event_name":"Golden Idol","floor":5,"gold_loss":0}],"is_beta":false,"boss_relics":[],"items_purged_floors":[],"is_endless":false,"potions_floor_spawned":[3],"killed_by":"Lagavulin","ascension_level":3}}