{"host":"fbdlh90rovbiajun","time":1613113287,"event":{"mods":["AchievementEnabler","BaseMod","Colored Map","Minty Spire (QoL Compilation)","SuperFastMode"],"gold_per_floor":[119,134,148,21,31,47,47,47,47,47,47,66,66,66,66,164,164,180,80,40,56,89,89,89],"floor_reached":23,"language":"KOR","playtime":777,"items_purged":["Strike_B","Defend_B"],"score":181,"play_id":"94ca15b4-2565-47df-98aa-7993b13ec67b","local_time":"20210212160127","is_ascension_mode":false,"campfire_choices":[{"data":"Gash","floor":11,"key":"SMITH"},{"data":"Streamline","floor":15,"key":"SMITH"}],"circlet_count":0,"master_deck":["Strike_B","Strike_B","Strike_B+1","Defend_B+1","Zap+1","Dualcast+1","Streamline+1","Gash","Gash+1","Streamline+1","Gash+1"],"relics":["Cracked Core","Pear","Nuclear Battery","Red Mask"],"acts_visited":["Exordium","TheCity"],"potions_floor_usage":[],"damage_taken":[{"damage":0,"enemies":"Small Slimes","floor":1,"turns":2},{"damage":0,"enemies":"2 Louse","floor":2,"turns":3},{"damage":0,"enemies":"Jaw Worm","floor":3,"turns":4},{"damage":14,"enemies":"Large Slime","floor":5,"turns":5},{"damage":9,"enemies":"2 Fungi Beasts","floor":6,"turns":3},{"damage":13,"enemies":"Red Slaver","floor":12,"turns":2},{"damage":44,"enemies":"Slime Boss","floor":16,"turns":9},{"damage":20,"enemies":"2 Thieves","floor":18,"turns":3},{"damage":2,"enemies":"Spheric Guardian","floor":21,"turns":3},{"damage":11,"enemies":"Masked Bandits","floor":22,"turns":3},{"damage":52,"enemies":"Slavers","floor":23,"turns":3}],"seed_played":"-4339931162212007291","potions_obtained":[{"floor":1,"key":"Dexterity Potion"},{"floor":2,"key":"Strength Potion"},{"floor":5,"key":"Regen Potion"}],"is_trial":false,"path_per_floor":["M","M","M","$","M","M","?","?","T","$","R","M","$","?","R","B",null,"M","$","?","M","?","E"],"character_chosen":"DEFECT","items_purchased":["Gash"],"campfire_rested":0,"item_purchase_floors":[4],"current_hp_per_floor":[75,75,75,75,61,52,45,70,80,80,80,67,67,50,50,6,85,65,65,65,63,52,0,0],"gold":89,"neow_bonus":"REMOVE_CARD","is_daily":false,"chose_seed":false,"campfire_upgraded":2,"win_rate":0.0,"timestamp":1613113287,"path_taken":["M","M","M","$","M","M","?","?","T","$","R","M","?","?","R","BOSS","M","$","?","?","?","E"],"items_purchased_type":["Card"],"build_version":"2020-12-22","purchased_purges":2,"victory":false,"max_hp_per_floor":[75,75,75,75,75,75,75,75,85,85,85,85,85,85,85,85,85,85,85,85,85,85,85,85],"card_choices":[{"not_picked":["Blizzard","Storm","Melter"],"picked":"SKIP","floor":1},{"not_picked":["Compile Driver","Scrape","White Noise"],"picked":"SKIP","floor":2},{"not_picked":["Go for the Eyes","Conserve Battery"],"picked":"Streamline","floor":3},{"not_picked":["Genetic Algorithm","Leap"],"picked":"Gash","floor":5},{"not_picked":["Leap","Reprogram","Doom and Gloom"],"picked":"SKIP","floor":6},{"not_picked":["Rebound","Steam Power","BootSequence"],"picked":"SKIP","floor":12},{"not_picked":["Scrape","Steam Power","Leap"],"picked":"SKIP","floor":18},{"not_picked":["Rebound+1","Darkness"],"picked":"Streamline+1","floor":21},{"not_picked":["Redo","Buffer"],"picked":"Gash+1","floor":22}],"player_experience":5324,"relics_obtained":[{"floor":9,"key":"Pear"},{"floor":22,"key":"Red Mask"}],"event_choices":[{"cards_removed":["Defend_B"],"damage_healed":0,"gold_gain":0,"player_choice":"Card Removal","damage_taken":7,"max_hp_gain":0,"max_hp_loss":0,"event_name":"Golden Wing","floor":7,"gold_loss":0},{"damage_healed":25,"gold_gain":0,"player_choice":"Banana","damage_taken":0,"max_hp_gain":0,"max_hp_loss":0,"event_name":"Big Fish","floor":8,"gold_loss":0},{"damage_healed":0,"gold_gain":0,"player_choice":"Entered Light","damage_taken":17,"max_hp_gain":0,"max_hp_loss":0,"event_name":"Shining Light","floor":14,"gold_loss":0,"cards_upgraded":["Zap","Dualcast"]},{"damage_healed":0,"gold_gain":0,"player_choice":"Upgraded Two","damage_taken":0,"max_hp_gain":0,"max_hp_loss":0,"event_name":"Designer","floor":20,"gold_loss":40,"cards_upgraded":["Strike_B","Defend_B"]},{"damage_healed":0,"gold_gain":0,"player_choice":"Fought Bandits","damage_taken":0,"max_hp_gain":0,"max_hp_loss":0,"event_name":"Masked Bandits","floor":22,"gold_loss":0}],"is_beta":false,"boss_relics":[{"not_picked":["Fusion Hammer","Coffee Dripper"],"picked":"Nuclear Battery"}],"items_purged_floors":[4,19],"is_endless":false,"potions_floor_spawned":[1,2,5,12,21],"killed_by":"Slavers","ascension_level":0}}