{"host":"85rg8sallz0lemh6","time":1613088476,"event":{"mods":["BaseMod","Bestiary","Colored Powertips","Highlight Path","Minty Spire (QoL Compilation)","Quick Restart"],"gold_per_floor":[110,185,4,79,79,79,113,62,87,114,114,126,126,151,151,252,252,267,267,267,267,267,292,292,317,364,364,384,418,435,466,466,561,561,581,600,616,616,616,616,616],"floor_reached":40,"language":"ENG","playtime":1088,"items_purged":[],"score":605,"play_id":"8a258c99-1362-4d69-ba7e-b0952f6060c3","local_time":"20210211180756","is_ascension_mode":true,"campfire_choices":[{"data":"Zap","floor":6,"key":"SMITH"},{"data":"Dualcast","floor":11,"key":"SMITH"},{"data":"Conserve Battery","floor":13,"key":"SMITH"},{"data":"Ball Lightning","floor":15,"key":"SMITH"},{"data":"Self Repair","floor":27,"key":"SMITH"},{"data":"Electrodynamics","floor":32,"key":"SMITH"}],"circlet_count":0,"master_deck":["Strike_B","Strike_B","Defend_B","Defend_B","Defend_B","Defend_B","Zap+1","Dualcast+1","Self Repair+1","Conserve Battery+1","Hologram","Ball Lightning+1","Electrodynamics+1","Leap+1","Core Surge","Seek"],"relics":["Cracked Core","NeowsBlessing","Oddly Smooth Stone","Eternal Feather","DataDisk","PreservedInsect","Meat on the Bone","Sozu","MutagenicStrength","Ancient Tea Set","InkBottle","HornCleat","Strawberry","Pen Nib","CaptainsWheel","Smiling Mask","Philosopher\u0027s Stone"],"acts_visited":["Exordium","TheCity","TheBeyond"],"potions_floor_usage":[],"damage_taken":[{"damage":0,"enemies":"Jaw Worm","floor":1,"turns":1},{"damage":0,"enemies":"Gremlin Nob","floor":7,"turns":1},{"damage":0,"enemies":"3 Sentries","floor":10,"turns":1},{"damage":0,"enemies":"Cultist","floor":12,"turns":3},{"damage":1,"enemies":"Gremlin Nob","floor":14,"turns":3},{"damage":22,"enemies":"Hexaghost","floor":16,"turns":9},{"damage":0,"enemies":"Chosen","floor":18,"turns":4},{"damage":17,"enemies":"Gremlin Leader","floor":23,"turns":4},{"damage":12,"enemies":"Book of Stabbing","floor":25,"turns":4},{"damage":0,"enemies":"3 Byrds","floor":28,"turns":2},{"damage":4,"enemies":"Gremlin Leader","floor":29,"turns":4},{"damage":0,"enemies":"Snecko","floor":30,"turns":4},{"damage":3,"enemies":"Book of Stabbing","floor":31,"turns":4},{"damage":48,"enemies":"Automaton","floor":33,"turns":9},{"damage":0,"enemies":"3 Shapes","floor":35,"turns":4},{"damage":0,"enemies":"Orb Walker","floor":36,"turns":3},{"damage":6,"enemies":"Sphere and 2 Shapes","floor":37,"turns":5},{"damage":94,"enemies":"Giant Head","floor":40,"turns":8}],"seed_played":"7076374386940707872","potions_obtained":[{"floor":1,"key":"DuplicationPotion"},{"floor":7,"key":"Swift Potion"},{"floor":16,"key":"BlessingOfTheForge"}],"is_trial":false,"path_per_floor":["M","?","$","?","?","R","E","$","T","E","R","M","R","E","R","B",null,"M","?","?","$","?","E","T","E","T","R","M","E","M","E","R","B",null,"M","M","M","?","?","E"],"character_chosen":"DEFECT","items_purchased":["Oddly Smooth Stone","Conserve Battery","Hologram"],"campfire_rested":0,"item_purchase_floors":[3,3,8],"current_hp_per_floor":[75,68,68,57,50,50,50,50,50,50,56,63,69,75,75,60,75,75,75,75,75,75,65,65,67,67,76,82,82,82,82,82,56,82,82,82,82,82,82,0,0],"gold":616,"neow_bonus":"THREE_ENEMY_KILL","is_daily":false,"chose_seed":false,"campfire_upgraded":6,"win_rate":0.0,"timestamp":1613088476,"path_taken":["M","?","?","?","?","R","E","$","T","E","R","?","R","E","R","BOSS","M","?","?","$","?","E","?","E","T","R","M","E","?","E","R","BOSS","M","M","?","?","?","E"],"items_purchased_type":["Relic","Card","Card"],"build_version":"2020-12-22","purchased_purges":0,"victory":false,"max_hp_per_floor":[75,75,75,75,75,75,75,75,75,75,75,75,75,75,75,75,75,75,75,75,75,75,75,75,82,82,82,82,82,82,82,82,82,82,82,82,82,82,82,82,82],"card_choices":[{"not_picked":["Chaos","Steam"],"picked":"Self Repair","floor":1},{"not_picked":["Sunder","FTL","Stack"],"picked":"SKIP","floor":7},{"not_picked":["Heatsinks","Stack","Coolheaded"],"picked":"SKIP","floor":10},{"not_picked":["Stack","Genetic Algorithm","Rip and Tear"],"picked":"SKIP","floor":12},{"not_picked":["Conserve Battery","Streamline"],"picked":"Ball Lightning","floor":14},{"not_picked":["Hyperbeam","Creative AI"],"picked":"Electrodynamics","floor":16},{"not_picked":["Rebound","Sweeping Beam"],"picked":"Leap+1","floor":18},{"not_picked":["Auto Shields","Streamline","Hello World"],"picked":"SKIP","floor":23},{"not_picked":["Coolheaded","Sweeping Beam","Rebound"],"picked":"SKIP","floor":25},{"not_picked":["Stack","Turbo+1","Compile Driver+1"],"picked":"SKIP","floor":28},{"not_picked":["Rebound+1","Coolheaded","Chaos"],"picked":"SKIP","floor":29},{"not_picked":["Meteor Strike","Ball Lightning","Aggregate"],"picked":"SKIP","floor":30},{"not_picked":["Sweeping Beam","Rebound","Compile Driver"],"picked":"SKIP","floor":31},{"not_picked":["Machine Learning","Hyperbeam"],"picked":"Core Surge","floor":33},{"not_picked":["Compile Driver","Coolheaded+1","Steam"],"picked":"SKIP","floor":35},{"not_picked":["Go for the Eyes+1","Ball Lightning+1"],"picked":"Seek","floor":36},{"not_picked":["Fusion","Leap","Reinforced Body"],"picked":"SKIP","floor":37}],"player_experience":96742,"relics_obtained":[{"floor":7,"key":"Eternal Feather"},{"floor":9,"key":"DataDisk"},{"floor":10,"key":"PreservedInsect"},{"floor":14,"key":"Meat on the Bone"},{"floor":23,"key":"InkBottle"},{"floor":24,"key":"HornCleat"},{"floor":25,"key":"Strawberry"},{"floor":26,"key":"Pen Nib"},{"floor":29,"key":"CaptainsWheel"},{"floor":31,"key":"Smiling Mask"}],"event_choices":[{"damage_healed":0,"gold_gain":75,"player_choice":"Touch","damage_taken":7,"max_hp_gain":0,"max_hp_loss":0,"event_name":"FaceTrader","floor":2,"gold_loss":0},{"damage_healed":0,"gold_gain":75,"player_choice":"Gather Gold","damage_taken":11,"max_hp_gain":0,"max_hp_loss":0,"event_name":"World of Goop","floor":4,"gold_loss":0},{"cards_removed":["Strike_B"],"damage_healed":0,"gold_gain":0,"player_choice":"Card Removal","damage_taken":7,"max_hp_gain":0,"max_hp_loss":0,"event_name":"Golden Wing","floor":5,"gold_loss":0},{"damage_healed":0,"gold_gain":0,"player_choice":"Inject Mutagens","damage_taken":0,"relics_obtained":["MutagenicStrength"],"max_hp_gain":0,"max_hp_loss":0,"event_name":"Drug Dealer","floor":19,"gold_loss":0},{"damage_healed":0,"gold_gain":0,"player_choice":"Ignored","damage_taken":0,"max_hp_gain":0,"max_hp_loss":0,"event_name":"Ghosts","floor":20,"gold_loss":0},{"damage_healed":0,"gold_gain":0,"player_choice":"Opened","damage_taken":0,"relics_obtained":["Ancient Tea Set"],"max_hp_gain":0,"max_hp_loss":0,"event_name":"The Mausoleum","floor":22,"gold_loss":0},{"cards_removed":["Strike_B"],"damage_healed":0,"gold_gain":0,"player_choice":"Removed Attack","damage_taken":0,"max_hp_gain":0,"max_hp_loss":0,"event_name":"Falling","floor":38,"gold_loss":0},{"damage_healed":0,"gold_gain":0,"player_choice":"0 cards matched","damage_taken":0,"max_hp_gain":0,"max_hp_loss":0,"event_name":"Match and Keep!","floor":39,"gold_loss":0,"cards_obtained":[]}],"is_beta":false,"boss_relics":[{"not_picked":["Runic Dome","Snecko Eye"],"picked":"Sozu"},{"not_picked":["FrozenCore","Tiny House"],"picked":"Philosopher\u0027s Stone"}],"items_purged_floors":[],"is_endless":false,"potions_floor_spawned":[1,7,16,25,28,29,31,36],"killed_by":"Giant Head","ascension_level":3}}