{"host":"o6nndy8fvkon49s1","time":1613151385,"event":{"mods":["BaseMod","CapriCore","Hermit","Marisa????????","Minty Spire (QoL Compilation)","Prisma Mod","StSLib","Td1madao Mod","The Administrix","The Fake Hero","The Forsaken","The Immortal","The Marked","The Necromancer","The Servant 0.9.4"],"gold_per_floor":[119,132,132,150,161,161,172,172,172,188,38,53,53,68,68,68,68],"floor_reached":16,"language":"ENG","playtime":578,"items_purged":[],"score":96,"play_id":"959886d4-6d6d-485e-aaf9-227d2d458660","local_time":"20210212113625","is_ascension_mode":false,"campfire_choices":[{"data":"PrismaMod:IllyaUncommonDefend","floor":6,"key":"SMITH"},{"data":"PrismaMod:IllyaBoysLove","floor":8,"key":"SMITH"},{"floor":15,"key":"DIG"}],"circlet_count":0,"master_deck":["PrismaMod:IllyaCommonAttack","PrismaMod:IllyaCommonDefend","PrismaMod:IllyaCommonAttack","PrismaMod:IllyaCommonDefend","PrismaMod:IllyaCommonAttack","PrismaMod:IllyaCommonDefend","PrismaMod:IllyaCommonAttack","PrismaMod:IllyaCommonDefend","PrismaMod:IllyaCommonAttack","PrismaMod:IllyaCommonDefend","PrismaMod:IllyaUncommonAttack","PrismaMod:IllyaUncommonDefend+1","PrismaMod:IllyaBoysLove+1","PrismaMod:IllyaPoisonTippedWeapons+1","PrismaMod:IllyaCheapChannelPoison","PrismaMod:IllyaInstallAlterEgo"],"relics":["PrismaMod:PrismaRuby","Shovel","StoneCalendar"],"acts_visited":["Exordium"],"potions_floor_usage":[16,16,16,16],"damage_taken":[{"damage":2,"enemies":"Cultist","floor":1,"turns":5},{"damage":4,"enemies":"Jaw Worm","floor":2,"turns":5},{"damage":2,"enemies":"2 Louse","floor":4,"turns":5},{"damage":5,"enemies":"Large Slime","floor":5,"turns":6},{"damage":3,"enemies":"3 Louse","floor":7,"turns":3},{"damage":4,"enemies":"Exordium Thugs","floor":10,"turns":4},{"damage":1,"enemies":"Exordium Wildlife","floor":12,"turns":5},{"damage":0,"enemies":"3 Louse","floor":14,"turns":3},{"damage":0,"enemies":"Slime Boss","floor":16,"turns":4}],"seed_played":"-5194898782435504030","potions_obtained":[{"floor":4,"key":"EntropicBrew"},{"floor":12,"key":"FearPotion"},{"floor":14,"key":"Strength Potion"}],"is_trial":false,"path_per_floor":["M","M","?","M","M","R","M","R","T","M","$","M","?","M","R","B"],"character_chosen":"ILLYA","items_purchased":["PrismaMod:IllyaInstallAlterEgo"],"campfire_rested":0,"item_purchase_floors":[11],"current_hp_per_floor":[80,76,76,74,69,69,66,66,66,62,62,61,61,61,61,61,61],"gold":68,"neow_bonus":"TEN_PERCENT_HP_BONUS","is_daily":false,"chose_seed":false,"campfire_upgraded":2,"win_rate":0.0,"timestamp":1613151385,"path_taken":["M","M","?","M","M","R","?","R","T","M","$","M","?","M","R","BOSS"],"items_purchased_type":["Card"],"build_version":"2020-12-22","purchased_purges":0,"victory":false,"max_hp_per_floor":[82,82,82,82,82,82,82,82,82,82,82,82,82,82,82,82,82],"card_choices":[{"not_picked":["PrismaMod:IllyaMaid","PrismaMod:IllyaBerserCAR"],"picked":"PrismaMod:IllyaBoysLove","floor":1},{"not_picked":["PrismaMod:IllyaCheapChannelAttack","PrismaMod:IllyaGun"],"picked":"PrismaMod:IllyaPoisonTippedWeapons","floor":2},{"not_picked":["PrismaMod:IllyaMaid","PrismaMod:IllyaPoisonTippedWeapons"],"picked":"PrismaMod:IllyaCheapChannelPoison","floor":4},{"not_picked":["PrismaMod:IllyaInstallAssassin","PrismaMod:IllyaPartialInstallAssassin","PrismaMod:IllyaUncommonAttack"],"picked":"SKIP","floor":5},{"not_picked":["PrismaMod:IllyaCheapAttack","PrismaMod:IllyaBerserCAR","PrismaMod:IllyaGrailKun"],"picked":"SKIP","floor":7},{"not_picked":["PrismaMod:IllyaReinForce","PrismaMod:IllyaMaid","PrismaMod:IllyaFeed"],"picked":"SKIP","floor":10},{"not_picked":["PrismaMod:IllyaRussianRoulette","PrismaMod:IllyaPartialInstallAssassin","PrismaMod:IllyaBerserCAR"],"picked":"SKIP","floor":12},{"not_picked":["PrismaMod:IllyaFeed","PrismaMod:IllyaBoysLove","PrismaMod:IllyaGun"],"picked":"SKIP","floor":14}],"player_experience":230329,"relics_obtained":[{"floor":9,"key":"Shovel"},{"floor":15,"key":"StoneCalendar"}],"event_choices":[{"damage_healed":0,"gold_gain":0,"player_choice":"Upgraded","damage_taken":0,"max_hp_gain":0,"max_hp_loss":0,"event_name":"Upgrade Shrine","floor":3,"gold_loss":0,"cards_upgraded":["PrismaMod:IllyaPoisonTippedWeapons"]}],"is_beta":false,"boss_relics":[],"items_purged_floors":[],"is_endless":false,"potions_floor_spawned":[4,12,14],"killed_by":"Slime Boss","ascension_level":0}}