{"host":"mi0eibewekhugwl1","time":1613124769,"event":{"mods":["AchievementEnabler","BaseMod","Colored Map","Colored Powertips","DeckTracker","Keyboard Shortcuts","Minty Spire (QoL Compilation)","Quick Restart","Rare Cards Sparkle","Relic Stats","StSLib","SuperFastMode","everything is the same but u backflip on backflip"],"gold_per_floor":[110,130,205,355,355,355,384,223,248,50,50,61,396,412,412,488,488,498,517,136,153,172,172,172,172],"floor_reached":24,"language":"KOR","playtime":1551,"items_purged":["Doubt","Strike_G"],"score":462,"play_id":"5d583135-e207-41f0-af93-c0fba2879d01","local_time":"20210212191249","is_ascension_mode":true,"campfire_choices":[{"data":"Dagger Spray","floor":6,"key":"SMITH"},{"data":"Corpse Explosion","floor":11,"key":"SMITH"},{"data":"Well Laid Plans","floor":15,"key":"SMITH"}],"circlet_count":0,"master_deck":["AscendersBane","Strike_G","Strike_G","Defend_G","Defend_G","Defend_G","Defend_G","Defend_G","Survivor","Neutralize","Leg Sweep","Dagger Spray+1","Corpse Explosion+1","Well Laid Plans+1","Dagger Spray","Poisoned Stab","Glass Knife","Footwork+1","Tactician","Heel Hook","Blur","Bullet Time","Venomology"],"relics":["Ring of the Snake","NeowsBlessing","Mummified Hand","Bag of Preparation","Blood Vial","TwistedFunnel","Old Coin","Sozu","Omamori"],"acts_visited":["Exordium","TheCity"],"potions_floor_usage":[16,22],"damage_taken":[{"damage":0,"enemies":"Cultist","floor":1,"turns":1},{"damage":0,"enemies":"Small Slimes","floor":2,"turns":1},{"damage":0,"enemies":"Gremlin Nob","floor":7,"turns":1},{"damage":0,"enemies":"2 Louse","floor":12,"turns":1},{"damage":20,"enemies":"3 Sentries","floor":13,"turns":3},{"damage":0,"enemies":"Blue Slaver","floor":14,"turns":4},{"damage":2,"enemies":"The Guardian","floor":16,"turns":9},{"damage":20,"enemies":"Chosen","floor":18,"turns":4},{"damage":16,"enemies":"Shell Parasite","floor":19,"turns":4},{"damage":13,"enemies":"Centurion and Healer","floor":21,"turns":5},{"damage":16,"enemies":"Cultist and Chosen","floor":22,"turns":6},{"damage":4,"enemies":"Sentry and Sphere","floor":24,"turns":3}],"seed_played":"-4556359485221025723","potions_obtained":[{"floor":1,"key":"Dexterity Potion"},{"floor":2,"key":"SpeedPotion"},{"floor":12,"key":"Ancient Potion"}],"is_trial":false,"path_per_floor":["M","M","?","?","?","R","E","$","T","$","R","M","E","M","R","B",null,"M","M","$","M","M","?","M"],"character_chosen":"THE_SILENT","items_purchased":["Well Laid Plans","TwistedFunnel","Dagger Spray","Tactician","Heel Hook","Omamori"],"campfire_rested":0,"item_purchase_floors":[8,10,10,20,20,20],"current_hp_per_floor":[59,59,48,48,48,48,48,48,48,48,48,50,32,34,34,34,58,40,26,26,15,1,1,0,0],"gold":172,"neow_bonus":"THREE_ENEMY_KILL","is_daily":false,"chose_seed":false,"campfire_upgraded":3,"win_rate":0.0,"timestamp":1613124769,"path_taken":["M","M","?","?","?","R","E","$","T","$","R","?","E","M","R","BOSS","M","M","$","M","M","?","M"],"items_purchased_type":["Card","Relic","Card","Card","Card","Relic"],"build_version":"2020-12-22","purchased_purges":2,"victory":false,"max_hp_per_floor":[66,66,66,66,66,66,66,66,66,66,66,66,66,66,66,66,66,66,66,66,66,66,66,66,66],"relic_stats":{"Blood Vial":18,"Sozu":1,"counters":[12,42],"Mummified Hand":[12],"Bag of Preparation":[18],"obtain_stats":[{"Blood Vial":9,"TwistedFunnel":10,"Sozu":17,"NeowsBlessing":0,"Mummified Hand":5,"Bag of Preparation":7,"Omamori":20,"Ring of the Snake":0,"Old Coin":13},{"Blood Vial":3,"TwistedFunnel":3,"Sozu":7,"NeowsBlessing":0,"Mummified Hand":2,"Bag of Preparation":3,"Omamori":9,"Ring of the Snake":0,"Old Coin":5},{"Blood Vial":3,"TwistedFunnel":3,"Sozu":20,"NeowsBlessing":0,"Mummified Hand":2,"Bag of Preparation":3,"Omamori":28,"Ring of the Snake":0,"Old Coin":7}],"Ring of the Snake":[24]},"card_choices":[{"not_picked":["Eviscerate","Infinite Blades"],"picked":"Leg Sweep","floor":1},{"not_picked":["Deflect","Masterful Stab"],"picked":"Dagger Spray","floor":2},{"not_picked":["Dodge and Roll","Infinite Blades"],"picked":"Corpse Explosion","floor":7},{"not_picked":["Terror","Sucker Punch","Dagger Spray"],"picked":"SKIP","floor":12},{"not_picked":["Endless Agony","All Out Attack","Setup"],"picked":"SKIP","floor":13},{"not_picked":["Underhanded Strike","Sucker Punch"],"picked":"Poisoned Stab","floor":14},{"not_picked":["Unload","Grand Finale"],"picked":"Glass Knife","floor":16},{"not_picked":["Noxious Fumes","Cloak And Dagger"],"picked":"Footwork+1","floor":18},{"not_picked":["Dagger Spray","Slice","Reflex"],"picked":"SKIP","floor":19},{"not_picked":["Poisoned Stab","Terror","Dagger Spray"],"picked":"SKIP","floor":21},{"not_picked":["Acrobatics","Escape Plan"],"picked":"Blur","floor":22}],"player_experience":1800287,"relics_obtained":[{"floor":7,"key":"Bag of Preparation"},{"floor":9,"key":"Blood Vial"},{"floor":13,"key":"Old Coin"}],"event_choices":[{"damage_healed":0,"gold_gain":75,"player_choice":"Gather Gold","damage_taken":11,"max_hp_gain":0,"max_hp_loss":0,"event_name":"World of Goop","floor":3,"gold_loss":0},{"damage_healed":0,"gold_gain":150,"player_choice":"AGREE","damage_taken":0,"max_hp_gain":0,"max_hp_loss":0,"event_name":"Liars Game","floor":4,"gold_loss":0,"cards_obtained":["Doubt"]},{"damage_healed":0,"gold_gain":0,"player_choice":"Gave Potion","damage_taken":0,"relics_obtained":["Mummified Hand"],"max_hp_gain":0,"max_hp_loss":0,"event_name":"WeMeetAgain","floor":5,"gold_loss":0},{"damage_healed":0,"gold_gain":0,"cards_transformed":["Strike_G","Strike_G"],"player_choice":"Became Test Subject","damage_taken":0,"max_hp_gain":0,"max_hp_loss":0,"event_name":"Drug Dealer","floor":23,"gold_loss":0,"cards_obtained":["Bullet Time","Venomology"]}],"is_beta":false,"boss_relics":[{"not_picked":["Ectoplasm","SlaversCollar"],"picked":"Sozu"}],"items_purged_floors":[8,20],"is_endless":false,"potions_floor_spawned":[1,2,12,19],"killed_by":"Sentry and Sphere","ascension_level":20}}