{"host":"v9duy90nce28uent","time":1613104944,"event":{"mods":["BaseMod","Colored Map","Colored Powertips","Hermit","Highlight Path","Minty Spire (QoL Compilation)","StSLib"],"gold_per_floor":[114,128,128,143,218,218,233,245,294,305,323,323,341,516,516,516,516],"floor_reached":16,"language":"ENG","playtime":1067,"items_purged":[],"score":96,"play_id":"a2d76666-b199-4315-aaf7-a223d3499203","local_time":"20210211234224","is_ascension_mode":false,"campfire_choices":[{"floor":6,"key":"REST"},{"floor":12,"key":"REST"},{"floor":15,"key":"REST"}],"circlet_count":0,"master_deck":["hermit:Strike_Hermit","hermit:Strike_Hermit","hermit:Strike_Hermit","hermit:Strike_Hermit+1","hermit:Defend_Hermit","hermit:Defend_Hermit","hermit:Defend_Hermit","hermit:Defend_Hermit","hermit:Snapshot+1","hermit:Covet","hermit:Cheat","hermit:SprayPray","hermit:Malice","hermit:Misfire","hermit:Midnight","hermit:FromBeyond","Doubt"],"relics":["hermit:Momento","NeowsBlessing","Bronze Scales"],"acts_visited":["Exordium"],"potions_floor_usage":[16],"damage_taken":[{"damage":0,"enemies":"Small Slimes","floor":1,"turns":1},{"damage":0,"enemies":"Jaw Worm","floor":2,"turns":1},{"damage":0,"enemies":"Cultist","floor":4,"turns":1},{"damage":10,"enemies":"Looter","floor":7,"turns":2},{"damage":19,"enemies":"Blue Slaver","floor":8,"turns":3},{"damage":19,"enemies":"2 Fungi Beasts","floor":10,"turns":3},{"damage":4,"enemies":"Red Slaver","floor":11,"turns":3},{"damage":0,"enemies":"3 Louse","floor":13,"turns":1},{"damage":74,"enemies":"The Guardian","floor":16,"turns":10}],"seed_played":"8343351003637931128","potions_obtained":[{"floor":1,"key":"Strength Potion"},{"floor":4,"key":"Block Potion"},{"floor":13,"key":"Strength Potion"}],"is_trial":false,"path_per_floor":["M","M","?","M","?","R","M","M","T","M","M","R","M","?","R","B"],"character_chosen":"HERMIT","items_purchased":[],"campfire_rested":3,"item_purchase_floors":[],"current_hp_per_floor":[75,75,60,60,49,71,61,42,42,23,19,41,41,41,63,0,0],"gold":516,"neow_bonus":"THREE_ENEMY_KILL","is_daily":false,"chose_seed":false,"campfire_upgraded":0,"win_rate":0.0,"timestamp":1613104944,"path_taken":["M","M","?","M","?","R","M","M","T","?","?","R","M","?","R","BOSS"],"items_purchased_type":[],"build_version":"2020-12-22","purchased_purges":0,"victory":false,"max_hp_per_floor":[75,75,75,75,75,75,75,75,75,75,75,75,75,75,75,75,75],"card_choices":[{"not_picked":["hermit:CursedWeapon","hermit:Desperado"],"picked":"hermit:Cheat","floor":1},{"not_picked":["hermit:Feint","hermit:Desperado"],"picked":"hermit:SprayPray","floor":2},{"not_picked":["hermit:Ricochet","hermit:LowProfile"],"picked":"hermit:Malice","floor":4},{"not_picked":["hermit:TakeAim","hermit:Desperado"],"picked":"hermit:Misfire","floor":7},{"not_picked":["hermit:Headshot","hermit:Vantage"],"picked":"hermit:Midnight","floor":8},{"not_picked":["hermit:HighCaliber","hermit:Dive"],"picked":"hermit:FromBeyond","floor":10},{"not_picked":["hermit:Maintenance","hermit:Brawl","hermit:CalledShot"],"picked":"SKIP","floor":11},{"not_picked":["hermit:Maintenance","hermit:Headshot","hermit:LowProfile"],"picked":"SKIP","floor":13}],"player_experience":62769,"relics_obtained":[{"floor":9,"key":"Bronze Scales"}],"event_choices":[{"damage_healed":0,"gold_gain":0,"player_choice":"Entered Light","damage_taken":15,"max_hp_gain":0,"max_hp_loss":0,"event_name":"Shining Light","floor":3,"gold_loss":0,"cards_upgraded":["hermit:Snapshot","hermit:Strike_Hermit"]},{"damage_healed":0,"gold_gain":75,"player_choice":"Gather Gold","damage_taken":11,"max_hp_gain":0,"max_hp_loss":0,"event_name":"World of Goop","floor":5,"gold_loss":0},{"damage_healed":0,"gold_gain":175,"player_choice":"AGREE","damage_taken":0,"max_hp_gain":0,"max_hp_loss":0,"event_name":"Liars Game","floor":14,"gold_loss":0,"cards_obtained":["Doubt"]}],"is_beta":false,"boss_relics":[],"items_purged_floors":[],"is_endless":false,"potions_floor_spawned":[1,4,13],"killed_by":"The Guardian","ascension_level":0}}