{"host":"97gqqvl04geh4ia8","time":1613098133,"event":{"mods":["BaseMod","Curses Come First","Downfall","Minty Spire (QoL Compilation)","Say the Spire","StSLib","The Servant 0.9.4","UnlockEverythingMod","[IsaacMod]ÒÔÈö¼âËþ","¡¾ÒÅÎï¿¨ÅÆ¡¿REMEMod"],"gold_per_floor":[99,110,110,260,273,273,273,323,323,339,349,360,371,426,440,542,542,542,562,562,577,590,590,614,624,624,624,624,244,244,260,280,384,384,384,398,418,121,121,171,240,255,268,303,303,318,218,229,242,242],"floor_reached":51,"language":"ZHS","playtime":1756,"items_purged":["bronze:Strike","bronze:Strike","REME_TheoryOfElimination+1"],"score":994,"play_id":"b29ef25b-0d05-46e3-b649-84357526cc9d","local_time":"20210212104853","is_ascension_mode":true,"campfire_choices":[{"data":"bronze:Goto","floor":1,"key":"SMITH"},{"data":"bronze:Replicate","floor":6,"key":"SMITH"},{"data":"Dilation","floor":9,"key":"SMITH"},{"data":"bronze:ItsAFeature","floor":18,"key":"SMITH"},{"data":"REME_Flogging","floor":23,"key":"SMITH"},{"data":"bronze:BronzeOrb","floor":27,"key":"SMITH"},{"data":"bronze:BugBarrage","floor":30,"key":"SMITH"},{"floor":35,"key":"RECALL"},{"floor":47,"key":"REST"}],"circlet_count":0,"master_deck":["bronze:Strike","bronze:Strike","bronze:Defend","bronze:Defend","bronze:Defend","bronze:Defend","bronze:Replicate+1","bronze:Goto+1","Dilation+1","bronze:FineTuning","downfall:Icky","bronze:ItsAFeature+1","bronze:BugBarrage+1","bronze:Shell","REME_Flogging+1","bronze:BronzeOrb+1","BloodyBrimstone","bronze:Terminator","REME_HeartOfCthun","bronze:ItsAFeature","expansioncontent:QuickStudy","bronze:DelayedGuard","bronze:DelayedGuard+1"],"relics":["HushsDoor","D4","YumHeart","Pocketwatch","BookofShadows","White Beast Statue","HornCleat","Boot","Strawberry","Coffee Dripper","MagicMushroom","Succubus","MomsKnife","MyShadow","MomsKnife"],"acts_visited":["Exordium","TheCity","TheBeyond"],"potions_floor_usage":[14,16,16,49,50,50],"damage_taken":[{"damage":1,"enemies":"Jaw Worm","floor":2,"turns":4},{"damage":0,"enemies":"2 Louse","floor":5,"turns":4},{"damage":0,"enemies":"Hiden Room Battle","floor":8,"turns":2},{"damage":0,"enemies":"Small Slimes","floor":10,"turns":3},{"damage":3,"enemies":"2 Fungi Beasts","floor":11,"turns":4},{"damage":8,"enemies":"Lots of Slimes","floor":12,"turns":5},{"damage":11,"enemies":"3 Louse","floor":13,"turns":3},{"damage":26,"enemies":"Lagavulin Event","floor":14,"turns":8},{"damage":3,"enemies":"Blue Slaver","floor":15,"turns":4},{"damage":0,"enemies":"IC_STATUS_ARCHETYPE","floor":16,"turns":6},{"damage":0,"enemies":"Chosen","floor":19,"turns":4},{"damage":18,"enemies":"Snake Plant","floor":21,"turns":4},{"damage":0,"enemies":"Sentry and Sphere","floor":22,"turns":3},{"damage":1,"enemies":"Shelled Parasite and Fungi","floor":25,"turns":3},{"damage":0,"enemies":"downfall:FleeingMerchant","floor":29,"turns":4},{"damage":1,"enemies":"Centurion and Healer","floor":31,"turns":4},{"damage":0,"enemies":"Sentry and Sphere","floor":32,"turns":2},{"damage":0,"enemies":"WA_ARCHETYPE_CALM","floor":33,"turns":3},{"damage":0,"enemies":"3 Darklings","floor":36,"turns":2},{"damage":0,"enemies":"3 Shapes","floor":37,"turns":1},{"damage":0,"enemies":"downfall:FleeingMerchant","floor":38,"turns":3},{"damage":0,"enemies":"downfall:FleeingMerchant","floor":40,"turns":2},{"damage":0,"enemies":"3 Darklings","floor":42,"turns":2},{"damage":0,"enemies":"Transient","floor":43,"turns":5},{"damage":0,"enemies":"Giant Head","floor":44,"turns":6},{"damage":0,"enemies":"Jaw Worm Horde","floor":46,"turns":1},{"damage":0,"enemies":"Spire Growth","floor":48,"turns":2},{"damage":0,"enemies":"Writhing Mass","floor":49,"turns":3},{"damage":0,"enemies":"SI_POISON_ARCHETYPE","floor":50,"turns":3}],"seed_played":"3642798502528431561","potions_obtained":[{"floor":2,"key":"Block Potion"},{"floor":10,"key":"Fire Potion"},{"floor":12,"key":"SpeedPotion"},{"floor":14,"key":"CultistPotion"},{"floor":16,"key":"REME_GoldPotion"},{"floor":22,"key":"Regen Potion"},{"floor":39,"key":"downfall:CursedFountainPotion"},{"floor":48,"key":"Energy Potion"}],"is_trial":false,"path_per_floor":["R","M","?","?","M","R","T","?","R","M","M","M","M","?","M","B",null,"R","M","?","M","M","R","T","M","?","R","?","$","R","M","M","B",null,"R","M","M","$","?","?","T","M","M","E","?","M","R","M","M","B",null],"character_chosen":"THE_AUTOMATON","items_purchased":["BelialBook","GuppysHairball","Incubus","bronze:Shell","Void","GuppysTail","bronze:Terminator","Shuriken","bronze:ItsAFeature","expansioncontent:QuickStudy"],"campfire_rested":1,"item_purchase_floors":[17,17,17,17,29,34,34,38,38,38],"current_hp_per_floor":[70,69,69,69,69,69,69,54,54,54,51,43,32,6,3,3,22,22,22,22,4,4,4,4,3,3,12,12,12,21,20,20,16,3,3,1,1,1,1,1,1,1,1,1,1,1,1,1,1,9],"gold":242,"neow_bonus":"BOSS_RELIC","is_daily":false,"chose_seed":false,"campfire_upgraded":7,"win_rate":0.0,"timestamp":1613098133,"path_taken":["R","M","?","?","M","R","T","?","R","M","?","M","M","?","M","BOSS","R","M","?","M","M","R","T","?","?","R","?","$","R","M","M","BOSS","R","M","M","$","?","?","T","M","M","E","?","M","R","M","M","BOSS"],"items_purchased_type":["Relic","Relic","Relic","Card","Card","Relic","Card","Relic","Card","Card"],"build_version":"2020-12-22","purchased_purges":3,"victory":true,"max_hp_per_floor":[70,70,70,70,70,70,70,70,70,70,70,70,70,70,70,70,22,22,22,22,22,22,22,22,22,22,22,22,22,22,22,22,16,3,3,1,1,1,1,1,1,1,1,1,1,1,1,1,1,9],"card_choices":[{"not_picked":[],"picked":"Bomb","floor":0},{"not_picked":[],"picked":"bronze:FineTuning","floor":2},{"not_picked":["bronze:DigitalCarnage"],"picked":"SKIP","floor":5},{"not_picked":[],"picked":"bronze:ItsAFeature","floor":10},{"not_picked":["bronze:MaxOutput"],"picked":"SKIP","floor":11},{"not_picked":["bronze:Frontload"],"picked":"SKIP","floor":12},{"not_picked":["bronze:BitShift"],"picked":"SKIP","floor":13},{"not_picked":[],"picked":"bronze:BugBarrage","floor":15},{"not_picked":["bronze:ForLoop"],"picked":"REME_Flogging","floor":19},{"not_picked":["bronze:BitShift","Discovery"],"picked":"SKIP","floor":21},{"not_picked":["bronze:BuggyMess+1","Enlightenment"],"picked":"SKIP","floor":22},{"not_picked":["Enlightenment"],"picked":"bronze:BronzeOrb","floor":25},{"not_picked":["bronze:WhirlingStrike+1"],"picked":"REME_TheoryOfElimination+1","floor":29},{"not_picked":["bronze:Frontload","REME_BuildACard"],"picked":"SKIP","floor":31},{"not_picked":["bronze:BuggyMess","BloodyBrimstone"],"picked":"SKIP","floor":32},{"not_picked":["bronze:BuggyMess"],"picked":"BloodyBrimstone","floor":32},{"not_picked":["bronze:GetLatest"],"picked":"REME_HeartOfCthun","floor":36},{"not_picked":["bronze:BitShift+1","REME_BuildACard"],"picked":"SKIP","floor":37},{"not_picked":["bronze:Constructor","REME_TwoStrings+1"],"picked":"SKIP","floor":38},{"not_picked":["bronze:DelayedGuard","Deep Breath"],"picked":"SKIP","floor":42},{"not_picked":["Deep Breath"],"picked":"bronze:DelayedGuard","floor":42},{"not_picked":["Transmutation"],"picked":"bronze:DelayedGuard+1","floor":43},{"not_picked":["bronze:ChosenStrike","DoctorFetus"],"picked":"SKIP","floor":44},{"not_picked":["bronze:BitShift+1","PanicButton+1"],"picked":"SKIP","floor":46},{"not_picked":["bronze:Overload+1","SuicideKing"],"picked":"SKIP","floor":48},{"not_picked":["bronze:ItsAFeature"],"picked":"SKIP","floor":49}],"player_experience":118969,"relics_obtained":[{"floor":7,"key":"Bag of Preparation"},{"floor":8,"key":"TheBible"},{"floor":8,"key":"Vajra"},{"floor":14,"key":"Mercury Hourglass"},{"floor":17,"key":"Nunchaku"},{"floor":17,"key":"Orichalcum"},{"floor":24,"key":"Dream Catcher"},{"floor":40,"key":"D4"},{"floor":41,"key":"InkBottle"},{"floor":44,"key":"Toy Ornithopter"}],"event_choices":[{"damage_healed":0,"gold_gain":0,"player_choice":"Fight","damage_taken":0,"max_hp_gain":0,"max_hp_loss":0,"event_name":"HidenRoomEvent","floor":8,"gold_loss":0}],"is_beta":false,"boss_relics":[{"not_picked":["ChampionBelt","Runic Pyramid"],"picked":"REME_LowDesire"},{"not_picked":[]},{"not_picked":["REME_DuelDisc","SacredBark"],"picked":"Fusion Hammer"},{"not_picked":[]}],"items_purged_floors":[17,29,38],"is_endless":false,"potions_floor_spawned":[2,10,12,14,16,22,25,32,36,42,44,48],"ascension_level":1}}