{"host":"6qo42zgaknezulyg","time":1613129432,"event":{"mods":["2.2 Compatiblity","BaseMod","Better Altar","Colored Map","Faster Ascension Climbing","Highlight Path","Keyboard Shortcuts","Minty Spire (QoL Compilation)","Permanent Neow","Quick Restart","StSLib","SuperFastMode","The Vixen"],"gold_per_floor":[116,131,131,146,146,146,170,170,170,205,205,205,218,238,238,333,333,346,361,361,361,361,361,395,395,395,62,12,12,12],"floor_reached":29,"language":"ENG","playtime":1500,"items_purged":["TheVixenMod:Ember"],"score":532,"play_id":"6edb84ed-25d0-436b-9464-828adaf32b74","local_time":"20210212203032","is_ascension_mode":true,"campfire_choices":[{"data":"TheVixenMod:FireBlast","floor":6.0,"key":"SMITH"},{"floor":12.0,"key":"REST"},{"data":"TheVixenMod:SunnyDay","floor":15.0,"key":"SMITH"},{"floor":23.0,"key":"REST"},{"floor":25,"key":"REST"}],"circlet_count":0,"master_deck":["AscendersBane","TheVixenMod:Defend_TheVixen","TheVixenMod:Defend_TheVixen","TheVixenMod:Defend_TheVixen","TheVixenMod:Defend_TheVixen","TheVixenMod:SunnyDay+1","TheVixenMod:FireBlast+1","TheVixenMod:Agility","TheVixenMod:WillOWisp","TheVixenMod:FlameWheel+1","TheVixenMod:Inferno","TheVixenMod:SynergyBurst","TheVixenMod:WillOWisp","TheVixenMod:FireBlast","TheVixenMod:Hypnosis"],"relics":["TheVixenMod:BurningStick","Golden Idol","Smiling Mask","Sundial","White Beast Statue","Philosopher\u0027s Stone","Blood Vial","Bronze Scales","HandDrill","Oddly Smooth Stone"],"acts_visited":["Exordium","TheCity"],"potions_floor_usage":[24,24],"damage_taken":[{"damage":8.0,"enemies":"2 Louse","floor":1.0,"turns":4.0},{"damage":4.0,"enemies":"Jaw Worm","floor":2.0,"turns":4.0},{"damage":3.0,"enemies":"Cultist","floor":4.0,"turns":4.0},{"damage":6.0,"enemies":"Exordium Wildlife","floor":7.0,"turns":6.0},{"damage":51.0,"enemies":"3 Sentries","floor":10.0,"turns":15.0},{"damage":0.0,"enemies":"Looter","floor":13.0,"turns":2.0},{"damage":0.0,"enemies":"Blue Slaver","floor":14.0,"turns":2.0},{"damage":20.0,"enemies":"The Guardian","floor":16.0,"turns":12.0},{"damage":14.0,"enemies":"Spheric Guardian","floor":18.0,"turns":4.0},{"damage":48.0,"enemies":"3 Byrds","floor":19.0,"turns":6.0},{"damage":0,"enemies":"Gremlin Leader","floor":24,"turns":2},{"damage":21,"enemies":"Centurion and Healer","floor":29,"turns":9}],"seed_played":"-2484190984825241914","potions_obtained":[{"floor":1.0,"key":"FairyPotion"},{"floor":7.0,"key":"FairyPotion"},{"floor":13.0,"key":"LiquidBronze"},{"floor":16.0,"key":"DuplicationPotion"},{"floor":18.0,"key":"FearPotion"},{"floor":19.0,"key":"Explosive Potion"},{"floor":24,"key":"Dexterity Potion"}],"is_trial":false,"path_per_floor":["M","M","?","M","?","R","M","T","T","E","?","R","M","M","R","B",null,"M","M","?","?","?","R","E","R","T","$","$","M"],"character_chosen":"THE_VIXEN","items_purchased":["HandDrill","Oddly Smooth Stone"],"campfire_rested":3,"item_purchase_floors":[27,27],"current_hp_per_floor":[51,47,52,49,49,49,43,43,43,10,10,27,27,27,27,7,46,32,2,2,2,2,19,19,36,36,36,36,17,17],"gold":12,"neow_bonus":"REMOVE_TWO","is_daily":false,"chose_seed":false,"campfire_upgraded":2,"win_rate":0.0,"timestamp":1613129432,"path_taken":["M","M","?","M","?","R","M","?","T","E","?","R","M","M","R","BOSS","BOSS","M","M","?","?","?","R","E","R","T","?","$","M"],"items_purchased_type":["Relic","Relic"],"build_version":"2020-12-22","purchased_purges":1,"victory":false,"max_hp_per_floor":[60,60,65,65,59,59,59,59,59,59,59,59,59,59,59,59,59,59,59,59,59,59,59,59,59,59,59,59,59,59],"card_choices":[{"not_picked":["TheVixenMod:Telepathy","TheVixenMod:Protect"],"picked":"TheVixenMod:FireBlast","floor":1.0},{"not_picked":["TheVixenMod:ShadowBall","TheVixenMod:PerishSong","TheVixenMod:CalmMind"],"picked":"SKIP","floor":2.0},{"not_picked":["TheVixenMod:ShadowBall","TheVixenMod:PerishSong","TheVixenMod:CalmMind"],"picked":"SKIP","floor":2.0},{"not_picked":["TheVixenMod:FlareBlitz","TheVixenMod:ShadowBall"],"picked":"TheVixenMod:Agility","floor":4.0},{"not_picked":["TheVixenMod:Facade","TheVixenMod:LavaPlume"],"picked":"TheVixenMod:WillOWisp","floor":7.0},{"not_picked":["TheVixenMod:Incinerate","TheVixenMod:Psybeam"],"picked":"TheVixenMod:FlameWheel","floor":10.0},{"not_picked":["TheVixenMod:FlameBurst","TheVixenMod:Swagger","TheVixenMod:Barrier"],"picked":"SKIP","floor":13.0},{"not_picked":["TheVixenMod:WillOWisp","TheVixenMod:Swagger"],"picked":"TheVixenMod:Inferno","floor":14.0},{"not_picked":["TheVixenMod:BlastBurn","TheVixenMod:FutureSight"],"picked":"TheVixenMod:SynergyBurst","floor":16.0},{"not_picked":["TheVixenMod:FlameCharge","TheVixenMod:ShadowBall","TheVixenMod:ConfuseRay"],"picked":"SKIP","floor":18.0},{"not_picked":["TheVixenMod:HeatWave+1","TheVixenMod:LavaPlume","TheVixenMod:Swagger+1"],"picked":"SKIP","floor":19.0},{"not_picked":["TheVixenMod:CADC","TheVixenMod:Telepathy"],"picked":"TheVixenMod:Hypnosis","floor":24}],"player_experience":729320,"relics_obtained":[{"floor":8.0,"key":"Smiling Mask"},{"floor":9.0,"key":"Sundial"},{"floor":10.0,"key":"White Beast Statue"},{"floor":24,"key":"Blood Vial"},{"floor":26,"key":"Bronze Scales"}],"event_choices":[{"damage_healed":0.0,"max_hp_gain":5.0,"max_hp_loss":0.0,"gold_gain":0.0,"event_name":"Big Fish","player_choice":"Donut","floor":3.0,"gold_loss":0.0,"damage_taken":0.0},{"damage_healed":0.0,"max_hp_gain":0.0,"max_hp_loss":6.0,"gold_gain":0.0,"event_name":"Golden Idol","player_choice":"Lose Max HP","floor":5.0,"gold_loss":0.0,"damage_taken":0.0,"relics_obtained":["Golden Idol"]},{"damage_healed":0.0,"max_hp_gain":0.0,"max_hp_loss":0.0,"gold_gain":0.0,"event_name":"Upgrade Shrine","player_choice":"Upgraded","floor":11.0,"gold_loss":0.0,"damage_taken":0.0,"cards_upgraded":["TheVixenMod:FlameWheel"]},{"damage_healed":0.0,"max_hp_gain":0.0,"max_hp_loss":0.0,"gold_gain":0.0,"cards_transformed":["TheVixenMod:Strike_TheVixen","TheVixenMod:Strike_TheVixen"],"event_name":"Drug Dealer","player_choice":"Became Test Subject","floor":20.0,"gold_loss":0.0,"damage_taken":0.0,"cards_obtained":["TheVixenMod:WillOWisp","TheVixenMod:FireBlast"]},{"damage_healed":0.0,"max_hp_gain":0.0,"max_hp_loss":0.0,"gold_gain":0.0,"event_name":"The Mausoleum","player_choice":"Ignored","floor":21.0,"gold_loss":0.0,"damage_taken":0.0},{"damage_healed":0.0,"max_hp_gain":0.0,"max_hp_loss":0.0,"gold_gain":0.0,"event_name":"Vampires","player_choice":"Ignored","floor":22.0,"gold_loss":0.0,"damage_taken":0.0}],"is_beta":false,"boss_relics":[{"not_picked":["Black Star","Pandora\u0027s Box"],"picked":"Philosopher\u0027s Stone"}],"items_purged_floors":[28],"is_endless":false,"potions_floor_spawned":[1,7,13,14,16,18,19,24],"killed_by":"Centurion and Healer","ascension_level":20}}