{"host":"aduepa6pof7ckcrz","time":1613112221,"event":{"mods":["Act Like it!","Arknights","Aspiration","BaseMod","CapriCore","Colored Map","Colored Powertips","Downfall","Hallownest","Hermit","Hubris","Minty Spire (QoL Compilation)","Quick Restart","Replay The Spire","Robot Space Explorer","Shop Mod","StSLib","The Bug Knight","The Marked"],"gold_per_floor":[110,110,46,66,77,109,109,138,138,138,153,153,153,173,173,173,173],"floor_reached":16,"language":"FRA","playtime":543,"items_purged":[],"score":110,"play_id":"74ab98dd-e736-422f-af1a-caab7c878853","local_time":"20210212074341","is_ascension_mode":false,"campfire_choices":[{"data":"HollowMod:VengefulSpirit","floor":7,"key":"SMITH"},{"data":"HollowMod:FastStrike","floor":10,"key":"SMITH"},{"data":"HollowMod:CloakDash","floor":13,"key":"SMITH"},{"data":"HollowMod:ChannelNail","floor":15,"key":"SMITH"}],"circlet_count":0,"master_deck":["HollowMod:NailStrikeStart","HollowMod:NailStrikeStart","HollowMod:NailStrikeStart","HollowMod:NailStrikeStart","HollowMod:QuickDashStart","HollowMod:QuickDashStart","HollowMod:QuickDashStart","HollowMod:FocusHealStart+1","HollowMod:PogoStrike","HollowMod:DashSlash","HollowMod:VengefulSpirit+1","HollowMod:HowlingWraiths","HollowMod:DashSlash","HollowMod:FastStrike+1","HollowMod:CloakDash+1","HollowMod:ChannelNail+1"],"relics":["HollowMod:VesselMask","hubris:MedicalManual","aspiration:FetidBarrel","Bag of Marbles","Pen Nib","Anchor"],"acts_visited":["Exordium"],"potions_floor_usage":[6,16,16],"damage_taken":[{"damage":3,"enemies":"Jaw Worm","floor":1,"turns":3},{"damage":0,"enemies":"2 Louse","floor":4,"turns":2},{"damage":0,"enemies":"Cultist","floor":5,"turns":2},{"damage":32,"enemies":"Lagavulin","floor":6,"turns":7},{"damage":15,"enemies":"3 Sentries","floor":8,"turns":6},{"damage":0,"enemies":"Looter","floor":11,"turns":2},{"damage":0,"enemies":"2 Fungi Beasts","floor":14,"turns":2},{"damage":42,"enemies":"The Guardian","floor":16,"turns":8}],"seed_played":"1511071916526774714","potions_obtained":[{"floor":5,"key":"FearPotion"},{"floor":6,"key":"Doom Potion"},{"floor":14,"key":"Slimebound:ThreeZeroPotion"}],"is_trial":false,"path_per_floor":["M","?","?","M","M","E","R","E","T","R","M","?","R","M","R","B"],"character_chosen":"THE_BUGKNIGHT","items_purchased":[],"campfire_rested":0,"item_purchase_floors":[],"current_hp_per_floor":[72,72,72,72,72,43,43,34,34,34,40,28,28,34,34,0,0],"gold":173,"neow_bonus":"UPGRADE_CARD","is_daily":false,"chose_seed":false,"campfire_upgraded":4,"win_rate":0.0,"timestamp":1613112221,"path_taken":["M","?","?","M","M","E","R","E","T","R","?","?","R","M","R","BOSS"],"items_purchased_type":[],"build_version":"2020-12-22","purchased_purges":0,"victory":false,"max_hp_per_floor":[75,75,75,75,75,75,75,75,75,75,75,75,75,75,75,75,75],"card_choices":[{"not_picked":["HollowMod:SoulEater","HollowMod:InfectedCysts"],"picked":"HollowMod:DashSlash","floor":1},{"not_picked":["HollowMod:ChannelNail","HollowMod:InfectedCysts"],"picked":"HollowMod:VengefulSpirit","floor":4},{"not_picked":["HollowMod:DashSlash","HollowMod:Weaversong"],"picked":"HollowMod:HowlingWraiths","floor":5},{"not_picked":["HollowMod:MidwifesHunger","HollowMod:TaintedHusks"],"picked":"HollowMod:DashSlash","floor":6},{"not_picked":["HollowMod:QuirrelsAssistance","HollowMod:VengefulVoid"],"picked":"HollowMod:FastStrike","floor":8},{"not_picked":["HollowMod:DashSlash","HollowMod:NewGlowingWomb"],"picked":"HollowMod:CloakDash","floor":11},{"not_picked":["HollowMod:SoulVessel","HollowMod:SharpenedNail"],"picked":"HollowMod:ChannelNail","floor":14}],"player_experience":1043870,"relics_obtained":[{"floor":6,"key":"aspiration:FetidBarrel"},{"floor":8,"key":"Bag of Marbles"},{"floor":9,"key":"Pen Nib"}],"event_choices":[{"damage_healed":0,"gold_gain":0,"player_choice":"Paid Gold","damage_taken":0,"relics_obtained":["hubris:MedicalManual"],"max_hp_gain":0,"max_hp_loss":0,"event_name":"WeMeetAgain","floor":3,"gold_loss":64},{"damage_healed":0,"gold_gain":0,"player_choice":"Success","damage_taken":12,"relics_obtained":["Anchor"],"max_hp_gain":0,"max_hp_loss":0,"event_name":"Scrap Ooze","floor":12,"gold_loss":0}],"is_beta":false,"boss_relics":[],"items_purged_floors":[],"is_endless":false,"potions_floor_spawned":[5,6,14],"killed_by":"The Guardian","ascension_level":0}}