{"host":"fkig9nrckec4xsh0","time":1613098670,"event":{"mods":["Act Like it!","BaseMod","Colored Map","Gensokyo","Hermit","Marisa????????","Minty Spire (QoL Compilation)","Quick Restart","Replay The Spire","StSLib"],"gold_per_floor":[119,136,30,30,30,60,72,114,176,218,244,256,285,354,366,481,493,518,143,158,158,168,168,168],"floor_reached":23,"language":"ENG","playtime":965,"items_purged":["Amnesia","Strike_B"],"score":351,"play_id":"2c075264-19ac-449a-b955-f5bc0d301c47","local_time":"20210211215750","is_ascension_mode":true,"campfire_choices":[{"data":"Doom and Gloom","floor":7,"key":"SMITH"},{"data":"Rainbow","floor":15,"key":"SMITH"}],"circlet_count":0,"master_deck":["AscendersBane","Strike_B","Strike_B","Strike_B","Defend_B","Defend_B","Defend_B","Zap","Dualcast","Ball Lightning","Hello World+1","Doom and Gloom+1","Self Repair+1","Chaos","Rainbow+1","Sweeping Beam","Stack","BasicCrystalCard","Electrodynamics","Heatsinks","Steam Power","Storm","Sunder","Redo+1","ReplayTheSpireMod:Faulty Equipment","White Noise+1"],"relics":["Cracked Core","NeowsBlessing","ReplayTheSpireMod:CursedCoin","PreservedInsect","MawBank","MealTicket","ReplayTheSpireMod:TigerMarble","Thread and Needle","White Beast Statue","Inserter","Membership Card","Replay:Antivirus Software","Quantum Egg"],"acts_visited":["Exordium","TheCity"],"potions_floor_usage":[16,16,23,23],"damage_taken":[{"damage":0,"enemies":"2 Louse","floor":1,"turns":1},{"damage":0,"enemies":"Jaw Worm","floor":2,"turns":1},{"damage":0,"enemies":"Lagavulin","floor":6,"turns":1},{"damage":20,"enemies":"3 Sentries","floor":8,"turns":3},{"damage":13,"enemies":"Gremlin Nob","floor":10,"turns":3},{"damage":10,"enemies":"Small Slimes","floor":11,"turns":3},{"damage":17,"enemies":"Blue Slaver","floor":13,"turns":3},{"damage":13,"enemies":"Gremlin Nob","floor":14,"turns":4},{"damage":11,"enemies":"Slime Boss","floor":16,"turns":6},{"damage":17,"enemies":"Shell Parasite","floor":18,"turns":5},{"damage":16,"enemies":"Chosen","floor":20,"turns":5},{"damage":75,"enemies":"Shelled Parasite and Fungi","floor":22,"turns":8},{"damage":38,"enemies":"Replay:Snechameleon","floor":23,"turns":4}],"seed_played":"6033046913415067572","potions_obtained":[{"floor":2,"key":"SteroidPotion"},{"floor":6,"key":"Ancient Potion"},{"floor":8,"key":"SteroidPotion"},{"floor":13,"key":"FocusPotion"},{"floor":14,"key":"Adrenaline Potion"},{"floor":16,"key":"Venom Potion"},{"floor":18,"key":"Cursed Concoction"},{"floor":20,"key":"FairyPotion"},{"floor":22,"key":"Explosive Potion"}],"is_trial":false,"path_per_floor":["M","M","$","?","?","E","R","E","T","E","M","$","M","?","R","B",null,"M","$","M","?","M","E"],"character_chosen":"DEFECT","items_purchased":["ReplayTheSpireMod:CursedCoin","PreservedInsect","Doom and Gloom","Membership Card","Replay:Antivirus Software","Steam Power","Storm","Sunder"],"campfire_rested":0,"item_purchase_floors":[3,3,3,19,19,19,19,19],"current_hp_per_floor":[68,68,68,68,68,68,68,58,58,55,55,70,63,60,60,59,71,64,75,69,69,32,0,0],"gold":168,"neow_bonus":"THREE_ENEMY_KILL","is_daily":false,"chose_seed":false,"campfire_upgraded":2,"win_rate":0.0,"timestamp":1613098670,"path_taken":["M","M","$","?","?","E","R","E","T","E","M","?","M","?","R","BOSS","M","$","M","?","M","E"],"items_purchased_type":["Relic","Relic","Card","Relic","Relic","Card","Card","Card"],"build_version":"2020-12-22","purchased_purges":2,"victory":false,"max_hp_per_floor":[75,75,75,75,75,75,75,75,75,75,75,75,75,75,75,75,75,75,75,75,75,75,75,75],"card_choices":[{"not_picked":["Conserve Battery","Time Bomb"],"picked":"Ball Lightning","floor":1},{"not_picked":["Turbo","Recycle"],"picked":"Hello World","floor":2},{"not_picked":["Barrage","Leap","Meteor Strike"],"picked":"SKIP","floor":6},{"not_picked":["Beam Cell","Auto Shields"],"picked":"Chaos","floor":8},{"not_picked":["Compile Driver","BasicCrystalCard"],"picked":"Rainbow","floor":10},{"not_picked":["Glacier","BasicCrystalCard"],"picked":"Sweeping Beam","floor":11},{"not_picked":["Streamline","Conserve Battery"],"picked":"Stack","floor":13},{"not_picked":["Redo","Beam Cell"],"picked":"BasicCrystalCard","floor":14},{"not_picked":["Seek","Meteor Strike"],"picked":"Electrodynamics","floor":16},{"not_picked":["Aggregate","Fusion"],"picked":"Heatsinks","floor":18},{"not_picked":["BasicCrystalCard","Turbo"],"picked":"Redo+1","floor":20},{"not_picked":["Compile Driver","Panic Button"],"picked":"White Noise+1","floor":22}],"player_experience":421022,"relics_obtained":[{"floor":6,"key":"MawBank"},{"floor":8,"key":"MealTicket"},{"floor":9,"key":"ReplayTheSpireMod:TigerMarble"},{"floor":10,"key":"Thread and Needle"},{"floor":14,"key":"White Beast Statue"}],"event_choices":[{"damage_healed":0,"gold_gain":0,"player_choice":"Grow","damage_taken":0,"max_hp_gain":0,"max_hp_loss":0,"event_name":"Living Wall","floor":5,"gold_loss":0,"cards_upgraded":["Hello World"]},{"damage_healed":0,"gold_gain":30,"player_choice":"Searched \u00273\u0027 times","damage_taken":0,"max_hp_gain":0,"max_hp_loss":0,"event_name":"Dead Adventurer","floor":14,"gold_loss":0}],"is_beta":false,"boss_relics":[{"not_picked":["SacredBark","Replay:Bronze Core"],"picked":"Inserter"}],"items_purged_floors":[3,19],"is_endless":false,"potions_floor_spawned":[2,6,8,13,14,16,18,20,22],"killed_by":"Replay:Snechameleon","ascension_level":10}}