{"host":"ul3z8ex5o8l5j7mh","time":1613159175,"event":{"mods":["AchievementEnabler","BaseMod","Bestiary","Colored Map","Colored Powertips","DeckTracker","Keyboard Shortcuts","Minty Spire (QoL Compilation)","Relic Sorter","Relic Stats","SuperFastMode"],"gold_per_floor":[121,133,145,210,239,276,288,319,331,343,355,382,394,30,30,30,30],"floor_reached":16,"language":"ENG","playtime":528,"items_purged":["Strike_R"],"score":120,"play_id":"95f40fee-1d43-4bc8-8393-a9e5dfc1d734","local_time":"20210212204615","is_ascension_mode":true,"campfire_choices":[{"data":"Searing Blow","floor":7.0,"key":"SMITH"},{"data":"Searing Blow+1","floor":11,"key":"SMITH"},{"data":"Searing Blow+2","floor":15,"key":"SMITH"}],"circlet_count":0,"master_deck":["Strike_R","Strike_R","Strike_R","Strike_R","Defend_R","Defend_R","Defend_R","Defend_R","Bash","Searing Blow+3","Sentinel","Anger"],"relics":["Burning Blood","MawBank","Dream Catcher","Bag of Preparation","Frozen Egg 2","Vajra","Blood Vial"],"acts_visited":["Exordium"],"potions_floor_usage":[8,13],"damage_taken":[{"damage":7.0,"enemies":"Small Slimes","floor":1.0,"turns":3.0},{"damage":1.0,"enemies":"Cultist","floor":5.0,"turns":3.0},{"damage":41.0,"enemies":"3 Sentries","floor":6.0,"turns":9.0},{"damage":7,"enemies":"Jaw Worm","floor":8,"turns":2},{"damage":16,"enemies":"3 Louse","floor":12,"turns":3},{"damage":0,"enemies":"Gremlin Gang","floor":13,"turns":1},{"damage":46,"enemies":"Hexaghost","floor":16,"turns":7}],"seed_played":"-116885966070460542","potions_obtained":[{"floor":1.0,"key":"EssenceOfSteel"},{"floor":2.0,"key":"BlessingOfTheForge"},{"floor":2.0,"key":"FearPotion"},{"floor":2.0,"key":"SmokeBomb"}],"is_trial":false,"path_per_floor":["M","?","$","T","M","E","R","M","T","?","R","M","M","$","R","B"],"character_chosen":"IRONCLAD","items_purchased":["Vajra","Blood Vial"],"campfire_rested":0,"item_purchase_floors":[14,14],"current_hp_per_floor":[79,79,79,79,80,45,45,44,44,44,44,34,40,40,40,0,0],"gold":30,"neow_bonus":"RANDOM_COMMON_RELIC","is_daily":false,"chose_seed":false,"campfire_upgraded":3,"win_rate":0.0,"timestamp":1613159175,"path_taken":["M","?","?","?","M","E","R","M","T","?","R","M","M","$","R","BOSS"],"items_purchased_type":["Relic","Relic"],"build_version":"2020-12-22","purchased_purges":1,"victory":false,"max_hp_per_floor":[80,80,80,80,80,80,80,80,80,80,80,80,80,80,80,80,80],"relic_stats":{"Blood Vial":2,"Dream Catcher":0,"counters":[7,28],"Bag of Preparation":[8],"MawBank":168,"obtain_stats":[{"Blood Vial":14,"Dream Catcher":4,"Vajra":14,"Bag of Preparation":6,"Frozen Egg 2":9,"MawBank":0,"Burning Blood":0},{"Blood Vial":6,"Dream Catcher":1,"Vajra":6,"Bag of Preparation":3,"Frozen Egg 2":4,"MawBank":0,"Burning Blood":0},{"Blood Vial":21,"Dream Catcher":3,"Vajra":21,"Bag of Preparation":15,"Frozen Egg 2":17,"MawBank":0,"Burning Blood":0}],"Burning Blood":32},"card_choices":[{"not_picked":["Power Through","Blood for Blood"],"picked":"Searing Blow","floor":1.0},{"not_picked":["Disarm","Sword Boomerang","Shrug It Off"],"picked":"SKIP","floor":5.0},{"not_picked":["Heavy Blade","Evolve","Entrench"],"picked":"SKIP","floor":6.0},{"not_picked":["Perfected Strike","Burning Pact","Sever Soul"],"picked":"SKIP","floor":8},{"not_picked":["Sword Boomerang","Iron Wave","Clash"],"picked":"SKIP","floor":12}],"player_experience":354899,"relics_obtained":[{"floor":4.0,"key":"Dream Catcher"},{"floor":6.0,"key":"Bag of Preparation"},{"floor":9,"key":"Frozen Egg 2"}],"event_choices":[{"damage_healed":0.0,"max_hp_gain":0.0,"max_hp_loss":0.0,"gold_gain":0.0,"event_name":"Lab","player_choice":"Got Potions","floor":2.0,"gold_loss":0.0,"damage_taken":0.0},{"damage_healed":0,"gold_gain":0,"player_choice":"2 cards matched","damage_taken":0,"max_hp_gain":0,"max_hp_loss":0,"event_name":"Match and Keep!","floor":10,"gold_loss":0,"cards_obtained":["Sentinel","Anger"]},{"damage_healed":0,"gold_gain":0,"player_choice":"2 cards matched","damage_taken":0,"max_hp_gain":0,"max_hp_loss":0,"event_name":"Match and Keep!","floor":10,"gold_loss":0,"cards_obtained":["Sentinel","Anger"]}],"is_beta":false,"boss_relics":[],"items_purged_floors":[14],"is_endless":false,"potions_floor_spawned":[1,13],"killed_by":"Hexaghost","ascension_level":4}}