{"host":"8zow35rkxv448q2r","time":1613144721,"event":{"mods":["AchievementEnabler","BaseMod","Colored Map","Colored Powertips","Minty Spire (QoL Compilation)","Relic Stats"],"gold_per_floor":[112,99343,99359,98934,98934,98934,98984,98997,99024,99051,99051,98537,98570,98583,98583,98661,98661,98678,98331,98349,98349,98367,98367,98379,98407,98431,98442,98453,98453,98035,98054,98054,98128,98128,98145,98145,97620,97198,97214,97214,97225,97225,97225],"floor_reached":42,"language":"ENG","playtime":2828,"items_purged":["Strike_R","Strike_R","Writhe","Armaments","Second Wind"],"score":1000,"play_id":"de33edcd-a17d-4798-9764-abb9d1dec3f6","local_time":"20210212104521","is_ascension_mode":true,"campfire_choices":[{"data":"Rupture","floor":6,"key":"SMITH"},{"floor":11,"key":"REST"},{"floor":15,"key":"DIG"},{"floor":23,"key":"REST"},{"floor":29,"key":"REST"},{"floor":32,"key":"REST"},{"floor":40,"key":"DIG"}],"circlet_count":0,"master_deck":["AscendersBane","Bash","Wild Strike","Armaments+1","Evolve","Wild Strike","Bloodletting","Rupture+1","Cleave","Metallicize","Brutality","Hemokinesis","Offering","Inflame","Armaments+1","Heavy Blade","Ghostly Armor","Feel No Pain","Barricade","Fire Breathing","Armaments+1","Spot Weakness","Bludgeon","Perfected Strike","Limit Break","Flex","Warcry","Demon Form","Combust"],"relics":["Burning Blood","NeowsBlessing","Incense Burner","Strawberry","Orrery","Membership Card","Bronze Scales","Mercury Hourglass","Regal Pillow","Oddly Smooth Stone","Lantern","Shovel","ClockworkSouvenir","Bottled Flame","Vajra","Cursed Key","Chemical X","Centennial Puzzle","Ancient Tea Set","Charon\u0027s Ashes","Potion Belt","MealTicket","Dream Catcher","DollysMirror","Pandora\u0027s Box","OrangePellets","Art of War","CeramicFish","Bottled Tornado","Orichalcum","Brimstone","Omamori"],"acts_visited":["Exordium","TheCity","TheBeyond"],"potions_floor_usage":[10,13,16,18,25,25,31,33,33,33,33,37,41,41,42,42],"damage_taken":[{"damage":0,"enemies":"Jaw Worm","floor":1,"turns":1},{"damage":0,"enemies":"2 Louse","floor":3,"turns":1},{"damage":0,"enemies":"Cultist","floor":8,"turns":1},{"damage":35,"enemies":"Lagavulin","floor":10,"turns":6},{"damage":9,"enemies":"Gremlin Nob","floor":13,"turns":3},{"damage":11,"enemies":"Red Slaver","floor":14,"turns":2},{"damage":29,"enemies":"The Guardian","floor":16,"turns":6},{"damage":3,"enemies":"3 Byrds","floor":18,"turns":2},{"damage":21,"enemies":"Shell Parasite","floor":20,"turns":4},{"damage":20,"enemies":"3 Cultists","floor":22,"turns":4},{"damage":17,"enemies":"Centurion and Healer","floor":24,"turns":4},{"damage":13,"enemies":"Book of Stabbing","floor":25,"turns":4},{"damage":10,"enemies":"Sentry and Sphere","floor":27,"turns":4},{"damage":35,"enemies":"Snake Plant","floor":28,"turns":4},{"damage":11,"enemies":"Shelled Parasite and Fungi","floor":31,"turns":3},{"damage":15,"enemies":"Automaton","floor":33,"turns":7},{"damage":41,"enemies":"3 Darklings","floor":35,"turns":5},{"damage":15,"enemies":"3 Shapes","floor":39,"turns":3},{"damage":22,"enemies":"Sphere and 2 Shapes","floor":41,"turns":3},{"damage":59,"enemies":"Reptomancer","floor":42,"turns":3}],"seed_played":"2107230511964804611","potions_obtained":[{"floor":1,"key":"Block Potion"},{"floor":3,"key":"SkillPotion"},{"floor":14,"key":"LiquidBronze"},{"floor":18,"key":"Dexterity Potion"},{"floor":27,"key":"BlessingOfTheForge"},{"floor":28,"key":"Fire Potion"},{"floor":31,"key":"Strength Potion"},{"floor":33,"key":"ColorlessPotion"},{"floor":35,"key":"DistilledChaos"}],"is_trial":false,"path_per_floor":["M","$","M","$","?","R","?","M","T","E","R","$","E","M","R","B",null,"M","$","M","?","M","R","M","E","T","M","M","R","$","M","R","B",null,"M","?","$","$","M","R","M","E"],"character_chosen":"IRONCLAD","items_purchased":["Armaments","Incense Burner","Strawberry","Orrery","Membership Card","Bronze Scales","Mercury Hourglass","Metallicize","Lantern","Shovel","ClockworkSouvenir","Hemokinesis","Offering","Explosive Potion","Chemical X","Centennial Puzzle","Ancient Tea Set","CultistPotion","Fire Breathing","MealTicket","Dream Catcher","DuplicationPotion","EssenceOfSteel","DollysMirror","Fruit Juice","Dexterity Potion","EssenceOfSteel","OrangePellets","Art of War","CeramicFish","Demon Form","Combust","Bottled Tornado","Orichalcum","Brimstone"],"campfire_rested":4,"item_purchase_floors":[2,2,2,2,4,4,4,4,12,12,12,12,12,12,19,19,19,19,30,30,30,30,30,30,37,37,37,37,37,37,37,38,38,38,38],"current_hp_per_floor":[74,81,82,82,82,82,82,82,82,53,82,82,79,74,74,51,74,77,77,62,62,48,82,71,64,64,60,31,70,70,65,82,73,80,45,45,65,80,71,71,55,0,0],"gold":97225,"neow_bonus":"THREE_ENEMY_KILL","is_daily":false,"chose_seed":false,"campfire_upgraded":1,"win_rate":0.0,"timestamp":1613144721,"path_taken":["M","$","M","$","?","R","?","?","T","E","R","?","E","M","R","BOSS","M","$","M","?","M","R","M","E","T","M","M","R","$","M","R","BOSS","M","?","?","$","M","R","M","E"],"items_purchased_type":["Card","Relic","Relic","Relic","Relic","Relic","Relic","Card","Relic","Relic","Relic","Card","Card","Potion","Relic","Relic","Relic","Potion","Card","Relic","Relic","Potion","Potion","Relic","Potion","Potion","Potion","Relic","Relic","Relic","Card","Card","Relic","Relic","Relic"],"build_version":"2020-12-22","purchased_purges":5,"victory":false,"max_hp_per_floor":[75,82,82,82,82,82,82,82,82,82,82,82,82,82,82,82,82,82,82,82,82,82,82,82,82,82,82,82,82,82,82,82,82,82,82,82,87,87,87,87,87,87,87],"relic_stats":{"Regal Pillow":30,"counters":[20,69],"CeramicFish":18,"Charon\u0027s Ashes":[70],"Orichalcum":[12],"Cursed Key":1,"Burning Blood":103,"Mercury Hourglass":[261],"OrangePellets":[1],"Centennial Puzzle":[36],"Dream Catcher":1,"Shovel":2,"Bronze Scales":[184],"MealTicket":30,"Pandora\u0027s Box":["Perfected Strike","Limit Break","Armaments","Flex","Warcry","Second Wind"],"Art of War":[1],"Chemical X":[1],"obtain_stats":[{"Regal Pillow":9,"Lantern":12,"CeramicFish":37,"Vajra":15,"Incense Burner":2,"Bottled Tornado":38,"Cursed Key":17,"Ancient Tea Set":19,"Burning Blood":0,"ClockworkSouvenir":12,"Centennial Puzzle":19,"Dream Catcher":30,"Shovel":12,"DollysMirror":30,"Strawberry":2,"MealTicket":30,"Chemical X":19,"Potion Belt":26,"NeowsBlessing":0,"Oddly Smooth Stone":10,"Charon\u0027s Ashes":25,"Omamori":40,"Orichalcum":38,"Mercury Hourglass":4,"OrangePellets":37,"Bottled Flame":13,"Brimstone":38,"Bronze Scales":4,"Orrery":2,"Pandora\u0027s Box":34,"Art of War":37,"Membership Card":4},{"Regal Pillow":3,"Lantern":4,"CeramicFish":17,"Vajra":6,"Incense Burner":1,"Bottled Tornado":17,"Cursed Key":7,"Ancient Tea Set":8,"Burning Blood":0,"ClockworkSouvenir":4,"Centennial Puzzle":8,"Dream Catcher":14,"Shovel":4,"DollysMirror":14,"Strawberry":1,"MealTicket":14,"Chemical X":8,"Potion Belt":12,"NeowsBlessing":0,"Oddly Smooth Stone":4,"Charon\u0027s Ashes":12,"Omamori":18,"Orichalcum":17,"Mercury Hourglass":2,"OrangePellets":17,"Bottled Flame":5,"Brimstone":17,"Bronze Scales":2,"Orrery":1,"Pandora\u0027s Box":16,"Art of War":17,"Membership Card":2},{"Regal Pillow":3,"Lantern":8,"CeramicFish":60,"Vajra":13,"Incense Burner":1,"Bottled Tornado":60,"Cursed Key":19,"Ancient Tea Set":21,"Burning Blood":0,"ClockworkSouvenir":8,"Centennial Puzzle":21,"Dream Catcher":45,"Shovel":8,"DollysMirror":45,"Strawberry":1,"MealTicket":45,"Chemical X":21,"Potion Belt":37,"NeowsBlessing":0,"Oddly Smooth Stone":8,"Charon\u0027s Ashes":37,"Omamori":63,"Orichalcum":60,"Mercury Hourglass":2,"OrangePellets":60,"Bottled Flame":11,"Brimstone":60,"Bronze Scales":2,"Orrery":1,"Pandora\u0027s Box":55,"Art of War":60,"Membership Card":2}]},"card_choices":[{"not_picked":["Shockwave","Battle Trance"],"picked":"Wild Strike","floor":1},{"not_picked":["Sword Boomerang","Anger"],"picked":"Evolve","floor":2},{"not_picked":["Shrug It Off","Pommel Strike"],"picked":"Wild Strike","floor":2},{"not_picked":["Flex","Warcry"],"picked":"Bloodletting","floor":2},{"not_picked":["Bloodletting","Seeing Red"],"picked":"Rupture","floor":2},{"not_picked":["Body Slam","Headbutt"],"picked":"Cleave","floor":2},{"not_picked":["Pommel Strike","Thunderclap","Havoc"],"picked":"SKIP","floor":3},{"not_picked":["Clothesline","Perfected Strike"],"picked":"Brutality","floor":8},{"not_picked":["Pommel Strike","Armaments","Clash"],"picked":"SKIP","floor":10},{"not_picked":["Wild Strike","Corruption"],"picked":"Inflame","floor":13},{"not_picked":["Body Slam","Shrug It Off","Pommel Strike"],"picked":"SKIP","floor":14},{"not_picked":["Carnage","Pommel Strike"],"picked":"Armaments+1","floor":18},{"not_picked":["Thunderclap","Twin Strike"],"picked":"Heavy Blade","floor":20},{"not_picked":["Pommel Strike","Clothesline+1"],"picked":"Ghostly Armor","floor":22},{"not_picked":["Dual Wield","Cleave","Pommel Strike"],"picked":"SKIP","floor":24},{"not_picked":["Warcry","Cleave+1"],"picked":"Feel No Pain","floor":25},{"not_picked":["Pommel Strike","Battle Trance"],"picked":"Barricade","floor":27},{"not_picked":["Iron Wave","Flex+1","Inflame"],"picked":"SKIP","floor":28},{"not_picked":["Sentinel+1","Wild Strike","Headbutt+1"],"picked":"SKIP","floor":31},{"not_picked":["Flex","Headbutt"],"picked":"Spot Weakness","floor":32},{"not_picked":["Barricade","Exhume"],"picked":"Bludgeon","floor":33},{"not_picked":["Pommel Strike","Reckless Charge","Perfected Strike"],"picked":"SKIP","floor":35},{"not_picked":["Power Through","Flex+1","Fire Breathing"],"picked":"SKIP","floor":39},{"not_picked":["Warcry+1","Iron Wave+1","Armaments+1"],"picked":"SKIP","floor":41}],"player_experience":218944,"relics_obtained":[{"floor":9,"key":"Regal Pillow"},{"floor":10,"key":"Oddly Smooth Stone"},{"floor":13,"key":"Bottled Flame"},{"floor":15,"key":"Vajra"},{"floor":25,"key":"Charon\u0027s Ashes"},{"floor":26,"key":"Potion Belt"},{"floor":40,"key":"Omamori"}],"event_choices":[{"damage_healed":0,"gold_gain":0,"player_choice":"Grow","damage_taken":0,"max_hp_gain":0,"max_hp_loss":0,"event_name":"Living Wall","floor":5,"gold_loss":0,"cards_upgraded":["Armaments"]},{"damage_healed":0,"gold_gain":50,"player_choice":"Pray","damage_taken":0,"max_hp_gain":0,"max_hp_loss":0,"event_name":"Golden Shrine","floor":7,"gold_loss":0},{"cards_removed":["Strike_R"],"damage_healed":0,"gold_gain":0,"player_choice":"Elegance","damage_taken":0,"max_hp_gain":0,"max_hp_loss":0,"event_name":"Back to Basics","floor":21,"gold_loss":0},{"damage_healed":0,"gold_gain":0,"player_choice":"Ignored","damage_taken":0,"max_hp_gain":0,"max_hp_loss":0,"event_name":"SecretPortal","floor":36,"gold_loss":0}],"is_beta":false,"boss_relics":[{"not_picked":["Fusion Hammer","Empty Cage"],"picked":"Cursed Key"},{"not_picked":["Coffee Dripper","Runic Pyramid"],"picked":"Pandora\u0027s Box"}],"items_purged_floors":[12,19,30,37,38],"is_endless":false,"potions_floor_spawned":[1,3,14,18,24,27,28,31,33,35,39],"killed_by":"Reptomancer","ascension_level":16}}