{"host":"3n5xmnb54n2y5mb4","time":1613141177,"event":{"mods":["BaseMod","Colored Map","Colored Powertips","Downfall","Minty Spire (QoL Compilation)","Permanent Neow","StSLib","Unceasing Turn Reminder","everything is the same but u backflip on backflip"],"gold_per_floor":[99,110,123,136,154,54,54,54,54,73,89,34,34,19,36,135,135,135,147,11,27,41,41,88,88,105,120,120,140,171,171,181,181,181,181],"floor_reached":33,"language":"ENG","playtime":1878,"items_purged":["downfall:Malfunctioning"],"score":276,"play_id":"25e5295a-49fa-4d12-9e17-91f61ecd3368","local_time":"20210212094617","is_ascension_mode":true,"campfire_choices":[{"floor":1,"key":"RECALL"},{"data":"Guardian:FuturePlans","floor":6,"key":"SMITH"},{"data":"Guardian:MultiBeam","floor":9,"key":"SMITH"},{"data":"Guardian:Repulse","floor":18,"key":"SMITH"},{"floor":25,"key":"REST"}],"circlet_count":0,"master_deck":["Guardian:Strike_Guardian","Guardian:Strike_Guardian+1","Guardian:Strike_Guardian","Guardian:Strike_Guardian+1","Guardian:Defend_Guardian","Guardian:Defend_Guardian","Guardian:Defend_Guardian","Guardian:Defend_Guardian","Guardian:CurlUp","Guardian:TwinSlam+1","Guardian:Repulse+1","Guardian:MultiBeam+1","Guardian:FuturePlans+1","Guardian:TemporalShield","Guardian:DecasProtection","Guardian:VentSteam+1","Guardian:Incinerate+1","Guardian:PrismaticBarrier","Guardian:BaubleBeam","Guardian:Orbwalk","Guardian:Preprogram+1","Guardian:PrimingBeam","Guardian:BronzeArmor+1","Parasite","Guardian:ShieldCharger","Guardian:Suspension","Guardian:BronzeOrb+1","Guardian:Planning","Guardian:Gem_Cyan"],"relics":["Guardian:ModeShifter","Nunchaku","downfall:HeartBlessingRed","Centennial Puzzle","Cursed Key","Bag of Marbles","StrikeDummy"],"acts_visited":["Exordium","TheCity"],"potions_floor_usage":[14,26,29,31,31],"damage_taken":[{"damage":7,"enemies":"Cultist","floor":2,"turns":5},{"damage":0,"enemies":"Small Slimes","floor":3,"turns":4},{"damage":2,"enemies":"2 Louse","floor":4,"turns":2},{"damage":3,"enemies":"Red Slaver","floor":5,"turns":5},{"damage":12,"enemies":"Exordium Thugs","floor":10,"turns":3},{"damage":21,"enemies":"Gremlin Gang","floor":11,"turns":3},{"damage":2,"enemies":"downfall:FleeingMerchant","floor":12,"turns":4},{"damage":5,"enemies":"downfall:FleeingMerchant","floor":14,"turns":4},{"damage":8,"enemies":"Large Slime","floor":15,"turns":5},{"damage":25,"enemies":"IC_STATUS_ARCHETYPE","floor":16,"turns":9},{"damage":10,"enemies":"3 Byrds","floor":19,"turns":3},{"damage":8,"enemies":"downfall:FleeingMerchant","floor":20,"turns":4},{"damage":8,"enemies":"Snecko","floor":21,"turns":3},{"damage":9,"enemies":"3 Cultists","floor":22,"turns":5},{"damage":15,"enemies":"Shelled Parasite and Fungi","floor":26,"turns":5},{"damage":9,"enemies":"Snecko","floor":27,"turns":4},{"damage":12,"enemies":"Snake Plant","floor":29,"turns":4},{"damage":24,"enemies":"Book of Stabbing","floor":30,"turns":5},{"damage":0,"enemies":"downfall:FleeingMerchant","floor":31,"turns":2},{"damage":1,"enemies":"Cultist and Chosen","floor":32,"turns":4},{"damage":11,"enemies":"DF_ARCHETYPE_CLAW","floor":33,"turns":3}],"seed_played":"7523480262747337273","potions_obtained":[{"floor":2,"key":"DuplicationPotion"},{"floor":4,"key":"FairyPotion"},{"floor":15,"key":"Fire Potion"},{"floor":16,"key":"sneckomod:MuddlingPotion"},{"floor":21,"key":"SmokeBomb"},{"floor":27,"key":"Fruit Juice"},{"floor":30,"key":"SkillPotion"}],"is_trial":false,"path_per_floor":["R","M","M","M","M","R","T","?","R","M","M","$","?","$","M","B",null,"R","M","$","M","M","?","T","R","M","M","?","M","E","$","M","B"],"character_chosen":"GUARDIAN","items_purchased":["Guardian:Gem_Yellow","Guardian:PrimingBeam"],"campfire_rested":1,"item_purchase_floors":[12,20],"current_hp_per_floor":[80,73,73,71,68,68,68,73,73,61,40,38,38,33,25,25,85,85,75,67,59,50,42,42,67,52,43,43,36,12,12,11,0,0,0],"gold":181,"neow_bonus":"RANDOM_COMMON_RELIC","is_daily":false,"chose_seed":false,"campfire_upgraded":3,"win_rate":0.0,"timestamp":1613141177,"path_taken":["R","M","M","?","M","R","T","?","R","M","M","$","?","$","M","BOSS","R","M","$","M","M","?","T","R","?","M","?","M","E","$","M","BOSS"],"items_purchased_type":["Card","Card"],"build_version":"2020-12-22","purchased_purges":1,"victory":false,"max_hp_per_floor":[80,80,80,80,80,80,80,85,85,85,85,85,85,85,85,85,85,85,85,85,85,85,85,85,85,85,85,85,90,90,90,90,90,90,90],"card_choices":[{"not_picked":["Guardian:ChargeCore","Guardian:Clone"],"picked":"Guardian:Repulse","floor":2},{"not_picked":["Guardian:ChargeCore","Guardian:Gem_Cyan"],"picked":"Guardian:MultiBeam","floor":3},{"not_picked":["Guardian:ArmoredProtocol","Guardian:Suspension"],"picked":"Guardian:FuturePlans","floor":4},{"not_picked":["Guardian:Gem_Red","Guardian:Gem_Green"],"picked":"Guardian:TemporalShield","floor":5},{"not_picked":["Guardian:TimeCapacitor","Guardian:Repulse"],"picked":"Guardian:DecasProtection","floor":10},{"not_picked":["Guardian:ChargeCore","Guardian:HyperBeam_Guardian"],"picked":"Guardian:VentSteam","floor":11},{"not_picked":["Guardian:WalkerClaw","Guardian:HyperBeam_Guardian","Guardian:RollAttack"],"picked":"SKIP","floor":12},{"not_picked":["Guardian:RollAttack","Guardian:Gem_Cyan"],"picked":"Guardian:Incinerate","floor":14},{"not_picked":["Guardian:PrismaticBeam","Guardian:SentryBeam"],"picked":"Guardian:PrismaticBarrier","floor":15},{"not_picked":["Guardian:StasisStrike","Guardian:StasisEngine"],"picked":"Guardian:BaubleBeam","floor":16},{"not_picked":["Guardian:Preprogram","Guardian:DonusPower"],"picked":"Guardian:Orbwalk","floor":19},{"not_picked":["Guardian:Gem_Fragmented","Guardian:PrismaticBarrier"],"picked":"Guardian:Preprogram+1","floor":20},{"not_picked":["Guardian:BodySlam","Guardian:Incinerate","Guardian:CrystalBeam+1"],"picked":"SKIP","floor":21},{"not_picked":["Guardian:Clone","Guardian:GuardianWhirl"],"picked":"Guardian:BronzeArmor+1","floor":22},{"not_picked":["Guardian:PrismaticBarrier","Guardian:Reroute"],"picked":"Guardian:ShieldCharger","floor":26},{"not_picked":["Guardian:PrimingBeam","Guardian:BodySlam+1"],"picked":"Guardian:Suspension","floor":27},{"not_picked":["Guardian:ChargeCore","Guardian:GuardianWhirl"],"picked":"Guardian:BronzeOrb+1","floor":29},{"not_picked":["Guardian:FloatingOrbs","Guardian:Suspension"],"picked":"Guardian:Planning","floor":30},{"not_picked":["Guardian:BodySlam","Guardian:PrismaticBarrier"],"picked":"Guardian:Gem_Cyan","floor":32}],"player_experience":1054774,"relics_obtained":[{"floor":7,"key":"Centennial Puzzle"},{"floor":24,"key":"Bag of Marbles"},{"floor":30,"key":"StrikeDummy"}],"event_choices":[{"damage_healed":0,"gold_gain":0,"player_choice":"Donut","damage_taken":0,"max_hp_gain":5,"max_hp_loss":0,"event_name":"Big Fish","floor":8,"gold_loss":0}],"is_beta":false,"boss_relics":[{"not_picked":["Guardian:ModeShifterPlus","Velvet Choker"],"picked":"Cursed Key"}],"items_purged_floors":[20],"is_endless":false,"potions_floor_spawned":[2,4,15,16,21,27,30],"killed_by":"DF_ARCHETYPE_CLAW","ascension_level":1}}