{"host":"rtw1tnr74gozsrw1","time":1613097405,"event":{"mods":["BaseMod","Colored Map","Colored Powertips","Highlight Path","Infinite Spire","Minty Spire (QoL Compilation)","StSLib","The Cursed","The Jungle"],"gold_per_floor":[111,36,36,36,50,50,82,45,94,125,139,139,139,154,154,249,249,269,283,183,200,200,200,214,214,214,214,214,224,224,242,242,339,339,351,368,383,400,400,400],"floor_reached":39,"language":"ENG","playtime":1332,"items_purged":["Strike_B","Strike_B","Parasite"],"score":523,"play_id":"e66a2918-08a9-40cb-a51b-ec85d64e5563","local_time":"20210212033645","is_ascension_mode":true,"campfire_choices":[{"data":"Zap","floor":6,"key":"SMITH"},{"data":"Defragment","floor":13,"key":"SMITH"},{"floor":15,"key":"REST"},{"data":"Defragment","floor":23,"key":"SMITH"},{"data":"Machine Learning","floor":25,"key":"SMITH"},{"floor":28,"key":"REST"},{"floor":32,"key":"REST"}],"circlet_count":0,"master_deck":["Defend_B","Defend_B","Zap+1","Dualcast","Ball Lightning","Defragment+1","Defragment+1","Redo","Cold Snap","Doom and Gloom","Machine Learning+1","Cold Snap","Streamline","Coolheaded","Cold Snap+1","Self Repair","infinitespire:Fortify","Conserve Battery+1","Skim+1","Chaos"],"relics":["Cracked Core","NeowsBlessing","Singing Bowl","Lantern","Cables","Cursed Key","Kunai","Sozu"],"acts_visited":["Exordium","TheCity","TheBeyond"],"potions_floor_usage":[24,39],"damage_taken":[{"damage":0,"enemies":"Small Slimes","floor":1,"turns":1},{"damage":0,"enemies":"Jaw Worm","floor":5,"turns":1},{"damage":0,"enemies":"Lagavulin","floor":7,"turns":1},{"damage":35,"enemies":"3 Sentries","floor":10,"turns":5},{"damage":0,"enemies":"Cultist","floor":11,"turns":2},{"damage":5,"enemies":"Red Slaver","floor":14,"turns":2},{"damage":17,"enemies":"The Guardian","floor":16,"turns":6},{"damage":4,"enemies":"Chosen","floor":18,"turns":3},{"damage":8,"enemies":"Shell Parasite","floor":19,"turns":4},{"damage":7,"enemies":"Centurion and Healer","floor":21,"turns":5},{"damage":18,"enemies":"Shelled Parasite and Fungi","floor":24,"turns":3},{"damage":25,"enemies":"Snake Plant","floor":29,"turns":3},{"damage":1,"enemies":"Cultist and Chosen","floor":31,"turns":4},{"damage":2,"enemies":"Collector","floor":33,"turns":10},{"damage":14,"enemies":"3 Shapes","floor":35,"turns":4},{"damage":3,"enemies":"3 Darklings","floor":36,"turns":5},{"damage":15,"enemies":"Writhing Mass","floor":37,"turns":6},{"damage":4,"enemies":"Maw","floor":38,"turns":6},{"damage":15,"enemies":"infinitespire:Three Voidlings","floor":39,"turns":3},{"damage":71,"enemies":"Nightmare_Alpha","floor":39,"turns":8}],"seed_played":"5134490380023477002","potions_obtained":[{"floor":5,"key":"SteroidPotion"},{"floor":7,"key":"SteroidPotion"},{"floor":11,"key":"FearPotion"},{"floor":18,"key":"Energy Potion"},{"floor":29,"key":"PotionOfCapacity"},{"floor":33,"key":"infinitespire:BlackPotion"}],"is_trial":false,"path_per_floor":["M","$","?","?","M","R","E","$","T","E","M","?","R","M","R","B",null,"M","M","$","M","?","R","M","R","T","?","R","M","AVR","M","R","B",null,"M","M","M","M","?"],"character_chosen":"DEFECT","items_purchased":["Defragment"],"campfire_rested":3,"item_purchase_floors":[8],"current_hp_per_floor":[75,75,75,75,75,75,75,75,75,40,40,40,40,35,57,40,66,64,56,56,51,51,51,33,33,33,27,50,25,25,31,53,60,74,69,73,65,70,0,0],"gold":400,"neow_bonus":"THREE_ENEMY_KILL","is_daily":false,"chose_seed":false,"campfire_upgraded":4,"win_rate":0.0,"timestamp":1613097405,"path_taken":["M","$","?","?","M","R","E","$","T","E","M","?","R","?","R","BOSS","M","M","$","M","?","R","M","R","T","?","R","?","AVR","M","R","BOSS","M","M","M","M","?"],"items_purchased_type":["Card"],"build_version":"2020-12-22","purchased_purges":3,"victory":false,"max_hp_per_floor":[75,75,75,75,75,75,75,75,75,75,75,75,75,75,75,75,75,77,77,77,79,79,79,79,79,79,79,79,79,76,76,76,78,78,80,80,80,82,82,82],"card_choices":[{"not_picked":["Hologram","Streamline"],"picked":"Ball Lightning","floor":1},{"not_picked":["Compile Driver","Rebound","Barrage"],"picked":"SKIP","floor":5},{"not_picked":["Beam Cell","Rip and Tear"],"picked":"Defragment","floor":7},{"not_picked":["Blizzard","Sweeping Beam"],"picked":"Redo","floor":10},{"not_picked":["Ball Lightning","Genetic Algorithm"],"picked":"Cold Snap","floor":11},{"not_picked":["Streamline","All For One"],"picked":"Doom and Gloom","floor":14},{"not_picked":["Seek","Hyperbeam"],"picked":"Machine Learning","floor":16},{"not_picked":["Blizzard","Coolheaded+1","Lockon+1"],"picked":"Singing Bowl","floor":18},{"not_picked":["Melter+1","Compile Driver"],"picked":"Cold Snap","floor":19},{"not_picked":["Streamline","Coolheaded+1","Hologram"],"picked":"Singing Bowl","floor":21},{"not_picked":["Hologram","Redo"],"picked":"Cold Snap+1","floor":24},{"not_picked":["Hologram","Rebound"],"picked":"Self Repair","floor":29},{"not_picked":["Ball Lightning+1","Electrodynamics"],"picked":"Conserve Battery+1","floor":31},{"not_picked":["Meteor Strike","Fission","All For One"],"picked":"Singing Bowl","floor":33},{"not_picked":["Sweeping Beam+1","Undo","Storm"],"picked":"Singing Bowl","floor":35},{"not_picked":["Go for the Eyes+1","Steam+1"],"picked":"Skim+1","floor":36},{"not_picked":["Coolheaded+1","Skim"],"picked":"Chaos","floor":37},{"not_picked":["Go for the Eyes","Hologram","Sunder"],"picked":"Singing Bowl","floor":38}],"player_experience":142710,"relics_obtained":[{"floor":7,"key":"Singing Bowl"},{"floor":9,"key":"Lantern"},{"floor":10,"key":"Cables"},{"floor":26,"key":"Kunai"}],"event_choices":[{"cards_removed":["Strike_B"],"damage_healed":0,"gold_gain":0,"player_choice":"Card Removal","damage_taken":0,"max_hp_gain":0,"max_hp_loss":0,"event_name":"Wheel of Change","floor":12,"gold_loss":0},{"damage_healed":0,"gold_gain":0,"cards_transformed":["Defend_B","Defend_B"],"player_choice":"Became Test Subject","damage_taken":0,"max_hp_gain":0,"max_hp_loss":0,"event_name":"Drug Dealer","floor":22,"gold_loss":0,"cards_obtained":["Streamline","Coolheaded"]},{"damage_healed":0,"gold_gain":0,"player_choice":"","damage_taken":6,"max_hp_gain":0,"max_hp_loss":0,"event_name":"Knowing Skull","floor":27,"potions_obtained":[],"gold_loss":0,"cards_obtained":[]}],"is_beta":false,"boss_relics":[{"not_picked":["Runic Dome","Coffee Dripper"],"picked":"Cursed Key"},{"not_picked":["FrozenCore","Inserter"],"picked":"Sozu"}],"items_purged_floors":[2,20,30],"is_endless":false,"potions_floor_spawned":[5,7,11,18,29,31,33,38,39],"killed_by":"Nightmare_Alpha","ascension_level":5}}