{"host":"fkig9nrckec4xsh0","time":1613114396,"event":{"mods":["Act Like it!","BaseMod","Colored Map","Gensokyo","Hermit","Marisa????????","Minty Spire (QoL Compilation)","Quick Restart","Replay The Spire","StSLib"],"gold_per_floor":[117,117,130,142,142,142,175,188,188,201,201,227,247,281,281,358,358,358,358,358,358,154,188,200,233,260,260,10,42,42,77,77,77,77],"floor_reached":33,"language":"ENG","playtime":1649,"items_purged":["Defend_R"],"score":757,"play_id":"80a55872-a602-4748-a0ad-f99b7b3e22ee","local_time":"20210212021956","is_ascension_mode":true,"campfire_choices":[{"data":"Cleave","floor":6,"key":"SMITH"},{"data":"1","floor":15,"key":"LIFT"},{"data":"2","floor":32,"key":"LIFT"}],"circlet_count":0,"master_deck":["AscendersBane","Defend_R","Defend_R","Defend_R","Bash","Cleave+1","Clash","ReplayTheSpireMod:Stacked+1","Demonic Infusion","Anger","ReplayTheSpireMod:Muscle Training","Anger","Impervious","Pommel Strike","Reaper","Bite","Bite","Bite","Bite","Bite","Inflame","Armaments","Armaments","Uppercut","Seeing Red+1","Pommel Strike","Heavy Blade","Reaper","Shockwave","Clothesline"],"relics":["Burning Blood","NeowsBlessing","Replay:Baseball","Omamori","Replay:Accelerometer","Girya","Abe\u0027s Treasure","PreservedInsect","Mercury Hourglass","Mummified Hand","Pen Nib","Peace Pipe","Garlic","Boot"],"acts_visited":["Exordium","TheCity"],"potions_floor_usage":[12,16,16,18,33,33],"damage_taken":[{"damage":0,"enemies":"Jaw Worm","floor":1,"turns":1},{"damage":0,"enemies":"Cultist","floor":3,"turns":1},{"damage":0,"enemies":"Small Slimes","floor":4,"turns":1},{"damage":32,"enemies":"Gremlin Nob","floor":7,"turns":4},{"damage":1,"enemies":"Looter","floor":8,"turns":3},{"damage":16,"enemies":"Large Slime","floor":10,"turns":5},{"damage":6,"enemies":"3 Sentries","floor":12,"turns":5},{"damage":9,"enemies":"Blue Slaver","floor":13,"turns":2},{"damage":20,"enemies":"Replay:BlueRogue","floor":14,"turns":7},{"damage":16,"enemies":"Slime Boss","floor":16,"turns":8},{"damage":0,"enemies":"3 Byrds","floor":18,"turns":1},{"damage":41,"enemies":"Replay:Snechameleon","floor":23,"turns":7},{"damage":21,"enemies":"2 Thieves","floor":24,"turns":4},{"damage":30,"enemies":"Gremlin Leader","floor":25,"turns":4},{"damage":17,"enemies":"Replay:Snechameleon","floor":29,"turns":4},{"damage":14,"enemies":"Gremlin Leader","floor":31,"turns":5},{"damage":97,"enemies":"Automaton","floor":33,"turns":6}],"seed_played":"6828807179062879263","potions_obtained":[{"floor":7,"key":"Cursed Concoction"},{"floor":12,"key":"Strength Potion"},{"floor":13,"key":"SkillPotion"},{"floor":16,"key":"SmokeBomb"},{"floor":23,"key":"BloodPotion"},{"floor":25,"key":"Milkshake"}],"is_trial":false,"path_per_floor":["M","?","M","M","?","R","E","M","T","M","$","E","M","E","R_BF","B",null,"M","?","?","?","$","E","M","E","T","T","$","E","?","E","R","B"],"character_chosen":"IRONCLAD","items_purchased":["Inflame","Armaments","Uppercut","Reaper"],"campfire_rested":0,"item_purchase_floors":[22,22,22,28],"current_hp_per_floor":[74,74,75,75,75,75,49,54,54,44,44,44,41,27,27,17,61,67,67,46,46,46,32,37,38,38,38,38,38,38,56,56,0,0],"gold":77,"neow_bonus":"THREE_ENEMY_KILL","is_daily":false,"chose_seed":false,"campfire_upgraded":1,"win_rate":0.0,"timestamp":1613114396,"path_taken":["M","?","?","M","?","R","E","M","T","?","?","E","M","E","R_BF","BOSS","M","?","?","?","$","E","M","E","T","?","$","E","?","E","R","BOSS"],"items_purchased_type":["Card","Card","Card","Card"],"build_version":"2020-12-22","purchased_purges":1,"victory":false,"max_hp_per_floor":[75,75,75,75,75,75,75,75,75,75,75,75,75,75,75,75,75,75,75,80,56,56,56,56,56,56,56,56,56,56,56,56,56,56],"card_choices":[{"not_picked":["Flex","Iron Wave"],"picked":"Cleave","floor":1},{"not_picked":["Iron Wave","Heavy Blade"],"picked":"Clash","floor":3},{"not_picked":["Headbutt","Clothesline"],"picked":"ReplayTheSpireMod:Stacked","floor":4},{"not_picked":["Armaments","Uppercut"],"picked":"Demonic Infusion","floor":7},{"not_picked":["Thunderclap","Life Link"],"picked":"Anger","floor":8},{"not_picked":["Burning Pact","Body Slam"],"picked":"ReplayTheSpireMod:Muscle Training","floor":10},{"not_picked":["Cleave","Flex"],"picked":"Anger","floor":12},{"not_picked":["Rupture","Iron Wave"],"picked":"Impervious","floor":13},{"not_picked":["ReplayTheSpireMod:Muscle Training","Clothesline"],"picked":"Pommel Strike","floor":14},{"not_picked":["Demon Form","Immolate"],"picked":"Reaper","floor":16},{"not_picked":["ReplayTheSpireMod:Strike From Hell","Havoc"],"picked":"Seeing Red+1","floor":23},{"not_picked":["Sword Boomerang","Shrug It Off"],"picked":"Pommel Strike","floor":24},{"not_picked":["Dual Wield","Intimidate"],"picked":"Heavy Blade","floor":25},{"not_picked":["Headbutt","Armaments"],"picked":"Shockwave","floor":29},{"not_picked":["ReplayTheSpireMod:Strike From Hell","Pommel Strike"],"picked":"Clothesline","floor":31}],"player_experience":428378,"relics_obtained":[{"floor":7,"key":"Replay:Baseball"},{"floor":9,"key":"Omamori"},{"floor":12,"key":"Replay:Accelerometer"},{"floor":14,"key":"Girya"},{"floor":23,"key":"Mercury Hourglass"},{"floor":25,"key":"Mummified Hand"},{"floor":26,"key":"Pen Nib"},{"floor":27,"key":"Peace Pipe"},{"floor":29,"key":"Garlic"},{"floor":31,"key":"Boot"}],"event_choices":[{"cards_removed":["Strike_R"],"damage_healed":0,"gold_gain":0,"player_choice":"Purged","damage_taken":0,"max_hp_gain":0,"max_hp_loss":0,"event_name":"Purifier","floor":2,"gold_loss":0},{"damage_healed":0,"gold_gain":0,"player_choice":"Upgraded","damage_taken":0,"max_hp_gain":0,"max_hp_loss":0,"event_name":"Upgrade Shrine","floor":5,"gold_loss":0,"cards_upgraded":["ReplayTheSpireMod:Stacked"]},{"damage_healed":0,"gold_gain":0,"player_choice":"Opened","damage_taken":0,"relics_obtained":["PreservedInsect"],"max_hp_gain":0,"max_hp_loss":0,"event_name":"The Mausoleum","floor":19,"gold_loss":0,"cards_obtained":["Writhe"]},{"damage_healed":0,"gold_gain":0,"player_choice":"Shed Blood","damage_taken":26,"max_hp_gain":5,"max_hp_loss":0,"event_name":"Forgotten Altar","floor":20,"gold_loss":0},{"damage_healed":0,"gold_gain":0,"player_choice":"Became a vampire","damage_taken":0,"max_hp_gain":0,"max_hp_loss":24,"event_name":"Vampires","floor":21,"gold_loss":0,"cards_obtained":["Bite","Bite","Bite","Bite","Bite"]},{"damage_healed":0,"gold_gain":0,"player_choice":"Ignored","damage_taken":0,"max_hp_gain":0,"max_hp_loss":0,"event_name":"Ghosts","floor":30,"gold_loss":0}],"is_beta":false,"boss_relics":[{"not_picked":["Electric Blood","Coffee Dripper"],"picked":"Abe\u0027s Treasure"}],"items_purged_floors":[28],"is_endless":false,"potions_floor_spawned":[7,12,13,16,18,23,25],"killed_by":"Automaton","ascension_level":20}}