{"host":"9j0rsbn48qfskt9p","time":1613167562,"event":{"mods":["AchievementEnabler","BaseMod","Colored Map","DeckTracker","Highlight Path","Minty Spire (QoL Compilation)","StSLib","SuperFastMode"],"gold_per_floor":[115,115,132,145,145,174,191,191,191,41,41,18,18,43,43,144,144,156,156,172,172,172],"floor_reached":21,"language":"ENG","playtime":997,"items_purged":[],"score":249,"play_id":"a87f8692-b20b-405d-8ac2-c322badec217","local_time":"20210212230602","is_ascension_mode":true,"campfire_choices":[{"floor":11,"key":"REST"},{"floor":13,"key":"REST"},{"data":"Static Discharge","floor":15,"key":"SMITH"}],"circlet_count":0,"master_deck":["Strike_B+1","Strike_B+1","Strike_B","Strike_B","Defend_B","Defend_B","Defend_B","Defend_B","Zap","Dualcast","Conserve Battery","Consume","Multi-Cast+1","Coolheaded","Static Discharge+1","Conserve Battery","Darkness","Thunder Strike","Stack+1","Aggregate"],"relics":["Cracked Core","NeowsBlessing","Darkstone Periapt","Shuriken","Frozen Eye","Ornamental Fan","Busted Crown"],"acts_visited":["Exordium","TheCity"],"potions_floor_usage":[14,16,16,16,16,16,16,16,18,20],"damage_taken":[{"damage":0,"enemies":"2 Louse","floor":1,"turns":1},{"damage":0,"enemies":"Cultist","floor":3,"turns":1},{"damage":0,"enemies":"Jaw Worm","floor":4,"turns":1},{"damage":54,"enemies":"Lagavulin","floor":6,"turns":6},{"damage":1,"enemies":"Looter","floor":7,"turns":4},{"damage":18,"enemies":"3 Sentries","floor":14,"turns":7},{"damage":0,"enemies":"Slime Boss","floor":16,"turns":3},{"damage":15,"enemies":"2 Thieves","floor":18,"turns":3},{"damage":2,"enemies":"3 Byrds","floor":20,"turns":5},{"damage":49,"enemies":"Masked Bandits","floor":21,"turns":3}],"seed_played":"-5740809321354273376","potions_obtained":[{"floor":1,"key":"Block Potion"},{"floor":3,"key":"LiquidBronze"},{"floor":7,"key":"EntropicBrew"},{"floor":18,"key":"DistilledChaos"}],"is_trial":false,"path_per_floor":["M","?","M","M","?","E","M","?","T","$","R","$","R","E","R","B",null,"M","?","M","?"],"character_chosen":"DEFECT","items_purchased":["Frozen Eye","Conserve Battery"],"campfire_rested":2,"item_purchase_floors":[10,12],"current_hp_per_floor":[75,75,75,75,60,6,5,5,5,5,27,27,49,31,31,31,75,60,46,44,0,0],"gold":172,"neow_bonus":"THREE_ENEMY_KILL","is_daily":false,"chose_seed":false,"campfire_upgraded":1,"win_rate":0.0,"timestamp":1613167562,"path_taken":["M","?","?","?","?","E","M","?","T","?","R","$","R","E","R","BOSS","M","?","M","?"],"items_purchased_type":["Relic","Card"],"build_version":"2020-12-22","purchased_purges":0,"victory":false,"max_hp_per_floor":[75,75,75,75,75,75,75,75,75,75,75,75,75,75,75,75,75,75,80,80,80,80],"card_choices":[{"not_picked":["Beam Cell","Steam"],"picked":"Conserve Battery","floor":1},{"not_picked":["Go for the Eyes","Self Repair"],"picked":"Consume","floor":3},{"not_picked":["Rebound","Lockon"],"picked":"Multi-Cast","floor":4},{"not_picked":["Barrage","Rebound"],"picked":"Coolheaded","floor":6},{"not_picked":["Rebound","Seek"],"picked":"Static Discharge","floor":7},{"not_picked":["Rebound","Scrape"],"picked":"Darkness","floor":14},{"not_picked":["Hyperbeam","Seek"],"picked":"Thunder Strike","floor":16},{"not_picked":[],"picked":"Stack+1","floor":18},{"not_picked":[],"picked":"Aggregate","floor":20}],"player_experience":203053,"relics_obtained":[{"floor":6,"key":"Darkstone Periapt"},{"floor":9,"key":"Shuriken"},{"floor":14,"key":"Ornamental Fan"}],"event_choices":[{"damage_healed":0,"gold_gain":0,"player_choice":"Full Heal","damage_taken":0,"max_hp_gain":0,"max_hp_loss":0,"event_name":"Wheel of Change","floor":2,"gold_loss":0},{"damage_healed":0,"gold_gain":0,"player_choice":"Entered Light","damage_taken":15,"max_hp_gain":0,"max_hp_loss":0,"event_name":"Shining Light","floor":5,"gold_loss":0,"cards_upgraded":["Strike_B","Strike_B"]},{"damage_healed":0,"gold_gain":0,"player_choice":"Grow","damage_taken":0,"max_hp_gain":0,"max_hp_loss":0,"event_name":"Living Wall","floor":8,"gold_loss":0,"cards_upgraded":["Multi-Cast"]},{"damage_healed":0,"gold_gain":0,"player_choice":"Shed Blood","damage_taken":19,"max_hp_gain":5,"max_hp_loss":0,"event_name":"Forgotten Altar","floor":19,"gold_loss":0},{"damage_healed":0,"gold_gain":0,"player_choice":"Fought Bandits","damage_taken":0,"max_hp_gain":0,"max_hp_loss":0,"event_name":"Masked Bandits","floor":21,"gold_loss":0}],"is_beta":false,"boss_relics":[{"not_picked":["Runic Dome","SacredBark"],"picked":"Busted Crown"}],"items_purged_floors":[],"is_endless":false,"potions_floor_spawned":[1,3,7,18],"killed_by":"Masked Bandits","ascension_level":1}}