{"host":"8iaoobhpyvel1t4g","time":1613091559,"event":{"mods":["Aspiration","BaseMod","Beaked The Cultist","Clawfect","Colored Map","Conspire","Energized Spire","Friendly Minions","Glutton Mod","Halation","Highlight Path","Hubris","Infinite Spire","Jedi Mod","Minty Spire (QoL Compilation)","Permanent Neow","Quick Restart","Replay The Spire","Shop Mod","StSLib","SuperFastMode","The Jungle","TheVacant","Weighted Paths"],"gold_per_floor":[116,116,128,144,175,175,202,202,270,286,286,286],"floor_reached":11,"language":"ENG","playtime":425,"items_purged":[],"score":102,"play_id":"2fab1804-ff47-4d24-a3a5-4d69521ec6c0","local_time":"20210211195919","is_ascension_mode":true,"campfire_choices":[{"data":"jedi:locknload","floor":6,"key":"SMITH"},{"floor":8,"key":"REST"}],"circlet_count":0,"master_deck":["Gash","Gash","Gash","Gash","Gash","Defend_B","Defend_B","Defend_B","Defend_B","BasicCrystalCard","jedi:locknload+1","Clawfect:Clawline","Conserve Battery","jedi:hex"],"relics":["Clawfect:DRClaw","Replay:Antivirus Software","Nunchaku","conspire:Dentures"],"acts_visited":["Exordium"],"potions_floor_usage":[7,7,11],"damage_taken":[{"damage":1,"enemies":"Cultist","floor":1,"turns":4},{"damage":9,"enemies":"2 Louse","floor":3,"turns":4},{"damage":17,"enemies":"Small Slimes","floor":4,"turns":4},{"damage":21,"enemies":"conspire:MimicChest","floor":5,"turns":4},{"damage":18,"enemies":"Lagavulin","floor":7,"turns":4},{"damage":20,"enemies":"2 Fungi Beasts","floor":10,"turns":5},{"damage":13,"enemies":"3 Sentries","floor":11,"turns":4}],"seed_played":"5714688857886332301","potions_obtained":[{"floor":4,"key":"FearPotion"},{"floor":5,"key":"Strength Potion"},{"floor":7,"key":"CultistPotion"}],"is_trial":false,"path_per_floor":["M","?","M","M","?","R","E","R","T","M","E"],"character_chosen":"DEFECT","items_purchased":[],"campfire_rested":1,"item_purchase_floors":[],"current_hp_per_floor":[74,74,65,48,27,27,9,31,31,11,0,0],"gold":286,"neow_bonus":"RANDOM_EVENT","is_daily":false,"chose_seed":false,"campfire_upgraded":1,"win_rate":0.0,"timestamp":1613091559,"path_taken":["M","?","M","M","?","R","E","R","T","M","E"],"items_purchased_type":[],"build_version":"2020-12-22","purchased_purges":0,"victory":false,"max_hp_per_floor":[75,75,75,75,75,75,75,75,75,75,75,75],"card_choices":[{"not_picked":["ReplayTheSpireMod:Repulse","conspire:SharedLibrary"],"picked":"BasicCrystalCard","floor":1},{"not_picked":["Redo","Gash"],"picked":"jedi:locknload","floor":3},{"not_picked":["Stack","Clawfect:ClawingBeam"],"picked":"Clawfect:Clawline","floor":4},{"not_picked":["BasicCrystalCard","Clawfect:Clawrage"],"picked":"Conserve Battery","floor":5},{"not_picked":["Storm","Recycle"],"picked":"jedi:hex","floor":7},{"not_picked":["Clawfect:ClawingBeam","BasicCrystalCard","jedi:hex"],"picked":"SKIP","floor":10}],"player_experience":329581,"relics_obtained":[{"floor":5,"key":"Replay:Antivirus Software"},{"floor":7,"key":"Nunchaku"},{"floor":9,"key":"conspire:Dentures"}],"event_choices":[{"cards_removed":["Defend_B"],"damage_healed":0,"gold_gain":0,"player_choice":"Forget","damage_taken":0,"max_hp_gain":0,"max_hp_loss":0,"event_name":"Living Wall","floor":0,"gold_loss":0},{"damage_healed":0,"gold_gain":0,"player_choice":"Leave","damage_taken":0,"max_hp_gain":0,"max_hp_loss":0,"event_name":"conspire:Investor","floor":2,"gold_loss":0}],"is_beta":false,"boss_relics":[],"items_purged_floors":[],"is_endless":false,"potions_floor_spawned":[4,5,7],"killed_by":"3 Sentries","ascension_level":1}}