{"host":"za9ilm1uiwmpmin1","time":1613166542,"event":{"mods":["AchievementEnabler","Act Like it!","BaseMod","Dota2Spire","Downfall","Friendly Minions","KomeijiMod","Lobotomy","LobotomyExtend","Minty Spire (QoL Compilation)","MostiFishMod","Reorder Act Four","RumiaBox-露米娅的神秘盒子","StSLib","TestMod","Waifu the Spire","[IsaacMod]以撒尖塔","【功能Mod】混沌之环修复补丁"],"gold_per_floor":[116,128,140,155,169,200,200,37,111,145,145,156,169,196,196,273,273,289,304,315,315,315,348,310,310,389,415,429,479,492,510,510,587,587,606,624,624,644,655,686,686,715,715,744,761,761,628,641,641,641,641,641,499,499,528,528],"floor_reached":57,"language":"ZHS","playtime":1974,"items_purged":["sneckomod:Strike","sneckomod:Strike","sneckomod:Unknown","sneckomod:Defend","sneckomod:Defend"],"score":3074,"play_id":"405ac0cd-1bb2-4757-9019-5b6eccc19403","local_time":"20210213054902","is_ascension_mode":true,"campfire_choices":[{"data":"sneckomod:Memorize","floor":7.0,"key":"SMITH"},{"data":"sneckomod:UnknownDraw","floor":11.0,"key":"SMITH"},{"data":"sneckomod:Rotation","floor":15,"key":"SMITH"},{"data":"sneckomod:UnknownStrength","floor":25,"key":"SMITH"},{"data":"bronze:Return","floor":32,"key":"SMITH"},{"floor":41,"key":"RECALL"},{"data":"sneckomod:UnknownDraw","floor":46,"key":"SMITH"},{"data":"sneckomod:UnknownBlock","floor":49,"key":"SMITH"},{"data":"sneckomod:UnknownClassGREEN","floor":54,"key":"SMITH"}],"circlet_count":0,"master_deck":["AscendersBane","sneckomod:Defend","sneckomod:TailWhip","sneckomod:SnekBite","sneckomod:Unknown0Cost","sneckomod:Rotation+1","sneckomod:UnknownClassGREEN+1","Backflip+1","sneckomod:SnakeSap","sneckomod:UnknownStrength+1","sneckomod:SlitherStrike","bronze:Return+1","sneckomod:UnknownDraw+1","MostiFishMod:IntelligentEquipment+1","sneckomod:TrashToTreasure+1","sneckomod:UnknownBlock+1","sneckomod:SerpentMind+1"],"relics":["DaveBox","HushsDoor","testmod-TestBox","testmod-HeartOfStrike","GuppysTail","PatriotShield","EasyGame_NEW","SynthV:TestCard","LetterFromLob","testmod-HeartOfDaVinci","SteamSale","SSSystem","JellyFishMachine","Bronze Scales","sneckomod:ConfusingCodex","bronze:ProtectiveGoggles","Frozen Egg 2","Dota2Spire:BladeMail","FeatherPendant","Dota2Spire:EyeOfSkadi","Leech","testmod-Alchemist","testmod-IndustrialRevolution","OrangePellets","Dota2Spire:OrchidMalevolence"],"acts_visited":["Exordium","TheCity","TheBeyond","TheEnding"],"potions_floor_usage":[56,56,56],"damage_taken":[{"damage":0.0,"enemies":"Cultist","floor":1.0,"turns":1.0},{"damage":0.0,"enemies":"Small Slimes","floor":2.0,"turns":2.0},{"damage":0.0,"enemies":"Jaw Worm","floor":3.0,"turns":2.0},{"damage":0.0,"enemies":"Exordium Wildlife","floor":4.0,"turns":1.0},{"damage":0.0,"enemies":"Lots of Slimes","floor":5.0,"turns":3.0},{"damage":0.0,"enemies":"Gremlin Nob","floor":6.0,"turns":2.0},{"damage":3.0,"enemies":"Lagavulin","floor":10.0,"turns":3.0},{"damage":0.0,"enemies":"Blue Slaver","floor":12.0,"turns":1.0},{"damage":0.0,"enemies":"Gremlin Gang","floor":13.0,"turns":3.0},{"damage":0,"enemies":"3 Sentries","floor":14,"turns":2},{"damage":0,"enemies":"Slime Boss","floor":16,"turns":5},{"damage":0,"enemies":"2 Thieves","floor":18,"turns":2},{"damage":0,"enemies":"Shell Parasite","floor":19,"turns":2},{"damage":0,"enemies":"3 Cultists","floor":20,"turns":3},{"damage":0,"enemies":"Gremlin Leader","floor":23,"turns":2},{"damage":0,"enemies":"Book of Stabbing","floor":27,"turns":2},{"damage":0,"enemies":"Snake Plant","floor":28,"turns":1},{"damage":0,"enemies":"Hiden Room Battle","floor":29,"turns":2},{"damage":0,"enemies":"Shelled Parasite and Fungi","floor":30,"turns":2},{"damage":0,"enemies":"Chosen and Byrds","floor":31,"turns":1},{"damage":0,"enemies":"Collector","floor":33,"turns":4},{"damage":0,"enemies":"Orb Walker","floor":35,"turns":1},{"damage":0,"enemies":"3 Shapes","floor":36,"turns":2},{"damage":0,"enemies":"Sphere and 2 Shapes","floor":38,"turns":1},{"damage":0,"enemies":"Jaw Worm Horde","floor":39,"turns":1},{"damage":0,"enemies":"Reptomancer","floor":40,"turns":1},{"damage":0,"enemies":"Nemesis","floor":42,"turns":1},{"damage":0,"enemies":"Giant Head","floor":44,"turns":2},{"damage":0,"enemies":"Maw","floor":45,"turns":1},{"damage":0,"enemies":"4 Shapes","floor":48,"turns":2},{"damage":0,"enemies":"Awakened One","floor":50,"turns":3},{"damage":0,"enemies":"Shield and Spear","floor":55,"turns":2},{"damage":25,"enemies":"The Heart","floor":56,"turns":5}],"seed_played":"-9123292071280130132","potions_obtained":[{"floor":4.0,"key":"Block Potion"},{"floor":6.0,"key":"Dota2Spire:Clarity"},{"floor":55,"key":"Dota2Spire:Clarity"}],"is_trial":false,"path_per_floor":["M","M","M","M","M","E","R","$","T","E","R","M","M","E","R","B",null,"M","M","M","?","?","E","$","R","T","E","M","?","M","M","R","B",null,"M","M","?","M","M","E","R","E","T","E","M","R","$","M","R","B",null,null,"$","R","E","B",null],"character_chosen":"THE_SNECKO","items_purchased":["SteamSale","sneckomod:Memorize","testmod-IndustrialRevolution","OrangePellets"],"campfire_rested":0,"item_purchase_floors":[8,34,47,53],"current_hp_per_floor":[75,75,75,75,75,75,75,75,75,72,72,72,72,72,72,75,77,77,77,77,55,55,55,55,55,55,55,55,55,55,55,55,55,69,69,69,69,69,69,69,69,74,74,75,75,75,75,76,76,78,78,78,78,78,78,55],"gold":528,"neow_bonus":"BOSS_RELIC","is_daily":false,"chose_seed":false,"campfire_upgraded":8,"win_rate":0.0,"timestamp":1613166542,"path_taken":["M","M","M","M","M","E","R","$","T","E","R","M","?","E","R","BOSS","M","M","M","?","?","E","$","R","T","E","?","?","M","M","R","BOSS","M","?","?","M","M","E","R","E","T","E","M","R","$","M","R","BOSS","$","R","E","BOSS"],"items_purchased_type":["Relic","Card","Relic","Relic"],"build_version":"2020-12-22","purchased_purges":5,"victory":true,"max_hp_per_floor":[83,83,83,83,83,83,83,83,83,83,83,83,83,83,83,83,78,78,78,78,83,83,83,83,83,83,83,83,83,83,83,83,83,73,73,73,73,73,73,73,73,78,78,78,78,78,78,78,78,78,78,78,78,78,78,78],"card_choices":[{"not_picked":["sneckomod:UnknownBlock","sneckomod:Unknown1Cost"],"picked":"sneckomod:Unknown0Cost","floor":1.0},{"not_picked":["sneckomod:ImprovisedAttack","sneckomod:UnknownUncommonAttack","sneckomod:UnknownBlock","sneckomod:Unknown3Cost"],"picked":"Bomb","floor":2.0},{"not_picked":["sneckomod:UnknownCommonSkill","sneckomod:ImprovisedGuard","sneckomod:SoulDraw","sneckomod:WideSting"],"picked":"sneckomod:UnknownDraw","floor":3.0},{"not_picked":["sneckomod:Unknown0Cost","sneckomod:SoulRoll","sneckomod:UnknownCommonSkill","sneckomod:PureSnecko"],"picked":"sneckomod:Memorize","floor":4.0},{"not_picked":["sneckomod:UnknownX","sneckomod:CheapStock","sneckomod:UnknownVulnerable","sneckomod:UnknownUncommonSkill","sneckomod:DiceCrush"],"picked":"SKIP","floor":5.0},{"not_picked":["sneckomod:MixItUp","sneckomod:UnknownDraw","sneckomod:MasterEye","sneckomod:IronFang","sneckomod:DiceBlock"],"picked":"SKIP","floor":6.0},{"not_picked":["sneckomod:MixItUp","sneckomod:UnknownDraw","sneckomod:MasterEye","sneckomod:IronFang","sneckomod:DiceBlock"],"picked":"SKIP","floor":6.0},{"not_picked":["sneckomod:IronFang","sneckomod:SoulRoll","sneckomod:DangerNoodle","sneckomod:ImprovisedAttack"],"picked":"Bomb","floor":10.0},{"not_picked":["sneckomod:UnknownCommonSkill","sneckomod:UnknownDraw","sneckomod:PureSnecko","sneckomod:UnendingSupply"],"picked":"sneckomod:Rotation","floor":12.0},{"not_picked":["sneckomod:Nope","sneckomod:UnknownDraw","sneckomod:WideSting","sneckomod:UnknownDexterity"],"picked":"Bomb","floor":13.0},{"not_picked":["sneckomod:UnknownExhaust","sneckomod:UnknownClassBLUE","sneckomod:UnknownVulnerable","sneckomod:UnknownRareSkill"],"picked":"sneckomod:UnknownClassGREEN","floor":14},{"not_picked":["sneckomod:UnknownClass古明地觉","sneckomod:DiceBlock","sneckomod:UnknownCommonAttack","sneckomod:SoulRoll+1"],"picked":"sneckomod:SnakeSap","floor":18},{"not_picked":["sneckomod:MixItUp+1","sneckomod:UnknownCommonSkill","sneckomod:UnknownClassBLUE+1","sneckomod:DiceCrush"],"picked":"sneckomod:UnknownStrength","floor":19},{"not_picked":["sneckomod:QuickBite","sneckomod:SerpentIdol","sneckomod:DiceBlock","sneckomod:UnknownCommonSkill"],"picked":"sneckomod:SlitherStrike","floor":20},{"not_picked":["sneckomod:UnknownDraw","sneckomod:UnknownExhaust","sneckomod:UnknownColorless","sneckomod:CheapStock","sneckomod:Unknown2Cost"],"picked":"SKIP","floor":23},{"not_picked":["sneckomod:UnknownVulnerable","sneckomod:SoulRoll","sneckomod:WideSting","sneckomod:UnknownDraw+1","sneckomod:UnendingSupply"],"picked":"SKIP","floor":27},{"not_picked":["sneckomod:DiceBoulder","sneckomod:WideSting","sneckomod:SoulDraw","sneckomod:SnekBeam","sneckomod:ImprovisedGuard"],"picked":"SKIP","floor":28},{"not_picked":["sneckomod:IronFang+1","sneckomod:UnknownCommonSkill+1","sneckomod:QuickBite","sneckomod:Rotation+1"],"picked":"sneckomod:UnknownDraw","floor":30},{"not_picked":["sneckomod:Nope","sneckomod:UnknownCommonSkill","sneckomod:UnknownUncommonAttack","sneckomod:SoulRoll","sneckomod:RainOfDice"],"picked":"SKIP","floor":31},{"not_picked":["sneckomod:SoulCleanse+1","sneckomod:RainOfDice","sneckomod:UnknownCommonAttack","sneckomod:DiceCrush+1"],"picked":"sneckomod:TrashToTreasure+1","floor":35},{"not_picked":["sneckomod:UnknownDraw+1","sneckomod:UnknownDexterity","sneckomod:UnknownClass古明地觉+1","sneckomod:DiceCrush","sneckomod:TrashToTreasure"],"picked":"SKIP","floor":36},{"not_picked":["sneckomod:IronFang+1","sneckomod:SnakeSap","sneckomod:RainOfDice+1","sneckomod:UnknownExhaust+1","sneckomod:Unknown1Cost"],"picked":"SKIP","floor":38},{"not_picked":["sneckomod:UnknownBlock","sneckomod:UnknownStrike+1","sneckomod:MorePower+1","sneckomod:PureSnecko","sneckomod:UnknownDexterity"],"picked":"SKIP","floor":39},{"not_picked":["sneckomod:DiceBoulder","sneckomod:SlitherStrike+1","sneckomod:Unknown1Cost","sneckomod:UnknownCommonAttack","sneckomod:UnknownUncommonSkill"],"picked":"SKIP","floor":40},{"not_picked":["sneckomod:DiceBoulder","sneckomod:SlitherStrike+1","sneckomod:Unknown1Cost","sneckomod:UnknownCommonAttack","sneckomod:UnknownUncommonSkill"],"picked":"SKIP","floor":40},{"not_picked":["sneckomod:UnknownRarePower+1","sneckomod:DefensiveFlair","sneckomod:UnknownStrength+1","sneckomod:SnakeSap+1"],"picked":"sneckomod:UnknownBlock","floor":42},{"not_picked":["sneckomod:SoulRoll","sneckomod:DiceCrush","sneckomod:UnknownDraw","sneckomod:ImprovisedGuard","sneckomod:IronFang"],"picked":"SKIP","floor":44},{"not_picked":["sneckomod:DiceBoulder","sneckomod:CheapStock+1","sneckomod:Restock","sneckomod:UnknownClassGREEN+1","sneckomod:DiceBlock+1"],"picked":"SKIP","floor":45},{"not_picked":["sneckomod:UnknownDraw","sneckomod:DiceBlock","sneckomod:UnknownColorless","sneckomod:UnknownClassBLUE+1","sneckomod:UnknownCommonAttack+1"],"picked":"SKIP","floor":48},{"not_picked":["sneckomod:DangerNoodle","sneckomod:Transmogrify","sneckomod:SlitherStrike","sneckomod:SnekBeam"],"picked":"sneckomod:SerpentMind+1","floor":55}],"player_experience":1122907,"relics_obtained":[{"floor":1.0,"key":"SynthV:TestCard"},{"floor":1.0,"key":"LetterFromLob"},{"floor":6.0,"key":"testmod-HeartOfDaVinci"},{"floor":10.0,"key":"SSSystem"},{"floor":23,"key":"Bronze Scales"},{"floor":26,"key":"sneckomod:ConfusingCodex"},{"floor":27,"key":"bronze:ProtectiveGoggles"},{"floor":29,"key":"Frozen Egg 2"},{"floor":29,"key":"Dota2Spire:BladeMail"},{"floor":42,"key":"Dota2Spire:EyeOfSkadi"},{"floor":43,"key":"Leech"},{"floor":44,"key":"testmod-Alchemist"},{"floor":55,"key":"Dota2Spire:OrchidMalevolence"}],"event_choices":[{"damage_healed":0,"gold_gain":0,"player_choice":"Shed Blood","damage_taken":27,"max_hp_gain":5,"max_hp_loss":0,"event_name":"Forgotten Altar","floor":21,"gold_loss":0},{"damage_healed":0,"gold_gain":0,"player_choice":"Fight","damage_taken":0,"max_hp_gain":0,"max_hp_loss":0,"event_name":"HidenRoomEvent","floor":29,"gold_loss":0},{"cards_removed":["sneckomod:Strike"],"damage_healed":0,"gold_gain":0,"player_choice":"Offered Basic","damage_taken":0,"max_hp_gain":0,"max_hp_loss":0,"event_name":"Bonfire Elementals","floor":37,"gold_loss":0}],"is_beta":false,"boss_relics":[{"not_picked":["TimeKeys","testmod-GoldenSoul"],"picked":"JellyFishMachine"},{"not_picked":[]},{"not_picked":["xbg","Fusion Hammer"],"picked":"FeatherPendant"},{"not_picked":[]}],"items_purged_floors":[17,24,34,47,53],"is_endless":false,"potions_floor_spawned":[4,6,14,20,29,30,31,35,38,40,55],"ascension_level":16}}