{"host":"mi0eibewekhugwl1","time":1613107672,"event":{"mods":["AchievementEnabler","BaseMod","Colored Map","Colored Powertips","DeckTracker","Keyboard Shortcuts","Minty Spire (QoL Compilation)","Quick Restart","Rare Cards Sparkle","Relic Stats","StSLib","SuperFastMode","everything is the same but u backflip on backflip"],"gold_per_floor":[360,285,303,20,38,38,51,51,51,51,51],"floor_reached":10,"language":"KOR","playtime":192,"items_purged":["Strike_R"],"score":116,"play_id":"0e3aceed-0e32-4116-8bb9-51dcfca2c09c","local_time":"20210212142752","is_ascension_mode":true,"campfire_choices":[{"data":"Feed","floor":6,"key":"SMITH"},{"data":"Pommel Strike","floor":8,"key":"SMITH"}],"circlet_count":0,"master_deck":["AscendersBane","Strike_R","Strike_R","Strike_R","Defend_R","Defend_R","Defend_R","Defend_R","Bash","Pommel Strike+1","Rage","Feed+1","Flame Barrier","Disarm"],"relics":["Burning Blood","Bronze Scales"],"acts_visited":["Exordium"],"potions_floor_usage":[7,7],"damage_taken":[{"damage":13,"enemies":"Cultist","floor":1,"turns":5},{"damage":14,"enemies":"Small Slimes","floor":3,"turns":4},{"damage":0,"enemies":"2 Louse","floor":5,"turns":3},{"damage":19,"enemies":"Exordium Thugs","floor":7,"turns":8},{"damage":41,"enemies":"3 Sentries","floor":10,"turns":8}],"seed_played":"2537121288260597529","potions_obtained":[{"floor":3,"key":"Block Potion"}],"is_trial":false,"path_per_floor":["M","?","M","$","M","R","M","R","T","E"],"character_chosen":"IRONCLAD","items_purchased":["Feed","Explosive Potion"],"campfire_rested":0,"item_purchase_floors":[4,4],"current_hp_per_floor":[43,43,35,35,44,44,35,35,35,0,0],"gold":51,"neow_bonus":"TWO_FIFTY_GOLD","is_daily":false,"chose_seed":false,"campfire_upgraded":2,"win_rate":0.0,"timestamp":1613107672,"path_taken":["M","?","M","$","M","R","M","R","T","E"],"items_purchased_type":["Card","Potion"],"build_version":"2020-12-22","purchased_purges":1,"victory":false,"max_hp_per_floor":[75,75,75,75,78,78,82,82,82,82,82],"relic_stats":{"counters":[5,28],"Bronze Scales":[27],"obtain_stats":[{"Bronze Scales":9,"Burning Blood":0},{"Bronze Scales":4,"Burning Blood":0},{"Bronze Scales":20,"Burning Blood":0}],"Burning Blood":24},"card_choices":[{"not_picked":["True Grit","Dark Embrace"],"picked":"Pommel Strike","floor":1},{"not_picked":["Armaments","Thunderclap"],"picked":"Rage","floor":3},{"not_picked":["Iron Wave","Anger"],"picked":"Flame Barrier","floor":5},{"not_picked":["Fire Breathing","Warcry"],"picked":"Disarm","floor":7}],"player_experience":1799011,"relics_obtained":[{"floor":9,"key":"Bronze Scales"}],"event_choices":[{"cards_removed":["Strike_R"],"damage_healed":0,"gold_gain":0,"player_choice":"Card Removal","damage_taken":0,"max_hp_gain":0,"max_hp_loss":0,"event_name":"The Cleric","floor":2,"gold_loss":75}],"is_beta":false,"boss_relics":[],"items_purged_floors":[4],"is_endless":false,"potions_floor_spawned":[3],"killed_by":"3 Sentries","ascension_level":20}}