{"host":"xz7n3qy1zq36rzpg","time":1613129143,"event":{"mods":["BaseMod","Colored Map","Colored Powertips","Highlight Path","Minty Spire (QoL Compilation)","Quick Restart","Shop Mod"],"gold_per_floor":[111,128,141,40,40,73,27,53,53,53,78,78,110,120,120,223,223,236,68,81,180,180,180,180,180],"floor_reached":24,"language":"ENG","playtime":1388,"items_purged":[],"score":303,"play_id":"e116d7c8-4599-451f-a59a-386677445ef5","local_time":"20210212122543","is_ascension_mode":true,"campfire_choices":[{"data":"Iron Wave","floor":10,"key":"SMITH"},{"data":"Bash","floor":12,"key":"SMITH"},{"floor":15,"key":"REST"},{"data":"Uppercut","floor":23,"key":"SMITH"}],"circlet_count":0,"master_deck":["Strike_R+1","Strike_R+1","Defend_R+1","Defend_R+1","Defend_R+1","Bash+1","Iron Wave+1","Uppercut+1","Pummel","Pommel Strike","Pummel","Flex","Perfected Strike","Dropkick","Blood for Blood","Twin Strike","Wild Strike","Double Tap","Barricade+1","Evolve+1","Feed+1","Shrug It Off","Anger","Warcry"],"relics":["Burning Blood","Bottled Flame","PreservedInsect","Pear","Letter Opener","Charon\u0027s Ashes","Astrolabe","Strange Spoon"],"acts_visited":["Exordium","TheCity"],"potions_floor_usage":[8,24],"damage_taken":[{"damage":8.0,"enemies":"2 Louse","floor":1.0,"turns":3.0},{"damage":1.0,"enemies":"Cultist","floor":2.0,"turns":4.0},{"damage":4.0,"enemies":"Small Slimes","floor":3.0,"turns":3.0},{"damage":34.0,"enemies":"Lagavulin","floor":6.0,"turns":6.0},{"damage":20,"enemies":"3 Sentries","floor":8,"turns":6},{"damage":16,"enemies":"Gremlin Nob","floor":11,"turns":3},{"damage":13,"enemies":"3 Sentries","floor":13,"turns":4},{"damage":17,"enemies":"3 Louse","floor":14,"turns":3},{"damage":33,"enemies":"Slime Boss","floor":16,"turns":9},{"damage":10,"enemies":"3 Byrds","floor":18,"turns":5},{"damage":28,"enemies":"Spheric Guardian","floor":20,"turns":5},{"damage":61,"enemies":"Gremlin Leader","floor":24,"turns":9}],"seed_played":"3888863397594830393","potions_obtained":[{"floor":1.0,"key":"Block Potion"},{"floor":2.0,"key":"ElixirPotion"},{"floor":6.0,"key":"Explosive Potion"},{"floor":20,"key":"GamblersBrew"}],"is_trial":false,"path_per_floor":["M","M","M","$","?","E","$","E","T","R","E","R","E","M","R","B",null,"M","$","M","?","?","R","E"],"character_chosen":"IRONCLAD","items_purchased":["Pommel Strike","Pummel","Perfected Strike","Strange Spoon","Anger"],"campfire_rested":1,"item_purchase_floors":[4,4,7,19,19],"current_hp_per_floor":[86,88,88,88,88,60,60,46,56,56,46,46,39,28,57,30,81,77,77,55,55,55,55,0,0],"gold":180,"neow_bonus":"TEN_PERCENT_HP_BONUS","is_daily":false,"chose_seed":false,"campfire_upgraded":3,"win_rate":0.0,"timestamp":1613129143,"path_taken":["M","M","M","$","?","E","?","E","T","R","E","R","E","?","R","BOSS","M","$","M","?","?","R","E"],"items_purchased_type":["Card","Card","Card","Relic","Card"],"build_version":"2020-12-22","purchased_purges":0,"victory":false,"max_hp_per_floor":[88,88,88,88,88,88,88,88,98,98,98,98,98,98,98,98,98,98,98,98,98,98,98,98,98],"card_choices":[{"not_picked":["Sever Soul","Feel No Pain"],"picked":"Iron Wave","floor":1.0},{"not_picked":["Sever Soul","Blood for Blood"],"picked":"Uppercut","floor":2.0},{"not_picked":["Havoc","Clash"],"picked":"Pummel","floor":3.0},{"not_picked":["Iron Wave","Dual Wield"],"picked":"Flex","floor":6.0},{"not_picked":["Iron Wave","Fire Breathing"],"picked":"Dropkick","floor":8},{"not_picked":["Disarm","Seeing Red"],"picked":"Blood for Blood","floor":11},{"not_picked":["Burning Pact","Wild Strike"],"picked":"Twin Strike","floor":13},{"not_picked":["Heavy Blade","Burning Pact"],"picked":"Wild Strike","floor":14},{"not_picked":["Exhume","Offering"],"picked":"Double Tap","floor":16},{"not_picked":["Warcry","Armaments"],"picked":"Shrug It Off","floor":18},{"not_picked":["Bloodletting","Headbutt"],"picked":"Warcry","floor":20}],"player_experience":505659,"relics_obtained":[{"floor":6.0,"key":"Bottled Flame"},{"floor":8,"key":"PreservedInsect"},{"floor":9,"key":"Pear"},{"floor":11,"key":"Letter Opener"},{"floor":13,"key":"Charon\u0027s Ashes"}],"event_choices":[{"cards_removed":["Defend_R"],"damage_healed":0.0,"max_hp_gain":0.0,"max_hp_loss":0.0,"gold_gain":0.0,"event_name":"Purifier","player_choice":"Purged","floor":5.0,"gold_loss":0.0,"damage_taken":0.0},{"damage_healed":0,"gold_gain":99,"player_choice":"Stole From Cult","damage_taken":0,"max_hp_gain":0,"max_hp_loss":0,"event_name":"Nest","floor":21,"gold_loss":0},{"damage_healed":0,"gold_gain":0,"player_choice":"Simplicity","damage_taken":0,"max_hp_gain":0,"max_hp_loss":0,"event_name":"Back to Basics","floor":22,"gold_loss":0,"cards_upgraded":["Strike_R","Strike_R","Defend_R","Defend_R","Defend_R"]}],"is_beta":false,"boss_relics":[{"not_picked":["Empty Cage","Tiny House"],"picked":"Astrolabe"}],"items_purged_floors":[],"is_endless":false,"potions_floor_spawned":[1,2,6,20],"killed_by":"Gremlin Leader","ascension_level":5}}