{"host":"zxxo33bmnyuz0c2o","time":1613109751,"event":{"mods":["2.2 Compatiblity","Aspiration","BaseMod","BetterRewards","Block Reminder","Colored Map","Colored Powertips","Conspire","DeckTracker","GifTheSpireLib","Hermit","Highlight Path","HornydragonMod","Hubris","Lobotomy","LobotomyExtend","Marisa¡]Ãú«B¡@Å]²z¨F¡^","Minty Spire (QoL Compilation)","Permanent Neow","Quick Restart","Random Character Button","Rare Cards Sparkle","Reimu¡]³Õ???¡^","Relic Sorter","Relic Stats","Remilia¡]Á¢¦Ì²ú?¡^","Replay The Spire","Shop Mod","StSLib","SuperFastMode","Td1madao Mod","The Administrix","The Animator","The Bug Knight","The Construct","The Disciple","The Gatherer","The Hierophant","The Servant 0.9.4","Unknown Chances","WarShipGirlsR/??¤Ö¤kR mod","Youmu¡]»î¾z§¯?¡^","Yuyuko"],"gold_per_floor":[112,112,135,150,165,197,197,217,241,273,285,246,246,246,246,246,246],"floor_reached":16,"language":"ZHT","playtime":1102,"items_purged":[],"score":100,"play_id":"8b689dea-c4a0-4dd0-9322-f173b27a6298","local_time":"20210212140231","is_ascension_mode":false,"campfire_choices":[{"floor":7,"key":"REST"},{"floor":11,"key":"REST"},{"floor":15,"key":"REST"}],"circlet_count":0,"master_deck":["Strike_S","Strike_S","Strike_S","Strike_S","Defend_S","Defend_S","Defend_S","Defend_S","KidneyShot","Exchange","Starlight","Injury","KillingDoll","Dagger Throw","Flying Knee","Ricochet","Rearm+1","Reset+1","ThirdEye+1"],"relics":["Uniform","aspiration:Nostalgia","Replay:M_StaffOfTheSnake","LetterFromLob","Toxic Egg 2","conspire:GiftBox","Pen Nib","MawBank","Golden Idol"],"acts_visited":["Exordium"],"potions_floor_usage":[10,16],"damage_taken":[{"damage":1.0,"enemies":"Jaw Worm","floor":1.0,"turns":7.0},{"damage":7.0,"enemies":"2 Louse","floor":4.0,"turns":3.0},{"damage":0.0,"enemies":"Cultist","floor":5.0,"turns":4.0},{"damage":49,"enemies":"3 Sentries","floor":6,"turns":10},{"damage":5,"enemies":"3 Louse","floor":8,"turns":2},{"damage":2,"enemies":"Looter","floor":10,"turns":2},{"damage":52,"enemies":"The Guardian","floor":16,"turns":13}],"seed_played":"-1641802194666483971","potions_obtained":[{"floor":4.0,"key":"ZuzhouPotion:ReiMu"},{"floor":6,"key":"Fire Potion"},{"floor":8,"key":"Languid Potion"}],"is_trial":false,"path_per_floor":["M","?","?","M","M","E","R","M","T","M","R","$","?","?","R","B"],"character_chosen":"THE_SERVANT","items_purchased":["ThirdEye+1"],"campfire_rested":3,"item_purchase_floors":[12],"current_hp_per_floor":[64,64,64,57,57,8,27,22,22,20,39,39,47,31,50,0,0],"gold":246,"neow_bonus":"NOSTALGIA","is_daily":false,"chose_seed":false,"campfire_upgraded":0,"win_rate":0.0,"timestamp":1613109751,"path_taken":["M","?","?","?","M","E","R","M","T","M","R","$","?","?","R","BOSS"],"items_purchased_type":["Card"],"build_version":"2020-12-22","purchased_purges":0,"victory":false,"max_hp_per_floor":[65,65,65,65,65,65,65,65,65,65,65,65,65,65,65,65,65],"relic_stats":{"counters":[7,41],"Golden Idol":0,"Pen Nib":[3],"MawBank":36,"obtain_stats":[{"conspire:GiftBox":3,"Replay:M_StaffOfTheSnake":0,"aspiration:Nostalgia":0,"Golden Idol":14,"Pen Nib":6,"Uniform":0,"LetterFromLob":1,"Toxic Egg 2":2,"MawBank":9},{"conspire:GiftBox":1,"Replay:M_StaffOfTheSnake":0,"aspiration:Nostalgia":0,"Golden Idol":6,"Pen Nib":4,"Uniform":0,"LetterFromLob":1,"Toxic Egg 2":1,"MawBank":5},{"conspire:GiftBox":7,"Replay:M_StaffOfTheSnake":0,"aspiration:Nostalgia":0,"Golden Idol":28,"Pen Nib":24,"Uniform":0,"LetterFromLob":7,"Toxic Egg 2":7,"MawBank":26}]},"card_choices":[{"not_picked":["SilverBlades","SashWhip"],"picked":"Starlight","floor":1.0},{"not_picked":["FlawlessForm","FloweringNight"],"picked":"KillingDoll","floor":3.0},{"not_picked":["DoubleEdge","Misdirection+1"],"picked":"Dagger Throw","floor":3.0},{"not_picked":["FloweringNight","Revamp+1"],"picked":"Flying Knee","floor":4.0},{"not_picked":["Shuttle+1","TimeWarp"],"picked":"Ricochet","floor":5.0},{"not_picked":["DualDimension+1","Reset+1"],"picked":"Rearm+1","floor":6},{"not_picked":["Crescendo+1","Setup+1","Unruled"],"picked":"SKIP","floor":8},{"not_picked":["CutThroughFate","FastForward+1"],"picked":"Reset+1","floor":10}],"player_experience":30711,"relics_obtained":[{"floor":1.0,"key":"LetterFromLob"},{"floor":3.0,"key":"conspire:GiftBox"},{"floor":6,"key":"Pen Nib"},{"floor":9,"key":"MawBank"}],"event_choices":[{"damage_healed":0,"gold_gain":0,"player_choice":"Take Damage","damage_taken":16,"relics_obtained":["Golden Idol"],"max_hp_gain":0,"max_hp_loss":0,"event_name":"Golden Idol","floor":14,"gold_loss":0}],"is_beta":false,"boss_relics":[],"items_purged_floors":[],"is_endless":false,"potions_floor_spawned":[4,6,8],"killed_by":"The Guardian","ascension_level":0}}