{"host":"pdq28s6637cpsst2","time":1613102565,"event":{"mods":["BaseMod","Colored Map","Highlight Path","Minty Spire (QoL Compilation)","Permanent Neow","Quick Restart"],"gold_per_floor":[110,121,121,29,48,82,102,135,158,173,193,193,193,193,193,293,293,311,122,135,135,135,135,234,261,261,287,287,305,305,315,315,416,416,436,449,449,462,106,136,136,171,217,552,602,404,416,450,450,450,450,450,64,95,95],"floor_reached":56,"language":"ENG","playtime":6610,"items_purged":["Strike_G","Strike_G+1","Defend_G+1","Strike_G+1"],"score":1581,"play_id":"101a722a-7230-45ce-9bda-3db166c214f6","local_time":"20210211230245","is_ascension_mode":true,"campfire_choices":[{"floor":12.0,"key":"REST"},{"data":"Acrobatics","floor":15.0,"key":"SMITH"},{"data":"Tools of the Trade","floor":23.0,"key":"SMITH"},{"data":"Tactician","floor":28.0,"key":"SMITH"},{"data":"Acrobatics","floor":30.0,"key":"SMITH"},{"data":"Finisher","floor":32.0,"key":"SMITH"},{"floor":41,"key":"REST"},{"floor":49,"key":"RECALL"},{"floor":52,"key":"REST"}],"circlet_count":0,"master_deck":["Strike_G+1","Strike_G+1","Defend_G+1","Defend_G+1","Defend_G+1","Survivor","Neutralize+1","Acrobatics+1","Finisher+1","Finesse","Cloak And Dagger","Quick Slash","Dagger Spray","Escape Plan","Reflex","Glass Knife","Tools of the Trade+1","Leg Sweep","Well Laid Plans","Finisher+1","Tactician+1","Backflip+1","Acrobatics+1","Storm of Steel","Blade Dance+1","Accuracy+1","Parasite","Calculated Gamble"],"relics":["Ring of the Snake","Whetstone","Nunchaku","Bag of Marbles","SlaversCollar","MutagenicStrength","Ancient Tea Set","Matryoshka","Pantograph","Fusion Hammer","Meat on the Bone","Tough Bandages","Oddly Smooth Stone","Pen Nib","Old Coin","Incense Burner","White Beast Statue","TheAbacus","Snake Skull"],"acts_visited":["Exordium","TheCity","TheBeyond","TheEnding"],"potions_floor_usage":[40,40,50,55,55,55],"damage_taken":[{"damage":3.0,"enemies":"Jaw Worm","floor":1.0,"turns":7.0},{"damage":0.0,"enemies":"2 Louse","floor":2.0,"turns":5.0},{"damage":5.0,"enemies":"Small Slimes","floor":5.0,"turns":4.0},{"damage":22.0,"enemies":"Lagavulin","floor":6.0,"turns":7.0},{"damage":0.0,"enemies":"2 Fungi Beasts","floor":7.0,"turns":3.0},{"damage":17.0,"enemies":"Gremlin Nob","floor":8.0,"turns":4.0},{"damage":0.0,"enemies":"Large Slime","floor":10.0,"turns":5.0},{"damage":0.0,"enemies":"3 Louse","floor":11.0,"turns":2.0},{"damage":17.0,"enemies":"The Guardian","floor":16.0,"turns":11.0},{"damage":1.0,"enemies":"Chosen","floor":18.0,"turns":4.0},{"damage":0.0,"enemies":"3 Byrds","floor":20.0,"turns":5.0},{"damage":17.0,"enemies":"Gremlin Leader","floor":25.0,"turns":6.0},{"damage":2.0,"enemies":"Book of Stabbing","floor":27.0,"turns":5.0},{"damage":0.0,"enemies":"Centurion and Healer","floor":29.0,"turns":2.0},{"damage":0.0,"enemies":"Cultist and Chosen","floor":31.0,"turns":2.0},{"damage":15.0,"enemies":"Automaton","floor":33.0,"turns":11.0},{"damage":42.0,"enemies":"3 Shapes","floor":35.0,"turns":5.0},{"damage":4.0,"enemies":"Orb Walker","floor":36.0,"turns":4.0},{"damage":10.0,"enemies":"3 Darklings","floor":38.0,"turns":4.0},{"damage":1,"enemies":"Nemesis","floor":40,"turns":5},{"damage":0,"enemies":"Reptomancer","floor":42,"turns":2},{"damage":0,"enemies":"Giant Head","floor":44,"turns":4},{"damage":7,"enemies":"2 Orb Walkers","floor":45,"turns":3},{"damage":9,"enemies":"Writhing Mass","floor":47,"turns":7},{"damage":0,"enemies":"Reptomancer","floor":48,"turns":1},{"damage":2,"enemies":"Donu and Deca","floor":50,"turns":5},{"damage":9,"enemies":"Shield and Spear","floor":54,"turns":6},{"damage":37,"enemies":"The Heart","floor":55,"turns":8}],"seed_played":"-6017869466032756535","potions_obtained":[{"floor":1.0,"key":"Ancient Potion"},{"floor":2.0,"key":"SteroidPotion"},{"floor":5.0,"key":"Weak Potion"},{"floor":7.0,"key":"DuplicationPotion"},{"floor":20.0,"key":"Block Potion"},{"floor":29.0,"key":"Energy Potion"},{"floor":35.0,"key":"Weak Potion"},{"floor":38.0,"key":"Dexterity Potion"},{"floor":47,"key":"DistilledChaos"},{"floor":48,"key":"SmokeBomb"},{"floor":54,"key":"DistilledChaos"}],"is_trial":false,"path_per_floor":["M","M","?","$","M","E","M","E","T","M","M","R","?","?","R","B",null,"M","$","M","?","?","R","?","E","T","E","R","M","R","M","R","B",null,"M","M","?","M","$","E","R","E","T","E","?","$","M","E","R","B",null,"R","$","E","B",null],"character_chosen":"THE_SILENT","items_purchased":["Finesse","Well Laid Plans","Finisher","Meat on the Bone","LiquidMemories","TheAbacus","DuplicationPotion"],"campfire_rested":3,"item_purchase_floors":[4,19,19,39,46,53,53],"current_hp_per_floor":[67,67,53,53,48,26,26,9,9,9,9,30,30,30,30,13,70,69,69,69,69,69,69,69,52,52,50,50,50,50,50,50,55,70,28,24,24,14,14,25,46,46,46,46,39,39,42,42,42,65,70,70,70,61,45],"gold":95,"neow_bonus":"UPGRADE_CARD","is_daily":false,"chose_seed":false,"campfire_upgraded":5,"win_rate":0.0,"timestamp":1613102565,"path_taken":["M","M","?","?","M","E","M","E","T","M","M","R","?","?","R","BOSS","M","$","M","?","?","R","?","E","T","E","R","M","R","M","R","BOSS","M","M","?","?","?","E","R","E","T","E","?","$","M","E","R","BOSS","R","$","E","BOSS"],"items_purchased_type":["Card","Card","Card","Relic","Potion","Relic","Potion"],"build_version":"2020-12-22","purchased_purges":4,"victory":true,"max_hp_per_floor":[70,70,70,70,70,70,70,70,70,70,70,70,70,70,70,70,70,70,70,70,70,70,70,70,70,70,70,70,70,70,70,70,70,70,70,70,70,70,70,70,70,70,70,70,70,70,70,70,70,70,70,70,70,70,70],"card_choices":[{"not_picked":["Backstab","Distraction"],"picked":"Acrobatics","floor":1.0},{"not_picked":["Deflect","Outmaneuver"],"picked":"Finisher","floor":2.0},{"not_picked":["PiercingWail","Outmaneuver"],"picked":"Cloak And Dagger","floor":5.0},{"not_picked":["Acrobatics","PiercingWail"],"picked":"Quick Slash","floor":6.0},{"not_picked":["Quick Slash","Caltrops"],"picked":"Dagger Spray","floor":7.0},{"not_picked":["Eviscerate","Underhanded Strike"],"picked":"Escape Plan","floor":8.0},{"not_picked":["Distraction","Dash"],"picked":"Reflex","floor":10.0},{"not_picked":["Caltrops","Wraith Form v2","Outmaneuver"],"picked":"SKIP","floor":11.0},{"not_picked":["Grand Finale","Night Terror"],"picked":"Tools of the Trade","floor":16.0},{"not_picked":["PiercingWail","Prepared+1"],"picked":"Leg Sweep","floor":18.0},{"not_picked":["Bane","Well Laid Plans+1"],"picked":"Tactician","floor":20.0},{"not_picked":["Leg Sweep","Dash"],"picked":"Backflip+1","floor":25.0},{"not_picked":["Choke+1","Backflip+1"],"picked":"Acrobatics","floor":27.0},{"not_picked":["Poisoned Stab","Dagger Throw","Deadly Poison"],"picked":"SKIP","floor":29.0},{"not_picked":["Crippling Poison+1","Dodge and Roll","Distraction"],"picked":"SKIP","floor":31.0},{"not_picked":["Doppelganger","Die Die Die"],"picked":"Storm of Steel","floor":33.0},{"not_picked":["Bouncing Flask+1","Catalyst"],"picked":"Blade Dance+1","floor":35.0},{"not_picked":["PiercingWail","Dagger Throw+1"],"picked":"Accuracy+1","floor":36.0},{"not_picked":["Quick Slash","PiercingWail","Outmaneuver"],"picked":"SKIP","floor":38.0},{"not_picked":["Endless Agony+1","Dagger Spray","Caltrops"],"picked":"SKIP","floor":40},{"not_picked":["Backflip","Setup","Outmaneuver"],"picked":"SKIP","floor":42},{"not_picked":["Cloak And Dagger+1","Dodge and Roll","Slice"],"picked":"SKIP","floor":44},{"not_picked":["Backflip","Eviscerate+1"],"picked":"Calculated Gamble","floor":47},{"not_picked":["Dodge and Roll","Backflip","Quick Slash"],"picked":"SKIP","floor":48},{"not_picked":["Choke","Acrobatics","Backflip"],"picked":"SKIP","floor":54}],"player_experience":150700,"relics_obtained":[{"floor":6.0,"key":"Whetstone"},{"floor":8.0,"key":"Nunchaku"},{"floor":9.0,"key":"Bag of Marbles"},{"floor":25.0,"key":"Ancient Tea Set"},{"floor":26.0,"key":"Matryoshka"},{"floor":27.0,"key":"Pantograph"},{"floor":40,"key":"Tough Bandages"},{"floor":42,"key":"Oddly Smooth Stone"},{"floor":43,"key":"Pen Nib"},{"floor":44,"key":"Old Coin"},{"floor":45,"key":"Incense Burner"},{"floor":48,"key":"White Beast Statue"},{"floor":54,"key":"Snake Skull"}],"event_choices":[{"damage_healed":0.0,"max_hp_gain":0.0,"max_hp_loss":0.0,"gold_gain":0.0,"event_name":"Shining Light","player_choice":"Entered Light","floor":3.0,"gold_loss":0.0,"damage_taken":14.0,"cards_upgraded":["Defend_G","Defend_G"]},{"damage_healed":0.0,"max_hp_gain":0.0,"max_hp_loss":0.0,"gold_gain":0.0,"event_name":"Liars Game","player_choice":"Ignored","floor":13.0,"gold_loss":0.0,"damage_taken":0.0},{"damage_healed":0.0,"max_hp_gain":0.0,"max_hp_loss":0.0,"gold_gain":0.0,"cards_transformed":["Defend_G"],"event_name":"Living Wall","player_choice":"Change","floor":14.0,"gold_loss":0.0,"damage_taken":0.0,"cards_obtained":["Glass Knife"]},{"damage_healed":0.0,"max_hp_gain":0.0,"max_hp_loss":0.0,"gold_gain":0.0,"event_name":"Back to Basics","player_choice":"Simplicity","floor":21.0,"gold_loss":0.0,"damage_taken":0.0,"cards_upgraded":["Strike_G","Strike_G","Strike_G","Defend_G","Defend_G"]},{"damage_healed":0.0,"max_hp_gain":0.0,"max_hp_loss":0.0,"gold_gain":0.0,"event_name":"Drug Dealer","player_choice":"Inject Mutagens","floor":22.0,"gold_loss":0.0,"damage_taken":0.0,"relics_obtained":["MutagenicStrength"]},{"damage_healed":0.0,"max_hp_gain":0.0,"max_hp_loss":0.0,"gold_gain":99.0,"event_name":"Nest","player_choice":"Stole From Cult","floor":24.0,"gold_loss":0.0,"damage_taken":0.0},{"damage_healed":0.0,"max_hp_gain":0.0,"max_hp_loss":0.0,"gold_gain":0.0,"event_name":"SecretPortal","player_choice":"Ignored","floor":37.0,"gold_loss":0.0,"damage_taken":0.0},{"damage_healed":0,"gold_gain":0,"player_choice":"Fight","damage_taken":0,"max_hp_gain":0,"max_hp_loss":0,"event_name":"Mysterious Sphere","floor":45,"gold_loss":0}],"is_beta":false,"boss_relics":[{"not_picked":["Calling Bell","Runic Dome"],"picked":"SlaversCollar"},{"not_picked":["Velvet Choker","Pandora\u0027s Box"],"picked":"Fusion Hammer"}],"items_purged_floors":[19,39,46,53],"is_endless":false,"potions_floor_spawned":[1,2,5,7,20,29,35,38,47,48,54],"ascension_level":4}}