{"host":"d52brwsy6af8zvaq","time":1613150057,"event":{"mods":["AchievementEnabler","BaseMod","Bestiary","Highlight Path","Minty Spire (QoL Compilation)","Quick Restart","Relic Stats","ojb\u0027s Better Paths Mod"],"gold_per_floor":[211,80,80,97,117,151,151,165,216,242,242,277,294,374,374,374,374],"floor_reached":16,"language":"ENG","playtime":456,"items_purged":["Strike_B"],"score":240,"play_id":"c887b46d-6817-4fe2-b960-16d0169395f9","local_time":"20210212101417","is_ascension_mode":true,"campfire_choices":[{"floor":7.0,"key":"REST"},{"data":"Streamline","floor":11.0,"key":"SMITH"},{"floor":15.0,"key":"REST"}],"circlet_count":0,"master_deck":["AscendersBane","Strike_B","Strike_B","Strike_B","Defend_B","Defend_B","Defend_B","Zap","Dualcast","Steam","Rebound","Go for the Eyes","Hologram","Cold Snap","Self Repair","Streamline+1","Barrage"],"relics":["Cracked Core","Eternal Feather","Orichalcum","Oddly Smooth Stone"],"acts_visited":["Exordium"],"potions_floor_usage":[],"damage_taken":[{"damage":0.0,"enemies":"2 Louse","floor":1.0,"turns":2.0},{"damage":1.0,"enemies":"Cultist","floor":4.0,"turns":3.0},{"damage":7.0,"enemies":"Small Slimes","floor":5.0,"turns":4.0},{"damage":39.0,"enemies":"3 Sentries","floor":6.0,"turns":8.0},{"damage":0.0,"enemies":"Looter","floor":8.0,"turns":3.0},{"damage":30.0,"enemies":"Lagavulin","floor":10.0,"turns":8.0},{"damage":20.0,"enemies":"Gremlin Nob","floor":12.0,"turns":4.0},{"damage":16.0,"enemies":"2 Fungi Beasts","floor":13.0,"turns":4.0},{"damage":0,"enemies":"Slime Boss","floor":16,"turns":1}],"seed_played":"-8410758080200338928","potions_obtained":[{"floor":4.0,"key":"LiquidMemories"},{"floor":10.0,"key":"Regen Potion"},{"floor":12.0,"key":"AttackPotion"}],"is_trial":false,"path_per_floor":["M","$","?","M","M","E","R","M","T","E","R","E","M","?","R","B"],"character_chosen":"DEFECT","items_purchased":["Rebound"],"campfire_rested":2,"item_purchase_floors":[2],"current_hp_per_floor":[64,64,64,63,56,17,44,44,44,21,30,17,8,8,38,38,38],"gold":374,"neow_bonus":"HUNDRED_GOLD","is_daily":false,"chose_seed":false,"campfire_upgraded":1,"win_rate":0.0,"timestamp":1613150057,"path_taken":["M","$","?","M","M","E","R","M","T","E","R","E","?","?","R","BOSS"],"items_purchased_type":["Card"],"build_version":"2020-12-22","purchased_purges":1,"victory":false,"max_hp_per_floor":[71,71,71,71,71,71,71,71,71,71,71,71,71,71,71,71,71],"relic_stats":{"counters":[9,37],"Eternal Feather":24,"Orichalcum":[36],"obtain_stats":[{"Oddly Smooth Stone":12,"Eternal Feather":6,"Orichalcum":10,"Cracked Core":0},{"Oddly Smooth Stone":7,"Eternal Feather":4,"Orichalcum":6,"Cracked Core":0},{"Oddly Smooth Stone":32,"Eternal Feather":17,"Orichalcum":28,"Cracked Core":0}]},"card_choices":[{"not_picked":["Turbo","Double Energy"],"picked":"Steam","floor":1.0},{"not_picked":["Recycle","Steam"],"picked":"Go for the Eyes","floor":4.0},{"not_picked":["Go for the Eyes","Double Energy"],"picked":"Hologram","floor":5.0},{"not_picked":["Self Repair","Stack"],"picked":"Cold Snap","floor":6.0},{"not_picked":["Machine Learning","Steam"],"picked":"Self Repair","floor":8.0},{"not_picked":["Scrape","Steam"],"picked":"Streamline","floor":10.0},{"not_picked":["Biased Cognition","Rebound","Recycle"],"picked":"SKIP","floor":12.0},{"not_picked":["Compile Driver","Gash"],"picked":"Barrage","floor":13.0}],"player_experience":2238922,"relics_obtained":[{"floor":6.0,"key":"Eternal Feather"},{"floor":10.0,"key":"Orichalcum"},{"floor":12.0,"key":"Oddly Smooth Stone"}],"event_choices":[{"cards_removed":["Defend_B"],"damage_healed":0.0,"max_hp_gain":0.0,"max_hp_loss":0.0,"gold_gain":0.0,"event_name":"Bonfire Elementals","player_choice":"Offered Basic","floor":3.0,"gold_loss":0.0,"damage_taken":0.0},{"damage_healed":0.0,"max_hp_gain":0.0,"max_hp_loss":0.0,"gold_gain":80.0,"event_name":"Golden Wing","player_choice":"Gained Gold","floor":14.0,"gold_loss":0.0,"damage_taken":0.0}],"is_beta":false,"boss_relics":[],"items_purged_floors":[2],"is_endless":false,"potions_floor_spawned":[4,10,12,13],"killed_by":"Slime Boss","ascension_level":20}}