{"host":"vyiqbz5w606ur92t","time":1613174013,"event":{"mods":["BaseMod","Downfall","Minty Spire (QoL Compilation)","StSLib"],"gold_per_floor":[149,161,161,161,71,83,83,83,117,129,129,149,184,17,31,129,129,129,148,159,174,184,204,204,204,223,223,223,223,29,29,29,29],"floor_reached":31,"language":"ENG","playtime":2919,"items_purged":["Regret","bronze:Strike","Pride"],"score":333,"play_id":"95a159f7-4eca-4964-9820-9ee5d15dc803","local_time":"20210212235333","is_ascension_mode":true,"campfire_choices":[{"data":"bronze:Goto","floor":1.0,"key":"SMITH"},{"data":"bronze:ItsAFeature","floor":8.0,"key":"SMITH"},{"floor":11.0,"key":"REST"},{"data":"bronze:Verify","floor":18.0,"key":"SMITH"},{"floor":25,"key":"REST"},{"data":"bronze:Return","floor":28,"key":"SMITH"}],"circlet_count":0,"master_deck":["bronze:Strike+1","bronze:Defend","bronze:Defend","bronze:Replicate","bronze:Goto+1","bronze:GetLatest","bronze:ItsAFeature+1","bronze:Shell","bronze:GetLatest","bronze:OilSpill","bronze:Return+1","bronze:Safeguard","bronze:ShipIt","bronze:BronzeOrb","bronze:BugBarrage","bronze:Deprecate","bronze:Verify+1","bronze:InfiniteLoop+1","bronze:FunctionCard","bronze:BugBarrage","bronze:WildBeam+1","bronze:BitShift+1","bronze:GetLatest","bronze:Shield+1","bronze:MaxOutput+1","bronze:FineTuning","bronze:Constructor"],"relics":["Tiny House","Centennial Puzzle","Pen Nib","Art of War","Astrolabe","Gremlin Horn","Frozen Egg 2"],"acts_visited":["Exordium","TheCity"],"potions_floor_usage":[19,20,20,30],"damage_taken":[{"damage":10.0,"enemies":"Small Slimes","floor":2.0,"turns":4.0},{"damage":17.0,"enemies":"downfall:FleeingMerchant","floor":5.0,"turns":4.0},{"damage":0.0,"enemies":"2 Louse","floor":6.0,"turns":3.0},{"damage":28.0,"enemies":"3 Sentries","floor":9.0,"turns":9.0},{"damage":0.0,"enemies":"Cultist","floor":10.0,"turns":2.0},{"damage":0.0,"enemies":"Lots of Slimes","floor":12.0,"turns":3.0},{"damage":9.0,"enemies":"Lagavulin","floor":13.0,"turns":7.0},{"damage":3.0,"enemies":"downfall:FleeingMerchant","floor":14.0,"turns":4.0},{"damage":2.0,"enemies":"Gremlin Gang","floor":15.0,"turns":5.0},{"damage":8.0,"enemies":"SI_SHIV_ARCHETYPE","floor":16.0,"turns":5.0},{"damage":29,"enemies":"3 Byrds","floor":19,"turns":6},{"damage":3,"enemies":"Snake Plant","floor":20,"turns":6},{"damage":12,"enemies":"Snecko","floor":21,"turns":4},{"damage":34,"enemies":"3 Cultists","floor":22,"turns":5},{"damage":8,"enemies":"Centurion and Healer","floor":23,"turns":5},{"damage":23,"enemies":"Sentry and Sphere","floor":26,"turns":4},{"damage":10,"enemies":"downfall:FleeingMerchant","floor":30,"turns":4},{"damage":31,"enemies":"Snecko","floor":31,"turns":3}],"seed_played":"-8482299725788696373","potions_obtained":[{"floor":0.0,"key":"DistilledChaos"},{"floor":10.0,"key":"Weak Potion"},{"floor":12.0,"key":"Swift Potion"},{"floor":13.0,"key":"GamblersBrew"},{"floor":15.0,"key":"Dexterity Potion"},{"floor":20,"key":"FairyPotion"},{"floor":21,"key":"Swift Potion"},{"floor":23,"key":"CultistPotion"}],"is_trial":false,"path_per_floor":["R","M","?","?","$","M","T","R","E","M","R","M","E","$","M","B",null,"R","M","M","M","M","M","T","R","M","?","R","?","$","M"],"character_chosen":"THE_AUTOMATON","items_purchased":["bronze:BugBarrage","bronze:Constructor"],"campfire_rested":2,"item_purchase_floors":[14,30],"current_hp_per_floor":[68,58,58,58,41,41,41,41,13,13,35,35,26,23,21,13,60,60,31,28,16,22,14,14,36,13,38,38,38,28,0,0,0],"gold":29,"neow_bonus":"BOSS_RELIC","is_daily":false,"chose_seed":false,"campfire_upgraded":4,"win_rate":0.0,"timestamp":1613174013,"path_taken":["R","M","?","?","$","?","T","R","E","M","R","M","E","?","M","BOSS","R","M","M","?","M","M","T","R","M","?","R","?","$","M"],"items_purchased_type":["Card","Card"],"build_version":"2020-12-22","purchased_purges":3,"victory":false,"max_hp_per_floor":[75,75,75,75,75,75,75,75,75,75,75,75,75,75,75,75,75,75,75,75,75,75,75,75,75,75,75,75,75,75,75,75,75],"card_choices":[{"not_picked":["bronze:Branch","bronze:WhirlingStrike"],"picked":"bronze:GetLatest","floor":0.0},{"not_picked":["bronze:OilSpill","bronze:DelayedSlice"],"picked":"bronze:ItsAFeature","floor":2.0},{"not_picked":["bronze:Separator","bronze:Branch","bronze:BronzeArmor"],"picked":"SKIP","floor":5.0},{"not_picked":["bronze:WildBeam","bronze:WhirlingStrike"],"picked":"bronze:OilSpill","floor":6.0},{"not_picked":["bronze:BitShift","bronze:Repair"],"picked":"bronze:Iterate","floor":9.0},{"not_picked":["bronze:Backtrace","bronze:Separator"],"picked":"bronze:Return","floor":10.0},{"not_picked":["bronze:ChildClass","bronze:Invalidate"],"picked":"bronze:Safeguard","floor":12.0},{"not_picked":["bronze:FineTuning","bronze:Iterate"],"picked":"bronze:ShipIt","floor":13.0},{"not_picked":["bronze:Return","bronze:Assembly"],"picked":"bronze:BronzeOrb","floor":14.0},{"not_picked":["bronze:CutThrough","bronze:FineTuning"],"picked":"bronze:Deprecate","floor":15.0},{"not_picked":["bronze:SpaghettiCode","bronze:FindAndReplace"],"picked":"bronze:Verify","floor":16.0},{"not_picked":["bronze:Invalidate","bronze:Repair"],"picked":"bronze:BugBarrage","floor":19},{"not_picked":["bronze:Frontload","bronze:BitShift+1"],"picked":"bronze:WildBeam+1","floor":20},{"not_picked":["bronze:Turbo","bronze:WildBeam"],"picked":"bronze:BitShift+1","floor":21},{"not_picked":["bronze:MaxOutput","bronze:Separator"],"picked":"bronze:GetLatest","floor":22},{"not_picked":["bronze:Verify","bronze:DelayedGuard"],"picked":"bronze:Shield+1","floor":23},{"not_picked":["bronze:GetLatest","bronze:ChosenStrike+1"],"picked":"bronze:MaxOutput+1","floor":26},{"not_picked":["bronze:CutThrough","bronze:Backtrace+1"],"picked":"bronze:FineTuning","floor":30}],"player_experience":1756399,"relics_obtained":[{"floor":7.0,"key":"Centennial Puzzle"},{"floor":9.0,"key":"Pen Nib"},{"floor":13.0,"key":"Art of War"},{"floor":24,"key":"Gremlin Horn"}],"event_choices":[{"damage_healed":25,"gold_gain":0,"player_choice":"Heal","damage_taken":0,"max_hp_gain":0,"max_hp_loss":0,"event_name":"The Library","floor":27,"gold_loss":0},{"damage_healed":0,"gold_gain":0,"player_choice":"Stole Relic","damage_taken":0,"relics_obtained":["Frozen Egg 2"],"max_hp_gain":0,"max_hp_loss":0,"event_name":"Addict","floor":29,"gold_loss":0,"cards_obtained":["Pride"]}],"is_beta":false,"boss_relics":[{"not_picked":["SlaversCollar","Runic Pyramid"],"picked":"Astrolabe"}],"items_purged_floors":[5,14,30],"is_endless":false,"potions_floor_spawned":[10,12,13,15,20,21,23],"killed_by":"Snecko","ascension_level":7}}