{"host":"rmsq46plbpwfbxcc","time":1613139837,"event":{"mods":["AchievementEnabler","BaseMod","Colored Map","Colored Powertips","DeckTracker","KOR Keyword Fix","Minty Spire (QoL Compilation)","Permanent Neow","Quick Restart","SuperFastMode"],"gold_per_floor":[109,109,128,177,252,252,45,70,97,97,123,137,157,176,176,248,298,311,46,63,63,81,81,110,127,151,181,581,600,600,620,620,691,691,709,709,725,744,761,793,793,818,866,181,215,215,233,264,264,264,264],"floor_reached":52,"language":"KOR","playtime":1931,"items_purged":["Defend_G","Strike_G","Defend_G"],"score":2369,"play_id":"27f20199-5a56-4d74-bd44-0c454fb62b22","local_time":"20210212232357","is_ascension_mode":true,"campfire_choices":[{"data":"Survivor","floor":6,"key":"SMITH"},{"data":"Cloak And Dagger","floor":10,"key":"SMITH"},{"data":"Accuracy","floor":15,"key":"SMITH"},{"data":"Adrenaline","floor":23,"key":"SMITH"},{"data":"Terror","floor":30,"key":"SMITH"},{"data":"Backflip","floor":32,"key":"SMITH"},{"data":"Envenom","floor":41,"key":"SMITH"},{"data":"Acrobatics","floor":46,"key":"SMITH"},{"floor":49,"key":"REST"}],"circlet_count":0,"master_deck":["AscendersBane","Strike_G+1","Defend_G","Survivor+1","Neutralize+1","Deadly Poison+1","Blade Dance+1","Dash+1","Accuracy+1","Cloak And Dagger+1","Adrenaline+1","Choke+1","PiercingWail","Backflip+1","Finisher+1","Footwork+1","Terror+1","Acrobatics+1","PiercingWail","Envenom+1","Well Laid Plans+1","Adrenaline+1"],"relics":["Astrolabe","Whetstone","Shuriken","PreservedInsect","Bag of Preparation","Tiny House","Lee\u0027s Waffle","Bag of Marbles","Orichalcum","Ice Cream","Old Coin","Gremlin Horn","Sozu","Blood Vial","Prayer Wheel","Dream Catcher","Frozen Egg 2","Eternal Feather","Toxic Egg 2","Paper Crane"],"acts_visited":["Exordium","TheCity","TheBeyond"],"potions_floor_usage":[8,16,24,27,33,50],"damage_taken":[{"damage":0,"enemies":"2 Louse","floor":1,"turns":2},{"damage":0,"enemies":"Cultist","floor":3,"turns":3},{"damage":0,"enemies":"Gremlin Nob","floor":8,"turns":3},{"damage":4,"enemies":"3 Sentries","floor":11,"turns":3},{"damage":0,"enemies":"Small Slimes","floor":12,"turns":2},{"damage":0,"enemies":"Blue Slaver","floor":13,"turns":3},{"damage":0,"enemies":"Gremlin Gang","floor":14,"turns":3},{"damage":0,"enemies":"Slime Boss","floor":16,"turns":5},{"damage":15,"enemies":"Shell Parasite","floor":18,"turns":3},{"damage":8,"enemies":"Spheric Guardian","floor":20,"turns":4},{"damage":13,"enemies":"Chosen and Byrds","floor":22,"turns":4},{"damage":0,"enemies":"Gremlin Leader","floor":24,"turns":2},{"damage":4,"enemies":"Shelled Parasite and Fungi","floor":25,"turns":3},{"damage":0,"enemies":"Book of Stabbing","floor":27,"turns":1},{"damage":3,"enemies":"Colosseum Slavers","floor":28,"turns":2},{"damage":1,"enemies":"Colosseum Nobs","floor":28,"turns":2},{"damage":0,"enemies":"Centurion and Healer","floor":29,"turns":4},{"damage":0,"enemies":"3 Cultists","floor":31,"turns":3},{"damage":27,"enemies":"Collector","floor":33,"turns":6},{"damage":5,"enemies":"3 Darklings","floor":35,"turns":4},{"damage":2,"enemies":"3 Shapes","floor":37,"turns":3},{"damage":26,"enemies":"Spire Growth","floor":38,"turns":3},{"damage":2,"enemies":"Maw","floor":39,"turns":5},{"damage":0,"enemies":"Reptomancer","floor":40,"turns":2},{"damage":0,"enemies":"Giant Head","floor":42,"turns":4},{"damage":11,"enemies":"Reptomancer","floor":45,"turns":4},{"damage":3,"enemies":"3 Darklings","floor":47,"turns":3},{"damage":11,"enemies":"Nemesis","floor":48,"turns":5},{"damage":52,"enemies":"Time Eater","floor":50,"turns":9},{"damage":10,"enemies":"Donu and Deca","floor":51,"turns":5}],"seed_played":"-5694870392218344505","potions_obtained":[{"floor":1,"key":"SkillPotion"},{"floor":3,"key":"GamblersBrew"},{"floor":13,"key":"FearPotion"},{"floor":16,"key":"BlessingOfTheForge"},{"floor":17,"key":"CultistPotion"},{"floor":22,"key":"Regen Potion"},{"floor":24,"key":"SkillPotion"},{"floor":25,"key":"DuplicationPotion"},{"floor":31,"key":"SteroidPotion"},{"floor":33,"key":"Energy Potion"}],"is_trial":false,"path_per_floor":["M","?","M","T","?","R","$","E","T","R","E","M","M","M","R","B",null,"M","$","M","?","M","R","E","M","T","E","?","M","R","M","R","B",null,"M","?","M","M","M","E","R","E","T","$","E","R","M","E","R","B","B",null],"character_chosen":"THE_SILENT","items_purchased":["Accuracy","Cloak And Dagger","Lee\u0027s Waffle","Frozen Egg 2","Eternal Feather"],"campfire_rested":1,"item_purchase_floors":[7,7,19,44,44],"current_hp_per_floor":[59,59,59,59,48,48,48,48,48,48,44,44,44,44,44,44,66,51,78,70,70,57,57,62,58,58,58,54,54,54,54,54,27,65,60,60,58,32,30,30,30,32,32,32,23,35,34,25,60,10,2],"gold":264,"neow_bonus":"BOSS_RELIC","is_daily":false,"chose_seed":false,"campfire_upgraded":8,"win_rate":0.0,"timestamp":1613139837,"path_taken":["M","?","?","?","?","R","?","E","T","R","E","M","M","?","R","BOSS","M","$","M","?","M","R","E","M","T","E","?","M","R","M","R","BOSS","M","?","M","?","M","E","R","E","T","$","E","R","M","E","R","BOSS","BOSS"],"items_purchased_type":["Card","Card","Relic","Relic","Relic"],"build_version":"2020-12-22","purchased_purges":3,"victory":true,"max_hp_per_floor":[66,66,66,66,66,66,66,66,66,66,66,66,66,66,66,66,71,71,78,78,78,78,78,78,78,78,78,78,78,78,78,78,78,78,78,78,78,78,78,78,78,78,78,78,78,78,78,78,78,78,78],"card_choices":[{"not_picked":["Dagger Spray","Dagger Throw","Underhanded Strike"],"picked":"SKIP","floor":1},{"not_picked":["Expertise","Underhanded Strike","Deflect"],"picked":"SKIP","floor":3},{"not_picked":["Deadly Poison","Endless Agony"],"picked":"Adrenaline","floor":8},{"not_picked":["Slice","Blade Dance"],"picked":"Choke","floor":11},{"not_picked":["Flying Knee","Quick Slash"],"picked":"PiercingWail","floor":12},{"not_picked":["Poisoned Stab","Dagger Throw","Expertise"],"picked":"SKIP","floor":13},{"not_picked":["Dagger Spray","Distraction","Prepared"],"picked":"SKIP","floor":14},{"not_picked":["Bane","Quick Slash","Dagger Throw"],"picked":"SKIP","floor":18},{"not_picked":["Dagger Spray","Venomology"],"picked":"Backflip","floor":20},{"not_picked":["Distraction","Dodge and Roll"],"picked":"Finisher+1","floor":22},{"not_picked":["Quick Slash","Dash"],"picked":"Footwork+1","floor":24},{"not_picked":["Deflect","Heel Hook","Skewer"],"picked":"SKIP","floor":25},{"not_picked":["Grand Finale","Well Laid Plans"],"picked":"Terror","floor":27},{"not_picked":["Slice","Bane"],"picked":"Acrobatics","floor":28},{"not_picked":["Dagger Spray","Flechettes"],"picked":"PiercingWail","floor":29},{"not_picked":["Deflect","Prepared","Predator"],"picked":"SKIP","floor":31},{"not_picked":["Adrenaline","Bullet Time"],"picked":"Envenom","floor":33},{"not_picked":["Sucker Punch+1","Dash+1","Deadly Poison+1"],"picked":"SKIP","floor":35},{"not_picked":["Reflex","Outmaneuver","Accuracy"],"picked":"SKIP","floor":37},{"not_picked":["Predator","Slice","Finisher+1"],"picked":"SKIP","floor":38},{"not_picked":["Dagger Spray","Poisoned Stab","All Out Attack"],"picked":"SKIP","floor":39},{"not_picked":["Dagger Spray","Quick Slash","Reflex"],"picked":"SKIP","floor":40},{"not_picked":["Sucker Punch","Slice+1","Setup"],"picked":"SKIP","floor":42},{"not_picked":["Escape Plan+1","Deflect+1"],"picked":"Well Laid Plans+1","floor":45},{"not_picked":["Deflect+1","Dagger Spray","Sucker Punch"],"picked":"SKIP","floor":47},{"not_picked":["Dagger Throw","Underhanded Strike","Finisher+1"],"picked":"SKIP","floor":47},{"not_picked":["Dash","Escape Plan+1"],"picked":"Adrenaline+1","floor":48}],"player_experience":691616,"relics_obtained":[{"floor":4,"key":"Whetstone"},{"floor":8,"key":"Shuriken"},{"floor":9,"key":"PreservedInsect"},{"floor":11,"key":"Bag of Preparation"},{"floor":24,"key":"Bag of Marbles"},{"floor":26,"key":"Orichalcum"},{"floor":27,"key":"Ice Cream"},{"floor":28,"key":"Old Coin"},{"floor":28,"key":"Gremlin Horn"},{"floor":40,"key":"Blood Vial"},{"floor":42,"key":"Prayer Wheel"},{"floor":43,"key":"Dream Catcher"},{"floor":45,"key":"Toxic Egg 2"},{"floor":48,"key":"Paper Crane"}],"event_choices":[{"cards_removed":["Strike_G"],"damage_healed":0,"gold_gain":0,"player_choice":"Offered Basic","damage_taken":0,"max_hp_gain":0,"max_hp_loss":0,"event_name":"Bonfire Elementals","floor":2,"gold_loss":0},{"damage_healed":0,"gold_gain":75,"player_choice":"Gather Gold","damage_taken":11,"max_hp_gain":0,"max_hp_loss":0,"event_name":"World of Goop","floor":5,"gold_loss":0},{"cards_removed":["Defend_G"],"damage_healed":0,"gold_gain":0,"player_choice":"Elegance","damage_taken":0,"max_hp_gain":0,"max_hp_loss":0,"event_name":"Back to Basics","floor":21,"gold_loss":0},{"damage_healed":0,"gold_gain":0,"player_choice":"Fight","damage_taken":0,"max_hp_gain":0,"max_hp_loss":0,"event_name":"Colosseum","floor":28,"gold_loss":0},{"damage_healed":0,"gold_gain":0,"player_choice":"Fought Nobs","damage_taken":0,"max_hp_gain":0,"max_hp_loss":0,"event_name":"Colosseum","floor":28,"gold_loss":0},{"damage_healed":0,"gold_gain":0,"player_choice":"Got Potions","damage_taken":0,"max_hp_gain":0,"max_hp_loss":0,"event_name":"Lab","floor":36,"gold_loss":0}],"is_beta":false,"boss_relics":[{"not_picked":["Busted Crown","Ectoplasm"],"picked":"Tiny House"},{"not_picked":["Pandora\u0027s Box","Snecko Eye"],"picked":"Sozu"}],"items_purged_floors":[7,19,44],"is_endless":false,"potions_floor_spawned":[1,3,13,14,16,22,24,25,28,31,33,39,40,42,47,48],"ascension_level":20}}