{"host":"qxeepl7ydvsgmfdb","time":1613145723,"event":{"mods":["AchievementEnabler","BaseMod","Colored Powertips","Minty Spire (QoL Compilation)","Quick Restart","slay the spire mod where everything is the same but ironclad has a cowboy hat"],"gold_per_floor":[113,113,57,57,20,55,55,80,80,106,123,141,216,228,228,302,302,316,406,425,11,11,11,38,38,38,50,50,50],"floor_reached":28,"language":"ENG","playtime":585,"items_purged":[],"score":637,"play_id":"74732097-1a93-41f5-a81e-0e25455e33e4","local_time":"20210212110203","is_ascension_mode":true,"campfire_choices":[{"data":"Finisher","floor":7.0,"key":"SMITH"},{"floor":15.0,"key":"REST"},{"floor":23.0,"key":"REST"}],"circlet_count":0,"master_deck":["AscendersBane","Strike_G","Strike_G","Strike_G","Strike_G","Defend_G","Defend_G","Defend_G","Defend_G","Defend_G","Survivor","Neutralize","Dagger Spray","Finisher+1","Cloak And Dagger","Slice","Blade Dance","Venomology","Poisoned Stab","Blade Dance","Accuracy","Backstab"],"relics":["Ring of the Snake","NeowsBlessing","Gambling Chip","Shuriken","Vajra","Strawberry","Potion Belt","Black Star","Pantograph","Bronze Scales","Bottled Flame","Mummified Hand"],"acts_visited":["Exordium","TheCity"],"potions_floor_usage":[27,27,28],"damage_taken":[{"damage":0.0,"enemies":"2 Louse","floor":1.0,"turns":1.0},{"damage":0.0,"enemies":"3 Sentries","floor":6.0,"turns":1.0},{"damage":0.0,"enemies":"Lagavulin","floor":8.0,"turns":1.0},{"damage":10.0,"enemies":"Gremlin Nob","floor":10.0,"turns":3.0},{"damage":6.0,"enemies":"Jaw Worm","floor":11.0,"turns":4.0},{"damage":0.0,"enemies":"Cultist","floor":12.0,"turns":2.0},{"damage":0.0,"enemies":"2 Fungi Beasts","floor":14.0,"turns":1.0},{"damage":0.0,"enemies":"Slime Boss","floor":16.0,"turns":3.0},{"damage":2.0,"enemies":"Chosen","floor":18.0,"turns":4.0},{"damage":0.0,"enemies":"Spheric Guardian","floor":20.0,"turns":3.0},{"damage":45.0,"enemies":"Gremlin Leader","floor":24.0,"turns":4.0},{"damage":7,"enemies":"Centurion and Healer","floor":27,"turns":3},{"damage":18,"enemies":"Snake Plant","floor":28,"turns":2}],"seed_played":"-5876129944795979485","potions_obtained":[{"floor":1.0,"key":"Poison Potion"},{"floor":10.0,"key":"LiquidMemories"},{"floor":11.0,"key":"Regen Potion"},{"floor":14.0,"key":"EntropicBrew"},{"floor":24.0,"key":"Energy Potion"},{"floor":27,"key":"BlessingOfTheForge"}],"is_trial":false,"path_per_floor":["M","?","$","?","$","E","R","E","T","E","M","M","?","M","R","B",null,"M","?","M","$","?","R","E","?","T","M","M"],"character_chosen":"THE_SILENT","items_purchased":["Dagger Spray","Finisher","Pantograph","Blade Dance","Accuracy"],"campfire_rested":2,"item_purchase_floors":[3,5,21,21,21],"current_hp_per_floor":[59,52,52,34,34,34,34,34,41,31,25,25,14,14,35,35,64,62,50,50,50,29,52,12,12,12,14,0,0],"gold":50,"neow_bonus":"THREE_ENEMY_KILL","is_daily":false,"chose_seed":false,"campfire_upgraded":1,"win_rate":0.0,"timestamp":1613145723,"path_taken":["M","?","$","?","?","E","R","E","T","E","M","?","?","M","R","BOSS","M","?","M","?","?","R","E","?","T","M","?"],"items_purchased_type":["Card","Card","Relic","Card","Card"],"build_version":"2020-12-22","purchased_purges":0,"victory":false,"max_hp_per_floor":[66,66,66,66,66,66,66,66,73,73,73,73,73,73,73,73,73,73,73,73,73,78,78,78,78,78,78,78,78],"card_choices":[{"not_picked":["Eviscerate","Crippling Poison","Underhanded Strike"],"picked":"SKIP","floor":1.0},{"not_picked":["Backflip","Quick Slash","Bane"],"picked":"SKIP","floor":6.0},{"not_picked":["Acrobatics","Night Terror","Quick Slash"],"picked":"SKIP","floor":8.0},{"not_picked":["Flying Knee","Tactician","Calculated Gamble"],"picked":"SKIP","floor":10.0},{"not_picked":["Flying Knee","Setup"],"picked":"Cloak And Dagger","floor":11.0},{"not_picked":["Deadly Poison","Heel Hook"],"picked":"Slice","floor":12.0},{"not_picked":["Prepared","Night Terror"],"picked":"Blade Dance","floor":14.0},{"not_picked":["Die Die Die","Adrenaline"],"picked":"Venomology","floor":16.0},{"not_picked":["Deadly Poison","Flying Knee+1"],"picked":"Poisoned Stab","floor":18.0},{"not_picked":["Bane","Expertise","Flying Knee"],"picked":"SKIP","floor":20.0},{"not_picked":["Poisoned Stab","Flying Knee+1"],"picked":"Backstab","floor":24.0},{"not_picked":["Dodge and Roll","Glass Knife","Acrobatics"],"picked":"SKIP","floor":27}],"player_experience":160916,"relics_obtained":[{"floor":6.0,"key":"Shuriken"},{"floor":8.0,"key":"Vajra"},{"floor":9.0,"key":"Strawberry"},{"floor":10.0,"key":"Potion Belt"},{"floor":24.0,"key":"Bronze Scales"},{"floor":24.0,"key":"Bottled Flame"},{"floor":26.0,"key":"Mummified Hand"}],"event_choices":[{"cards_removed":["Strike_G"],"damage_healed":0.0,"max_hp_gain":0.0,"max_hp_loss":0.0,"gold_gain":0.0,"event_name":"Golden Wing","player_choice":"Card Removal","floor":2.0,"gold_loss":0.0,"damage_taken":7.0},{"damage_healed":0.0,"max_hp_gain":0.0,"max_hp_loss":0.0,"gold_gain":0.0,"event_name":"Scrap Ooze","player_choice":"Success","floor":4.0,"gold_loss":0.0,"damage_taken":18.0,"relics_obtained":["Gambling Chip"]},{"damage_healed":0.0,"max_hp_gain":0.0,"max_hp_loss":0.0,"gold_gain":75.0,"event_name":"World of Goop","player_choice":"Gather Gold","floor":13.0,"gold_loss":0.0,"damage_taken":11.0},{"damage_healed":0.0,"max_hp_gain":0.0,"max_hp_loss":0.0,"gold_gain":90.0,"event_name":"Knowing Skull","player_choice":"GOLD ","floor":19.0,"potions_obtained":[],"gold_loss":0.0,"damage_taken":12.0,"cards_obtained":[]},{"damage_healed":0.0,"max_hp_gain":5.0,"max_hp_loss":0.0,"gold_gain":0.0,"event_name":"Forgotten Altar","player_choice":"Shed Blood","floor":22.0,"gold_loss":0.0,"damage_taken":26.0},{"damage_healed":0.0,"max_hp_gain":0.0,"max_hp_loss":0.0,"gold_gain":0.0,"event_name":"Ghosts","player_choice":"Ignored","floor":25.0,"gold_loss":0.0,"damage_taken":0.0}],"is_beta":false,"boss_relics":[{"not_picked":["Pandora\u0027s Box","Velvet Choker"],"picked":"Black Star"}],"items_purged_floors":[],"is_endless":false,"potions_floor_spawned":[1,10,11,14,24,27],"killed_by":"Snake Plant","ascension_level":16}}