{"host":"ajxvnmsjfcleb5r5","time":1613136284,"event":{"mods":["2.2 Compatiblity","AchievementEnabler","BaseMod","Beaked The Cultist","Card Forge","Colored Powertips","DNKmod","Downfall","Friendly Minions","Minty Spire (QoL Compilation)","Quick Restart","StSLib","SuperFastMode"],"gold_per_floor":[550,550,475,475,475,475,521,541,551,410,423,373,548,126,139,241,241,191,206,206,221,0,0,26,36,90,40,56,56,6,20,32,127,127,77,97,107,118,241,291,291,38,38,64,64,78,28,47,60,60],"floor_reached":51,"language":"ENG","playtime":2482,"items_purged":["Slimebound:Tackle","Slimebound:Defend_Slimebound","Slimebound:Defend_Slimebound","Doubt"],"score":767,"play_id":"e114eb5b-5b23-415f-8413-a0314e99d838","local_time":"20210212222444","is_ascension_mode":false,"campfire_choices":[{"data":"Slimebound:CorrosiveSpit","floor":1.0,"key":"SMITH"},{"data":"Slimebound:Gluttony","floor":12.0,"key":"SMITH"},{"data":"Slimebound:Split","floor":18.0,"key":"SMITH"},{"data":"Slimebound:GoopSpray","floor":27.0,"key":"SMITH"},{"floor":30.0,"key":"REST"},{"data":"Slimebound:DisruptingSlam","floor":35.0,"key":"SMITH"},{"data":"Slimebound:WasteNot","floor":47.0,"key":"SMITH"}],"circlet_count":0,"master_deck":["Slimebound:Strike_Slimebound","Slimebound:Strike_Slimebound","Slimebound:Strike_Slimebound","Slimebound:Defend_Slimebound","Slimebound:Defend_Slimebound","Slimebound:Split+1","Slimebound:CorrosiveSpit+1","Slimebound:LivingWall","Slimebound:CorrosiveSpit+1","Slimebound:LeadByExample","Slimebound:Dissolve","Slimebound:DisruptingSlam+1","Slimebound:Gluttony+1","Slimebound:PressTheAttack","Slimebound:Schlurp","Slimebound:SplitMire","Slimebound:ItLooksTasty","Slimebound:TongueLash","Slimebound:RejuvenatingLick","Slimebound:GoopSpray+1","Slimebound:MegaLick","Slimebound:SamplingLick+1","Slimebound:AcidTongue+1","Slimebound:LeechEnergy+1","Slimebound:OozeBath","Slimebound:SlimeTap","CurseOfTheBell","Slimebound:Schlurp+1","Slimebound:SlimeSpikes+1","Slimebound:SamplingLick+1","Slimebound:SamplingLick+1","Slimebound:Gluttony","Slimebound:TongueLash+1","Slimebound:WasteNot+1"],"relics":["Slimebound:AbsorbEndCombat","Hammer of Thor","Seething Fire","Anvil of the Gods","downfall:HeartsMalice","Slimebound:GreedOozeRelic","Pen Nib","SlaversCollar","PreservedInsect","Juzu Bracelet","MutagenicStrength","Calling Bell","Vajra","HornCleat","FossilizedHelix","Incense Burner","Question Card","Mercury Hourglass","Shovel"],"acts_visited":["Exordium","TheCity","TheBeyond"],"potions_floor_usage":[50,50],"damage_taken":[{"damage":0.0,"enemies":"Jaw Worm","floor":2.0,"turns":1.0},{"damage":0.0,"enemies":"Small Slimes","floor":5.0,"turns":1.0},{"damage":0.0,"enemies":"Cultist","floor":6.0,"turns":1.0},{"damage":16.0,"enemies":"Red Slaver","floor":8.0,"turns":5.0},{"damage":0.0,"enemies":"Large Slime","floor":9.0,"turns":5.0},{"damage":0.0,"enemies":"downfall:FleeingMerchant","floor":10.0,"turns":4.0},{"damage":19.0,"enemies":"Exordium Wildlife","floor":11.0,"turns":5.0},{"damage":0.0,"enemies":"downfall:FleeingMerchant","floor":14.0,"turns":4.0},{"damage":13.0,"enemies":"2 Fungi Beasts","floor":15.0,"turns":3.0},{"damage":24.0,"enemies":"IC_STATUS_ARCHETYPE","floor":16.0,"turns":7.0},{"damage":19.0,"enemies":"Shell Parasite","floor":19.0,"turns":4.0},{"damage":25.0,"enemies":"3 Byrds","floor":21.0,"turns":5.0},{"damage":20.0,"enemies":"downfall:FleeingMerchant","floor":22.0,"turns":4.0},{"damage":15.0,"enemies":"Snake Plant","floor":25.0,"turns":3.0},{"damage":15.0,"enemies":"Snecko","floor":28.0,"turns":4.0},{"damage":1.0,"enemies":"3 Cultists","floor":31.0,"turns":4.0},{"damage":8.0,"enemies":"Snake Plant","floor":32.0,"turns":3.0},{"damage":1.0,"enemies":"WA_ARCHETYPE_CALM","floor":33.0,"turns":5.0},{"damage":0.0,"enemies":"Orb Walker","floor":36.0,"turns":3.0},{"damage":0.0,"enemies":"3 Darklings","floor":37.0,"turns":4.0},{"damage":14.0,"enemies":"Spire Growth","floor":38.0,"turns":5.0},{"damage":0.0,"enemies":"downfall:FleeingMerchant","floor":39.0,"turns":4.0},{"damage":0.0,"enemies":"downfall:FleeingMerchant","floor":40.0,"turns":4.0},{"damage":36.0,"enemies":"Reptomancer","floor":44.0,"turns":5.0},{"damage":0.0,"enemies":"Writhing Mass","floor":46.0,"turns":5.0},{"damage":0.0,"enemies":"Jaw Worm Horde","floor":48.0,"turns":4.0},{"damage":0.0,"enemies":"Spire Growth","floor":49.0,"turns":3.0},{"damage":60,"enemies":"SI_POISON_ARCHETYPE","floor":50,"turns":5}],"seed_played":"5550642530845808892","potions_obtained":[{"floor":9.0,"key":"Fruit Juice"},{"floor":11.0,"key":"Slimebound:SlimyTonguePotion"},{"floor":16.0,"key":"SpeedPotion"},{"floor":28.0,"key":"Dexterity Potion"},{"floor":31.0,"key":"Slimebound:SlimyTonguePotion"}],"is_trial":false,"path_per_floor":["R","M","?","?","M","M","T","M","M","$","M","R","?","$","M","B",null,"R","M","?","M","$","?","T","M","T","R","M","?","R","M","M","B",null,"R","M","M","M","$","?","T","$","?","E","?","M","R","M","M","B",null],"character_chosen":"SLIMEBOUND","items_purchased":["Slimebound:Schlurp","Slimebound:TongueLash","Slimebound:RejuvenatingLick","Strange Spoon","Slimebound:AcidTongue","Slimebound:Gluttony","Mercury Hourglass"],"campfire_rested":1,"item_purchase_floors":[10,14,14,14,22,39,42],"current_hp_per_floor":[65,65,65,65,65,65,65,51,64,68,55,55,55,61,52,36,70,70,57,44,27,23,23,23,24,24,24,23,23,45,56,54,69,75,75,75,75,63,71,75,75,75,75,47,75,75,75,75,75,15],"gold":60,"neow_bonus":"THREE_ENEMY_KILL","is_daily":false,"chose_seed":false,"campfire_upgraded":6,"win_rate":0.0,"timestamp":1613136284,"path_taken":["R","M","?","?","M","M","T","M","?","?","M","R","?","?","M","BOSS","R","M","?","M","$","?","T","?","?","R","M","?","R","M","M","BOSS","R","M","M","M","$","?","T","$","?","E","?","M","R","M","M","BOSS"],"items_purchased_type":["Card","Card","Card","Relic","Card","Card","Relic"],"build_version":"2020-12-22","purchased_purges":4,"victory":true,"max_hp_per_floor":[65,65,65,65,65,65,65,65,70,70,70,70,70,70,70,70,70,70,70,75,75,75,75,75,75,75,75,75,75,75,75,75,75,75,75,75,75,75,75,75,75,75,75,75,75,75,75,75,75,75],"card_choices":[{"not_picked":["Slimebound:BestDefense","Slimebound:SlimeTap"],"picked":"Slimebound:LivingWall","floor":2.0},{"not_picked":["Slimebound:ForwardTackle","Slimebound:SamplingLick"],"picked":"Slimebound:LeadByExample","floor":5.0},{"not_picked":["Slimebound:FlameTackle","Slimebound:Schlurp"],"picked":"Slimebound:Dissolve","floor":6.0},{"not_picked":["Slimebound:Schlurp","Slimebound:LevelUp"],"picked":"Slimebound:DisruptingSlam","floor":8.0},{"not_picked":["Slimebound:SlimeBarrage","Slimebound:RollThrough"],"picked":"Slimebound:Gluttony","floor":9.0},{"not_picked":["Slimebound:SelfFormingGoo","Slimebound:ComboTackle"],"picked":"Slimebound:PressTheAttack","floor":10.0},{"not_picked":["Slimebound:SlimeSpikes","Slimebound:ComboTackle"],"picked":"Slimebound:SplitMire","floor":11.0},{"not_picked":["Slimebound:FormOfPuddle","Slimebound:ForwardTackle"],"picked":"Slimebound:ItLooksTasty","floor":14.0},{"not_picked":["Slimebound:BestDefense","Slimebound:GoopTackle"],"picked":"Slimebound:Equalize","floor":15.0},{"not_picked":["Slimebound:ServeAndProtect+1","Slimebound:RejuvenatingLick+1"],"picked":"Slimebound:GoopSpray","floor":19.0},{"not_picked":["Slimebound:GoopTackle+1","Slimebound:PressTheAttack+1"],"picked":"Slimebound:MegaLick","floor":21.0},{"not_picked":["Slimebound:Repurpose","Slimebound:MinionMaster"],"picked":"Slimebound:SamplingLick+1","floor":22.0},{"not_picked":["Slimebound:Prepare","Slimebound:Schlurp"],"picked":"Slimebound:LeechEnergy+1","floor":25.0},{"not_picked":["Slimebound:DisruptingSlam","Slimebound:BestDefense","Slimebound:SplitBruiser"],"picked":"SKIP","floor":28.0},{"not_picked":["Slimebound:GoopTackle","Slimebound:SplitLeeching"],"picked":"Slimebound:OozeBath","floor":31.0},{"not_picked":["Slimebound:Prepare","Slimebound:RollThrough+1"],"picked":"Slimebound:SlimeTap","floor":32.0},{"not_picked":["Slimebound:Grow","Slimebound:SplitLeeching+1"],"picked":"Slimebound:Schlurp+1","floor":36.0},{"not_picked":["Slimebound:PressTheAttack","Slimebound:LeechingTouch+1"],"picked":"Slimebound:SlimeSpikes+1","floor":37.0},{"not_picked":["Slimebound:OneTwoCombo","Slimebound:LeechingTouch"],"picked":"Slimebound:SamplingLick+1","floor":38.0},{"not_picked":["Slimebound:LeechingTouch","Slimebound:Dissolve+1"],"picked":"Slimebound:SamplingLick+1","floor":39.0},{"not_picked":["Slimebound:Grow","Slimebound:ServeAndProtect+1","Slimebound:SplitLeeching"],"picked":"Slimebound:TongueLash+1","floor":44.0},{"not_picked":["Slimebound:SplitSpecialist+1","Slimebound:Schlurp","Slimebound:SplitAcid"],"picked":"Slimebound:WasteNot","floor":46.0},{"not_picked":["Slimebound:FinishingTackle+1","Slimebound:SlimeSpikes","Slimebound:PressTheAttack","Slimebound:ItLooksTasty"],"picked":"SKIP","floor":48.0},{"not_picked":["Slimebound:SlimeBrawl+1","Slimebound:FinishingTackle","Slimebound:ComboTackle","Slimebound:SamplingLick"],"picked":"SKIP","floor":49.0}],"player_experience":202909,"relics_obtained":[{"floor":7.0,"key":"Pen Nib"},{"floor":24.0,"key":"PreservedInsect"},{"floor":26.0,"key":"Juzu Bracelet"},{"floor":34.0,"key":"Vajra"},{"floor":34.0,"key":"HornCleat"},{"floor":34.0,"key":"FossilizedHelix"},{"floor":40.0,"key":"Incense Burner"},{"floor":41.0,"key":"Question Card"},{"floor":44.0,"key":"Shovel"}],"event_choices":[{"damage_healed":0.0,"max_hp_gain":0.0,"max_hp_loss":0.0,"gold_gain":0.0,"event_name":"Accursed Blacksmith","player_choice":"Forge","floor":23.0,"gold_loss":0.0,"damage_taken":0.0,"cards_upgraded":["Slimebound:AcidTongue"]},{"damage_healed":0.0,"max_hp_gain":0.0,"max_hp_loss":0.0,"gold_gain":0.0,"event_name":"Drug Dealer","player_choice":"Inject Mutagens","floor":29.0,"gold_loss":0.0,"damage_taken":0.0,"relics_obtained":["MutagenicStrength"]},{"cards_removed":["Slimebound:Equalize"],"damage_healed":0.0,"max_hp_gain":0.0,"max_hp_loss":0.0,"gold_gain":0.0,"event_name":"Falling","player_choice":"Removed Attack","floor":43.0,"gold_loss":0.0,"damage_taken":0.0},{"damage_healed":28.0,"max_hp_gain":0.0,"max_hp_loss":0.0,"gold_gain":0.0,"event_name":"Wheel of Change","player_choice":"Full Heal","floor":45.0,"gold_loss":0.0,"damage_taken":0.0}],"is_beta":false,"boss_relics":[{"not_picked":["Fusion Hammer","Cursed Key"],"picked":"SlaversCollar"},{"not_picked":["Astrolabe","Tiny House"],"picked":"Calling Bell"}],"items_purged_floors":[10,14,22,39],"is_endless":false,"potions_floor_spawned":[9,11,16,28,31,36,37,48,49],"ascension_level":0}}