{"host":"36t3qd3wjvajtu1z","time":1613096326,"event":{"mods":["2.2 Compatiblity","AchievementEnabler","BaseMod","Bestiary","Block Reminder","Colored Powertips","Curses Come First","Highlight Path","Minty Spire (QoL Compilation)","Permanent Neow","Quick Restart","Random Character Button","Rare Cards Sparkle","Relic Stats","Slay-I","StSLib","Unknown Chances"],"gold_per_floor":[113,123,139,139,214,249,249,263,287,326,354,27,27,71,71,71,71],"floor_reached":16,"language":"ENG","playtime":608,"items_purged":["Strike_R"],"score":222,"play_id":"ff055979-93b3-4b37-8596-edc77a954891","local_time":"20210211181846","is_ascension_mode":true,"campfire_choices":[{"floor":7.0,"key":"REST"},{"floor":13,"key":"REST"},{"floor":15,"key":"REST"}],"circlet_count":0,"master_deck":["AscendersBane","Strike_R","Strike_R","Strike_R","Strike_R","Defend_R","Defend_R","Defend_R","Bash","Hemokinesis","Cleave","Anger","Clothesline","Flex","Fire Breathing","Reckless Charge","Sadistic Nature","Wild Strike","Thunderclap","Pommel Strike"],"relics":["Burning Blood","Ancient Tea Set","CeramicFish","Akabeko","Juzu Bracelet"],"acts_visited":["Exordium"],"potions_floor_usage":[8,14,16,16],"damage_taken":[{"damage":14.0,"enemies":"Jaw Worm","floor":1.0,"turns":3.0},{"damage":9.0,"enemies":"2 Louse","floor":2.0,"turns":3.0},{"damage":2.0,"enemies":"Cultist","floor":3.0,"turns":2.0},{"damage":44.0,"enemies":"Lagavulin","floor":6.0,"turns":6.0},{"damage":8,"enemies":"Exordium Thugs","floor":8,"turns":3},{"damage":35,"enemies":"Gremlin Nob","floor":10,"turns":4},{"damage":8,"enemies":"Looter","floor":11,"turns":2},{"damage":20,"enemies":"Lagavulin","floor":14,"turns":4},{"damage":49,"enemies":"The Guardian","floor":16,"turns":8}],"seed_played":"8958213421340740060","potions_obtained":[{"floor":3.0,"key":"Dexterity Potion"},{"floor":6.0,"key":"Fire Potion"},{"floor":10,"key":"PowerPotion"},{"floor":14,"key":"Regen Potion"}],"is_trial":false,"path_per_floor":["M","M","M","?","?","E","R","M","T","E","M","$","R","E","R","B"],"character_chosen":"IRONCLAD","items_purchased":["Sadistic Nature","Wild Strike","Thunderclap"],"campfire_rested":3,"item_purchase_floors":[12,12,12],"current_hp_per_floor":[60,57,61,66,55,17,41,39,39,10,8,8,32,18,42,8,8],"gold":71,"neow_bonus":"TRANSFORM_CARD","is_daily":false,"chose_seed":false,"campfire_upgraded":0,"win_rate":0.0,"timestamp":1613096326,"path_taken":["M","M","M","?","?","E","R","M","T","E","M","$","R","E","R","BOSS"],"items_purchased_type":["Card","Card","Card"],"build_version":"2020-12-22","purchased_purges":1,"victory":false,"max_hp_per_floor":[75,75,75,80,80,80,80,80,80,80,80,80,80,80,80,80,80],"relic_stats":{"counters":[9,35],"CeramicFish":54,"Juzu Bracelet":0,"obtain_stats":[{"CeramicFish":9,"Juzu Bracelet":14,"Ancient Tea Set":6,"Burning Blood":0,"Akabeko":10},{"CeramicFish":5,"Juzu Bracelet":8,"Ancient Tea Set":4,"Burning Blood":0,"Akabeko":6},{"CeramicFish":17,"Juzu Bracelet":27,"Ancient Tea Set":14,"Burning Blood":0,"Akabeko":21}],"Burning Blood":48},"card_choices":[{"not_picked":["Twin Strike","Second Wind","Heavy Blade"],"picked":"SKIP","floor":1.0},{"not_picked":["Iron Wave","Clash"],"picked":"Cleave","floor":2.0},{"not_picked":["Warcry","Twin Strike"],"picked":"Anger","floor":3.0},{"not_picked":["Metallicize","Body Slam"],"picked":"Clothesline","floor":6.0},{"not_picked":["Rampage","Brutality"],"picked":"Flex","floor":8},{"not_picked":["Cleave","Clothesline"],"picked":"Fire Breathing","floor":10},{"not_picked":["Rage","Feel No Pain"],"picked":"Reckless Charge","floor":11},{"not_picked":["Sentinel","Sever Soul"],"picked":"Pommel Strike","floor":14}],"player_experience":495547,"relics_obtained":[{"floor":6.0,"key":"Ancient Tea Set"},{"floor":9,"key":"CeramicFish"},{"floor":10,"key":"Akabeko"},{"floor":14,"key":"Juzu Bracelet"}],"event_choices":[{"damage_healed":0.0,"max_hp_gain":5.0,"max_hp_loss":0.0,"gold_gain":0.0,"event_name":"Big Fish","player_choice":"Donut","floor":4.0,"gold_loss":0.0,"damage_taken":0.0},{"damage_healed":0.0,"max_hp_gain":0.0,"max_hp_loss":0.0,"gold_gain":75.0,"event_name":"World of Goop","player_choice":"Gather Gold","floor":5.0,"gold_loss":0.0,"damage_taken":11.0}],"is_beta":false,"boss_relics":[],"items_purged_floors":[12],"is_endless":false,"potions_floor_spawned":[3,6,10,14],"killed_by":"The Guardian","ascension_level":17}}