{"host":"zsnmfqgcm92hlreo","time":1613158905,"event":{"mods":["AchievementEnabler","BaseMod","Bestiary","Block Reminder","Colored Map","Colored Powertips","Filter the Spire","Minty Spire (QoL Compilation)","Permanent Neow","Quick Restart","Relic Stats","StSLib","Weighted Paths"],"gold_per_floor":[118,118,136,149,249,249,274,288,312,312,343,343,257,257,257,329,329,347,31,43,43,53,53,53],"floor_reached":23,"language":"ENG","playtime":1162,"items_purged":[],"score":398,"play_id":"70008ce4-ea5c-4de7-9b5b-eb195a98ba59","local_time":"20210212134145","is_ascension_mode":true,"campfire_choices":[{"floor":6.0,"key":"REST"},{"floor":10,"key":"REST"},{"floor":12,"key":"REST"},{"data":"Night Terror","floor":15,"key":"SMITH"}],"circlet_count":0,"master_deck":["AscendersBane","Survivor","Burst+1","Terror","Footwork","Choke","After Image+1","Night Terror+1","Well Laid Plans","Footwork","Deadly Poison","Predator","Slice","Dash","Slice","Calculated Gamble","Dodge and Roll","Crippling Poison","Skewer","Backstab","Wraith Form v2","Cloak And Dagger","Decay"],"relics":["Pandora\u0027s Box","Vajra","Juzu Bracelet","Bag of Marbles","Cursed Key","Shuriken"],"acts_visited":["Exordium","TheCity"],"potions_floor_usage":[7,7,23],"damage_taken":[{"damage":0.0,"enemies":"2 Louse","floor":1.0,"turns":2.0},{"damage":8.0,"enemies":"Small Slimes","floor":3.0,"turns":3.0},{"damage":0.0,"enemies":"Cultist","floor":4.0,"turns":3.0},{"damage":15,"enemies":"3 Sentries","floor":7,"turns":6},{"damage":14,"enemies":"Lots of Slimes","floor":8,"turns":4},{"damage":18,"enemies":"Gremlin Nob","floor":11,"turns":4},{"damage":15,"enemies":"Hexaghost","floor":16,"turns":10},{"damage":12,"enemies":"2 Thieves","floor":18,"turns":4},{"damage":2,"enemies":"3 Byrds","floor":20,"turns":6},{"damage":10,"enemies":"Centurion and Healer","floor":22,"turns":6},{"damage":70,"enemies":"Gremlin Leader","floor":23,"turns":6}],"seed_played":"-249513079914023672","potions_obtained":[{"floor":3.0,"key":"LiquidMemories"},{"floor":4.0,"key":"Explosive Potion"},{"floor":7,"key":"FairyPotion"},{"floor":16,"key":"Fire Potion"}],"is_trial":false,"path_per_floor":["M","?","M","M","?","R","E","M","T","R","E","R","$","?","R","B",null,"M","$","M","?","M","E"],"character_chosen":"THE_SILENT","items_purchased":["Skewer","Shuriken","Cloak And Dagger"],"campfire_rested":3,"item_purchase_floors":[13,19,19],"current_hp_per_floor":[59,39,31,31,31,50,35,21,21,40,22,41,41,41,41,26,56,44,44,42,42,32,0,0],"gold":53,"neow_bonus":"BOSS_RELIC","is_daily":false,"chose_seed":false,"campfire_upgraded":1,"win_rate":0.0,"timestamp":1613158905,"path_taken":["M","?","M","M","?","R","E","M","T","R","E","R","$","?","R","BOSS","M","?","M","?","M","E"],"items_purchased_type":["Card","Relic","Card"],"build_version":"2020-12-22","purchased_purges":0,"victory":false,"max_hp_per_floor":[66,66,66,66,66,66,66,66,66,66,66,66,66,66,66,66,66,66,66,66,66,66,66,66],"relic_stats":{"counters":[11,54],"Shuriken":[5],"Pandora\u0027s Box":["Burst","Terror","Footwork","Choke","After Image","Night Terror","Well Laid Plans","Footwork","Deadly Poison","Predator"],"Juzu Bracelet":2,"Cursed Key":0,"obtain_stats":[{"Shuriken":19,"Vajra":7,"Pandora\u0027s Box":0,"Juzu Bracelet":9,"Bag of Marbles":11,"Cursed Key":17,"Ring of the Snake":0},{"Shuriken":8,"Vajra":4,"Pandora\u0027s Box":0,"Juzu Bracelet":5,"Bag of Marbles":6,"Cursed Key":7,"Ring of the Snake":0},{"Shuriken":36,"Vajra":14,"Pandora\u0027s Box":0,"Juzu Bracelet":18,"Bag of Marbles":22,"Cursed Key":32,"Ring of the Snake":0}]},"card_choices":[{"not_picked":["Flying Knee","Sucker Punch"],"picked":"Slice","floor":1.0},{"not_picked":["Infinite Blades","Blade Dance"],"picked":"Dash","floor":3.0},{"not_picked":["Eviscerate","Flying Knee"],"picked":"Slice","floor":4.0},{"not_picked":["Poisoned Stab","Distraction"],"picked":"Calculated Gamble","floor":7},{"not_picked":["Endless Agony","Heel Hook"],"picked":"Dodge and Roll","floor":8},{"not_picked":["Tactician","Poisoned Stab"],"picked":"Crippling Poison","floor":11},{"not_picked":["Unload","Tools of the Trade"],"picked":"Wraith Form v2","floor":16},{"not_picked":["Quick Slash","Prepared","Terror"],"picked":"SKIP","floor":18},{"not_picked":["Underhanded Strike+1","Terror","Skewer"],"picked":"SKIP","floor":20},{"not_picked":["Bane","Underhanded Strike+1","Dagger Throw"],"picked":"SKIP","floor":22}],"player_experience":1100851,"relics_obtained":[{"floor":7,"key":"Vajra"},{"floor":9,"key":"Juzu Bracelet"},{"floor":11,"key":"Bag of Marbles"}],"event_choices":[{"damage_healed":0.0,"max_hp_gain":0.0,"max_hp_loss":0.0,"gold_gain":0.0,"event_name":"Shining Light","player_choice":"Entered Light","floor":2.0,"gold_loss":0.0,"damage_taken":20.0,"cards_upgraded":["Burst","After Image"]},{"damage_healed":0.0,"max_hp_gain":0.0,"max_hp_loss":0.0,"gold_gain":100.0,"event_name":"Wheel of Change","player_choice":"Gold","floor":5.0,"gold_loss":0.0,"damage_taken":0.0},{"damage_healed":0,"gold_gain":0,"cards_transformed":["Neutralize"],"player_choice":"Transformed","damage_taken":0,"max_hp_gain":0,"max_hp_loss":0,"event_name":"Transmorgrifier","floor":14,"gold_loss":0,"cards_obtained":["Backstab"]},{"damage_healed":0,"gold_gain":0,"player_choice":"Smashed Altar","damage_taken":0,"max_hp_gain":0,"max_hp_loss":0,"event_name":"Forgotten Altar","floor":21,"gold_loss":0,"cards_obtained":["Decay"]}],"is_beta":false,"boss_relics":[{"not_picked":["Velvet Choker","Coffee Dripper"],"picked":"Cursed Key"}],"items_purged_floors":[],"is_endless":false,"potions_floor_spawned":[3,4,7,16,18,22],"killed_by":"Gremlin Leader","ascension_level":20}}