{"host":"clf2hd4adhiiw0zf","time":1613119273,"event":{"mods":["AchievementEnabler","BaseMod","Beaked The Cultist","Bestiary","Dark Map","Downfall","Gremlin Mod","Hermit","Jorbs\u0027s Wanderer Trilogy","Marisa????????","Minty Spire (QoL Compilation)","Shop Mod","StSLib","The Cursed","The Servant 0.9.4","Wide Potions"],"gold_per_floor":[99,119,135,235,248,276,355,4,39,60,86,261,61,91,107,203,203,203,223,234,334,334,354,354,381,398,408,408,433,433,465,480,581,581,581,592,644,919,929,979,1028,1048,948,965,296,311,358,412,426,426,426,459,10,10,10,10],"floor_reached":57,"language":"ENG","playtime":2776,"items_purged":["Regret"],"score":1508,"play_id":"23f0c65e-277a-474e-b354-d7de1e8bd9f2","local_time":"20210212014113","is_ascension_mode":true,"campfire_choices":[{"floor":1.0,"key":"RECALL"},{"data":"Apotheosis","floor":13.0,"key":"SMITH"},{"data":"bronze:BronzeOrb","floor":18.0,"key":"SMITH"},{"data":"bronze:DonuBeam","floor":28.0,"key":"SMITH"},{"data":"bronze:Format","floor":35.0,"key":"SMITH"},{"data":"bronze:ItsAFeature","floor":43.0,"key":"SMITH"},{"floor":54.0,"key":"REST"}],"circlet_count":0,"master_deck":["bronze:Strike","bronze:Strike","bronze:Strike","bronze:Strike","bronze:Defend","bronze:Defend+1","bronze:Defend","bronze:Defend+1","bronze:Replicate","bronze:Goto","bronze:Overheat","bronze:ThunderWave","bronze:Branch","bronze:DigitalCarnage","bronze:GetLatest","Apotheosis+1","bronze:BronzeOrb+1","bronze:Assembly","bronze:FollowUp","bronze:Flail","bronze:InfiniteBeams","bronze:Verify","CurseOfTheBell","bronze:ClassDefault","bronze:Iterate+1","bronze:DonuBeam+1","bronze:DecaBeam","bronze:FineTuning+1","bronze:Format","bronze:Format+1","bronze:Boost","bronze:Virus","bronze:DarkDash+1","bronze:ItsAFeature+1","bronze:FineTuning","bronze:BronzeOrb+1","bronze:Iterate+1","bronze:InfiniteBeams+1","bronze:Shell+1"],"relics":["bronze:BronzeCore","Vajra","Strawberry","Darkstone Periapt","Lee\u0027s Waffle","Ice Cream","Odd Mushroom","Question Card","downfall:HeartBlessingRed","downfall:HeartBlessingGreen","War Paint","Calling Bell","Potion Belt","Mummified Hand","Guardian:GemstoneGun","The Courier","Slimebound:StickyStick","Toy Ornithopter","Pear","Runic Pyramid","bronze:BronzeIdol","StoneCalendar","downfall:HeartBlessingBlue","Bottled Tornado","TungstenRod","Sling","Centennial Puzzle","HornCleat","Anchor","Gambling Chip","CatCart","Boot","OrangePellets","Guardian:PocketSentry"],"acts_visited":["Exordium","TheCity","TheBeyond","TheEnding"],"potions_floor_usage":[56,56,56,56,56],"damage_taken":[{"damage":1.0,"enemies":"Cultist","floor":2.0,"turns":4.0},{"damage":2.0,"enemies":"Jaw Worm","floor":3.0,"turns":3.0},{"damage":6.0,"enemies":"2 Louse","floor":5.0,"turns":3.0},{"damage":39.0,"enemies":"Gremlin Nob","floor":6.0,"turns":5.0},{"damage":0.0,"enemies":"downfall:FleeingMerchant","floor":8.0,"turns":4.0},{"damage":12.0,"enemies":"Lagavulin","floor":9.0,"turns":4.0},{"damage":0.0,"enemies":"The Mushroom Lair","floor":10.0,"turns":3.0},{"damage":22.0,"enemies":"Gremlin Nob","floor":11.0,"turns":4.0},{"damage":0.0,"enemies":"3 Sentries","floor":14.0,"turns":4.0},{"damage":0.0,"enemies":"Large Slime","floor":15.0,"turns":2.0},{"damage":6.0,"enemies":"SI_SHIV_ARCHETYPE","floor":16.0,"turns":7.0},{"damage":2.0,"enemies":"Chosen","floor":19.0,"turns":3.0},{"damage":4.0,"enemies":"Spheric Guardian","floor":20.0,"turns":5.0},{"damage":63.0,"enemies":"Spheric Guardian","floor":21.0,"turns":7.0},{"damage":10.0,"enemies":"Centurion and Healer","floor":23.0,"turns":4.0},{"damage":6.0,"enemies":"Book of Stabbing","floor":25.0,"turns":4.0},{"damage":5.0,"enemies":"Snake Plant","floor":26.0,"turns":2.0},{"damage":1.0,"enemies":"Sentry and Sphere","floor":27.0,"turns":4.0},{"damage":5.0,"enemies":"Gremlin Leader","floor":29.0,"turns":4.0},{"damage":10.0,"enemies":"Slavers","floor":31.0,"turns":3.0},{"damage":21.0,"enemies":"3 Cultists","floor":32.0,"turns":5.0},{"damage":7.0,"enemies":"IC_MUSHROOM_ARCHETYPE","floor":33.0,"turns":4.0},{"damage":0.0,"enemies":"Orb Walker","floor":36.0,"turns":3.0},{"damage":23.0,"enemies":"3 Darklings","floor":39.0,"turns":3.0},{"damage":0.0,"enemies":"3 Darklings","floor":40.0,"turns":3.0},{"damage":0.0,"enemies":"Sphere and 2 Shapes","floor":42.0,"turns":3.0},{"damage":3.0,"enemies":"Transient","floor":44.0,"turns":5.0},{"damage":0.0,"enemies":"downfall:FleeingMerchant","floor":45.0,"turns":3.0},{"damage":1.0,"enemies":"Spire Growth","floor":46.0,"turns":3.0},{"damage":6.0,"enemies":"2 Orb Walkers","floor":47.0,"turns":4.0},{"damage":10.0,"enemies":"Orin","floor":48.0,"turns":6.0},{"damage":13.0,"enemies":"3 Darklings","floor":49.0,"turns":6.0},{"damage":64.0,"enemies":"DF_ARCHETYPE_ORBS","floor":50.0,"turns":8.0},{"damage":87.0,"enemies":"downfall:CharBossMerchant","floor":52.0,"turns":7.0},{"damage":14.0,"enemies":"downfall:NeowBoss","floor":55.0,"turns":11.0},{"damage":106,"enemies":"downfall:NeowBossFinal","floor":56,"turns":7}],"seed_played":"8159002803042631743","potions_obtained":[{"floor":3.0,"key":"EssenceOfSteel"},{"floor":6.0,"key":"Fire Potion"},{"floor":9.0,"key":"Block Potion"},{"floor":14.0,"key":"Swift Potion"},{"floor":19.0,"key":"LiquidMemories"},{"floor":20.0,"key":"ColorlessPotion"},{"floor":25.0,"key":"ColorlessPotion"},{"floor":26.0,"key":"ColorlessPotion"},{"floor":33.0,"key":"Strength Potion"},{"floor":36.0,"key":"Dexterity Potion"},{"floor":39.0,"key":"Fire Potion"},{"floor":40.0,"key":"bronze:FreeFunctionsPotion"},{"floor":44.0,"key":"SkillPotion"},{"floor":46.0,"key":"Block Potion"},{"floor":49.0,"key":"AttackPotion"}],"is_trial":false,"path_per_floor":["R","M","M","?","M","E","T","$","E","?","E","?","R","E","M","B",null,"R","M","M","?","?","M","T","E","M","M","R","E","?","E","M","B",null,"R","M","?","?","M","?","T","M","R","M","$","M","?","?","M","B",null,"E","$","R","B","B",null],"character_chosen":"THE_AUTOMATON","items_purchased":["Apotheosis","Lee\u0027s Waffle","Bottled Tornado","TungstenRod","Sling","Centennial Puzzle","HornCleat","Anchor","OrangePellets","Guardian:PocketSentry","SteroidPotion","AttackPotion","SteroidPotion","SkillPotion"],"campfire_rested":1,"item_purchase_floors":[8,8,45,45,45,45,45,45,53,53,53,53,53,53],"current_hp_per_floor":[70,69,67,67,61,29,29,84,72,72,50,56,56,56,56,50,96,96,94,90,27,106,96,96,90,85,84,84,79,79,79,58,66,116,116,116,116,122,99,99,99,109,119,116,126,125,119,124,111,57,132,50,50,89,75,32],"gold":10,"neow_bonus":"RANDOM_COMMON_RELIC","is_daily":false,"chose_seed":false,"campfire_upgraded":5,"win_rate":0.0,"timestamp":1613119273,"path_taken":["R","M","?","?","M","E","T","$","E","?","E","?","R","E","M","BOSS","R","M","M","?","?","M","T","E","M","M","R","E","?","E","M","BOSS","R","M","?","?","?","?","T","M","R","M","$","M","?","?","M","BOSS","E","$","R","BOSS","BOSS"],"items_purchased_type":["Card","Relic","Relic","Relic","Relic","Relic","Relic","Relic","Relic","Relic","Potion","Potion","Potion","Potion"],"build_version":"2020-12-22","purchased_purges":1,"victory":true,"max_hp_per_floor":[70,70,70,70,70,77,77,84,84,84,84,90,90,90,90,90,96,96,96,96,96,106,106,106,106,106,106,106,106,106,116,116,116,116,116,116,116,122,122,122,122,122,132,132,132,132,132,132,132,132,132,132,132,132,132,132],"card_choices":[{"not_picked":["bronze:DelayedGuard","bronze:Constructor"],"picked":"bronze:Overheat","floor":2.0},{"not_picked":["bronze:Overheat","bronze:DelayedSlice"],"picked":"bronze:ThunderWave","floor":3.0},{"not_picked":["bronze:Frontload","bronze:WhirlingStrike"],"picked":"bronze:Branch","floor":5.0},{"not_picked":["bronze:WhirlingStrike","bronze:ChildClass"],"picked":"bronze:DigitalCarnage","floor":6.0},{"not_picked":["bronze:Deprecate","bronze:CutThrough"],"picked":"bronze:GetLatest","floor":8.0},{"not_picked":["bronze:Separator","bronze:BugBarrage"],"picked":"bronze:BronzeOrb","floor":9.0},{"not_picked":["bronze:FineTuning","bronze:Turbo"],"picked":"bronze:Assembly","floor":10.0},{"not_picked":["bronze:Safeguard","bronze:Separator"],"picked":"bronze:FollowUp","floor":11.0},{"not_picked":["bronze:ChildClass","bronze:DarkDash","bronze:OilSpill"],"picked":"bronze:Flail","floor":14.0},{"not_picked":["bronze:WhirlingStrike","bronze:ChildClass","bronze:Boost"],"picked":"bronze:InfiniteBeams","floor":15.0},{"not_picked":["bronze:RecursiveStrike","bronze:ShipIt","bronze:TinkerersToolbox"],"picked":"bronze:Verify","floor":16.0},{"not_picked":["bronze:Turbo","bronze:WhirlingStrike","bronze:WildBeam"],"picked":"bronze:ClassDefault","floor":19.0},{"not_picked":["bronze:Repair+1","bronze:InfiniteBeams","bronze:BitShift"],"picked":"bronze:Iterate+1","floor":20.0},{"not_picked":[],"picked":"bronze:DonuBeam","floor":21.0},{"not_picked":[],"picked":"bronze:DecaBeam","floor":21.0},{"not_picked":["bronze:FineTuning+1","bronze:Separator","bronze:Shield"],"picked":"bronze:Hardcode","floor":21.0},{"not_picked":["bronze:Invalidate","bronze:Separator","bronze:Overheat"],"picked":"bronze:FineTuning+1","floor":23.0},{"not_picked":["bronze:Overheat+1","bronze:ItsAFeature+1","bronze:Turbo"],"picked":"bronze:Format","floor":25.0},{"not_picked":["bronze:Deprecate","bronze:Constructor+1","bronze:OilSpill","bronze:CutThrough"],"picked":"SKIP","floor":26.0},{"not_picked":["bronze:Frontload","bronze:NullPointer+1","bronze:Invalidate+1","bronze:BronzeArmor"],"picked":"SKIP","floor":27.0},{"not_picked":["bronze:Optimize+1","bronze:ForceShield","bronze:CutThrough"],"picked":"bronze:Format","floor":29.0},{"not_picked":["bronze:DigitalCarnage","bronze:ClassDefault","bronze:Constructor","bronze:CutThrough"],"picked":"SKIP","floor":31.0},{"not_picked":["bronze:DelayedGuard","bronze:Branch+1","bronze:Overload"],"picked":"bronze:Boost","floor":32.0},{"not_picked":["bronze:Break","bronze:BurnOut","bronze:Mutator"],"picked":"bronze:Virus","floor":33.0},{"not_picked":["bronze:Backtrace+1","bronze:Refactor","bronze:Invalidate"],"picked":"bronze:DarkDash+1","floor":36.0},{"not_picked":["bronze:Shield+1","bronze:BitShift","bronze:Invalidate"],"picked":"bronze:ItsAFeature","floor":39.0},{"not_picked":["bronze:Deprecate+1","bronze:ThunderWave","bronze:NullPointer"],"picked":"bronze:FineTuning","floor":42.0},{"not_picked":["bronze:Constructor","bronze:Iterate","bronze:Separator"],"picked":"bronze:BronzeOrb+1","floor":44.0},{"not_picked":["bronze:BurnOut","bronze:Shield+1","bronze:Separator","bronze:DelayedSlice+1"],"picked":"SKIP","floor":45.0},{"not_picked":["bronze:FineTuning","bronze:CutThrough+1","bronze:Deprecate+1"],"picked":"bronze:Iterate+1","floor":46.0},{"not_picked":["bronze:BugBarrage+1","bronze:Terminator","bronze:Repair"],"picked":"bronze:InfiniteBeams+1","floor":47.0},{"not_picked":["bronze:ChildClass+1","bronze:BitShift","bronze:WildBeam+1"],"picked":"bronze:Shell+1","floor":48.0},{"not_picked":["bronze:Deprecate+1","bronze:WhirlingStrike+1","bronze:Overheat","bronze:WildBeam+1"],"picked":"SKIP","floor":49.0},{"not_picked":["bronze:BitShift","bronze:CutThrough+1","bronze:Shield+1","bronze:Backtrace"],"picked":"SKIP","floor":52.0}],"player_experience":229517,"relics_obtained":[{"floor":6.0,"key":"Strawberry"},{"floor":7.0,"key":"Darkstone Periapt"},{"floor":9.0,"key":"Ice Cream"},{"floor":10.0,"key":"Odd Mushroom"},{"floor":11.0,"key":"Question Card"},{"floor":14.0,"key":"War Paint"},{"floor":17.0,"key":"Potion Belt"},{"floor":17.0,"key":"Mummified Hand"},{"floor":17.0,"key":"Guardian:GemstoneGun"},{"floor":24.0,"key":"The Courier"},{"floor":25.0,"key":"Slimebound:StickyStick"},{"floor":29.0,"key":"Toy Ornithopter"},{"floor":31.0,"key":"Pear"},{"floor":37.0,"key":"bronze:BronzeIdol"},{"floor":40.0,"key":"StoneCalendar"},{"floor":47.0,"key":"Gambling Chip"},{"floor":48.0,"key":"CatCart"},{"floor":52.0,"key":"Boot"}],"event_choices":[{"damage_healed":0.0,"max_hp_gain":0.0,"max_hp_loss":0.0,"gold_gain":0.0,"event_name":"Mushrooms","player_choice":"Fought Mushrooms","floor":10.0,"gold_loss":0.0,"damage_taken":0.0},{"damage_healed":0.0,"max_hp_gain":0.0,"max_hp_loss":0.0,"gold_gain":0.0,"event_name":"Mysterious Sphere","player_choice":"Fight","floor":47.0,"gold_loss":0.0,"damage_taken":0.0},{"damage_healed":0.0,"max_hp_gain":0.0,"max_hp_loss":0.0,"gold_gain":0.0,"event_name":"OrinTheCat","player_choice":"Fight","floor":48.0,"gold_loss":0.0,"damage_taken":0.0}],"is_beta":false,"boss_relics":[{"not_picked":["Busted Crown","SacredBark"],"picked":"Calling Bell"},{"not_picked":["Runic Dome","Pandora\u0027s Box"],"picked":"Runic Pyramid"}],"items_purged_floors":[53],"is_endless":false,"potions_floor_spawned":[3,6,9,14,19,20,25,26,33,36,39,40,44,46,49],"ascension_level":3}}