{"host":"bbmxo8e8cdq8htg1","time":1613115380,"event":{"mods":["AchievementEnabler","BaseMod","Better Match","Better Third Choice","BetterRewards","Colored Powertips","DeckTracker","Dota2Spire","Mimic Mod","Minty Spire (QoL Compilation)","Permanent Neow","Quick Restart","Rare Cards Sparkle","Relic Stats","Replay The Spire","Shop Mod","Spicy Shops","StSLib","SuperFastMode","The Blue Laboratory","The Forsaken","The Jungle"],"gold_per_floor":[113,125,143,0,0,0,16,49,49,49,76,76,76,76,76],"floor_reached":14,"language":"ENG","playtime":213,"items_purged":[],"score":113,"play_id":"09bbe114-1476-4f8d-b30f-415d5c616972","local_time":"20210212103620","is_ascension_mode":true,"campfire_choices":[{"data":"Flex","floor":6,"key":"SMITH"},{"floor":10,"key":"REST"},{"data":"1","floor":12,"key":"LIFT"}],"circlet_count":0,"master_deck":["Strike_R","Strike_R","Strike_R","Strike_R","Strike_R","Defend_R","Defend_R","Defend_R","Defend_R","Bash","Barricade","Flex","Flex+1","Thunderclap","Limit Break"],"relics":["Burning Blood","Membership Card","Dota2Spire:DrumOfEndurance","Pantograph","Girya","Golden Idol"],"acts_visited":["Exordium"],"potions_floor_usage":[8,11,14],"damage_taken":[{"damage":11,"enemies":"Cultist","floor":1,"turns":4},{"damage":9,"enemies":"2 Louse","floor":2,"turns":2},{"damage":7,"enemies":"Jaw Worm","floor":3,"turns":3},{"damage":12,"enemies":"Looter","floor":7,"turns":3},{"damage":31,"enemies":"Gremlin Nob","floor":8,"turns":4},{"damage":44,"enemies":"3 Sentries","floor":11,"turns":6},{"damage":26,"enemies":"Gremlin Nob","floor":14,"turns":3}],"seed_played":"9086354992345302510","potions_obtained":[{"floor":2,"key":"Languid Potion"},{"floor":3,"key":"AttackPotion"},{"floor":8,"key":"PowerPotion"}],"is_trial":false,"path_per_floor":["M","M","M","$","?","R","M","E","T","R","E","R","?","E"],"character_chosen":"IRONCLAD","items_purchased":["Membership Card"],"campfire_rested":1,"item_purchase_floors":[4],"current_hp_per_floor":[75,72,71,71,71,71,65,40,40,64,26,26,26,0,0],"gold":76,"neow_bonus":"ONE_RANDOM_RARE_CARD","is_daily":false,"chose_seed":false,"campfire_upgraded":1,"win_rate":0.0,"timestamp":1613115380,"path_taken":["M","M","?","$","?","R","M","E","T","R","E","R","?","E"],"items_purchased_type":["Relic"],"build_version":"2020-12-22","purchased_purges":0,"victory":false,"max_hp_per_floor":[80,80,80,80,80,80,80,80,80,80,80,80,74,74,74],"relic_stats":{"counters":[7,25],"Golden Idol":0,"Pantograph":0,"obtain_stats":[{"Girya":11,"Golden Idol":13,"Pantograph":9,"Dota2Spire:DrumOfEndurance":8,"Membership Card":4,"Burning Blood":0},{"Girya":6,"Golden Idol":6,"Pantograph":5,"Dota2Spire:DrumOfEndurance":5,"Membership Card":3,"Burning Blood":0},{"Girya":22,"Golden Idol":22,"Pantograph":16,"Dota2Spire:DrumOfEndurance":16,"Membership Card":9,"Burning Blood":0}],"Burning Blood":36},"card_choices":[{"not_picked":["Armaments","Seeing Red"],"picked":"Flex","floor":1},{"not_picked":["Hemokinesis","Headbutt"],"picked":"Flex","floor":2},{"not_picked":["Armaments","Headbutt","Clothesline"],"picked":"SKIP","floor":3},{"not_picked":["Pommel Strike","Body Slam"],"picked":"Thunderclap","floor":7},{"not_picked":["True Grit","Armaments"],"picked":"Limit Break","floor":8},{"not_picked":["Brutality","Pommel Strike","Twin Strike"],"picked":"SKIP","floor":11}],"player_experience":14036,"relics_obtained":[{"floor":8,"key":"Dota2Spire:DrumOfEndurance"},{"floor":9,"key":"Pantograph"},{"floor":11,"key":"Girya"}],"event_choices":[{"damage_healed":0,"gold_gain":0,"player_choice":"Lose Max HP","damage_taken":0,"relics_obtained":["Golden Idol"],"max_hp_gain":0,"max_hp_loss":6,"event_name":"Golden Idol","floor":13,"gold_loss":0}],"is_beta":false,"boss_relics":[],"items_purged_floors":[],"is_endless":false,"potions_floor_spawned":[2,3,8],"killed_by":"Gremlin Nob","ascension_level":3}}