{"host":"grwexcir7mx5yvgg","time":1613116729,"event":{"mods":["AchievementEnabler","Ascension Reborn","Aspiration","BaseMod","Better Vampires","Colored Powertips","Custom Start","Energized Spire","Googly Eyes","Minty Spire (QoL Compilation)","MostiFishMod","Reliquary","Remilia（蕾米莉亚）","Replay The Spire","Shop Mod","Spicy Shops","StSLib","SuperFastMode","TestMod","UnlockEverythingMod","篝火指南"],"gold_per_floor":[117,130,228,242,256,104,139,139,139,139,156,166,178,205,73,177,177,194,206,206,206,217,248,96,106,106,117,117,132,162,172,29,128,128,139,139,149,166,20,20,48,68,94,113,126,153,165,197,209,321,333,362,385,416,428,464,496,508,536,628,640,652,678,727,829,841,1077,1077],"floor_reached":67,"language":"ZHS","playtime":2064,"items_purged":["Doubt"],"score":1570,"play_id":"4683f100-d4d3-4f7a-953a-744c03aeca63","local_time":"20210212155849","daily_mods":["Vintage","Heirloom","Time Dilation","Flight","DeadlyEvents","Uncertain Future","Binary"],"is_ascension_mode":true,"campfire_choices":[{"floor":62,"key":"REST"}],"circlet_count":0,"master_deck":["BloodRain+1","HunterOfTheNight+1","HunterOfTheNight+1","UltimateOffering+1","ForecastOfChange+1","KillingBlow+1","BloodySeventeenLaser+1","BloodySeventeenLaser+1","ScarletCoffin+1","HeartBreak+1","BloodHunter+1","EmergencyRegeneration+1","BloodAndWine+1","BloodAndWine+1","BloodAndWine+1","BloodyMagicSquare+1","MillenniumVampire+1","MillenniumVampire+1","MillenniumVampire+1","BloodyTrap+1","MiserableFate+1","MiserableFate+1","ScarletNetherworld+1","ChaoticDestiny+1","BloodyCatastrophe+1","BloodRain+1","CeilingFear+1","BloodyHallows+1","MastersStateliness+1","MastersStateliness+1","MastersStateliness+1","BatForm+1","TricksterDevil+1","EquivalentExchange+1","TwelveNightmare+1","FitfulNightmare+1","CurseOfVladTepes+1","ScarletMeister+1","QueenOfMidnight+1","DemonKingCradle+1","TransientEternity+1","Mayhem+1","MostiFishMod:Neurotoxin+1","Feed+1","Feed+1","Feed+1","Dark Embrace+1","Dark Embrace+1","Corruption+1","MostiFishMod:Mania+1","Buffer+1","ScarletDevilSign+1"],"relics":["ScarletHat","Busted Crown","testmod-TestBox","DaveBox","testmod-LifeArmor","HereWithMe","Ice Cream","Mirror","testmod-Déjàvu","Pocketwatch","reliquary:Stiletto","MerchantsRug","Pantograph","AntiCross","Replay:Wax Seal","BionicSphere","RedBat","reliquary:BoilingFlask","aspiration:Nostalgia","Replay:M_SmolderingBlood","Sozu","testmod-Muramasa","Vajra","Replay:Mystery Machine","Whetstone","testmod-IndustrialRevolution","Strange Spoon","Eternal Feather","testmod-Hope","Toy Ornithopter","Blood Vial","Golden Egg","War Paint","Frozen Eye","GreenFoldingFan","Meat on the Bone","Replay:Bottled Eggs","Matryoshka","Omamori","Strawberry","aspiration:FrozenJewel","Bag of Marbles","Replay:Bottled Steam","MawBank","Replay:Rubber Ducky","ReplayTheSpireMod:Shallot","ChewingGum","Anchor","reliquary:JackalopeAntler","Replay:Bandana","Toy Ornithopter","Prayer Wheel","Gremlin Food","testmod-InfectionSource","reliquary:Knoch","reliquary:NewFriend","PreservedInsect","Oddly Smooth Stone"],"acts_visited":["Exordium","TheCity","TheBeyond","Exordium"],"potions_floor_usage":[],"damage_taken":[{"damage":76,"enemies":"2 Louse","floor":1,"turns":1},{"damage":38,"enemies":"Small Slimes","floor":2,"turns":1},{"damage":29,"enemies":"Cultist","floor":4,"turns":2},{"damage":147,"enemies":"Lots of Slimes","floor":5,"turns":3},{"damage":42,"enemies":"3 Sentries","floor":7,"turns":3},{"damage":50,"enemies":"Blue Slaver","floor":11,"turns":2},{"damage":94,"enemies":"3 Louse","floor":12,"turns":1},{"damage":89,"enemies":"Exordium Thugs","floor":13,"turns":1},{"damage":65,"enemies":"Lagavulin","floor":14,"turns":2},{"damage":102,"enemies":"Fading Forest","floor":16,"turns":2},{"damage":47,"enemies":"3 Byrds","floor":18,"turns":3},{"damage":42,"enemies":"2 Thieves","floor":19,"turns":2},{"damage":131,"enemies":"Centurion and Healer","floor":22,"turns":1},{"damage":50,"enemies":"Slavers","floor":23,"turns":3},{"damage":87,"enemies":"Snake Plant","floor":25,"turns":1},{"damage":137,"enemies":"Snecko","floor":27,"turns":1},{"damage":45,"enemies":"Centurion and Healer","floor":29,"turns":1},{"damage":103,"enemies":"Book of Stabbing","floor":30,"turns":2},{"damage":46,"enemies":"Snake Plant","floor":31,"turns":1},{"damage":97,"enemies":"Automaton","floor":33,"turns":3},{"damage":56,"enemies":"Orb Walker","floor":35,"turns":1},{"damage":111,"enemies":"3 Shapes","floor":37,"turns":2},{"damage":51,"enemies":"Writhing Mass","floor":38,"turns":1},{"damage":96,"enemies":"Reptomancer","floor":41,"turns":1},{"damage":104,"enemies":"3 Darklings","floor":42,"turns":2},{"damage":220,"enemies":"Transient","floor":44,"turns":2},{"damage":62,"enemies":"Jaw Worm Horde","floor":45,"turns":2},{"damage":68,"enemies":"Spire Growth","floor":46,"turns":1},{"damage":60,"enemies":"Sphere and 2 Shapes","floor":48,"turns":1},{"damage":79,"enemies":"Time Eater","floor":50,"turns":3},{"damage":120,"enemies":"Jaw Worm","floor":52,"turns":1},{"damage":60,"enemies":"Cultist","floor":53,"turns":1},{"damage":124,"enemies":"Small Slimes","floor":54,"turns":1},{"damage":64,"enemies":"Exordium Thugs","floor":56,"turns":1},{"damage":75,"enemies":"Large Slime","floor":57,"turns":1},{"damage":132,"enemies":"Blue Slaver","floor":59,"turns":1},{"damage":70,"enemies":"Exordium Wildlife","floor":63,"turns":1},{"damage":68,"enemies":"Gremlin Nob","floor":64,"turns":1},{"damage":77,"enemies":"Lots of Slimes","floor":65,"turns":2},{"damage":418,"enemies":"Fading Forest","floor":67,"turns":2}],"seed_played":"6494205227267208221","potions_obtained":[],"is_trial":true,"path_per_floor":["M","M","?","M","M","R","E","R","T","$","M","M","M","E","R","B",null,"M","M","?","?","M","E","R","M","T","M","$","M","E","M","R","B",null,"M","?","M","M","$","R","E","M","T","M","M","M","R","M","R","B",null,"M","M","M","?","M","M","R","M","T","$","R","M","E","M","R","B"],"character_chosen":"REMILIA","items_purchased":["MerchantsRug","aspiration:Nostalgia","Strange Spoon","Frozen Eye","Omamori"],"campfire_rested":1,"item_purchase_floors":[6,15,24,32,39],"current_hp_per_floor":[75,75,57,57,75,75,79,79,79,79,83,83,83,83,83,83,83,83,83,75,75,83,83,83,83,83,83,83,87,91,95,95,99,99,99,99,99,99,99,99,99,110,110,110,118,118,118,118,118,118,118,118,122,126,126,130,130,130,130,130,130,130,130,130,130,130,0,0],"gold":1077,"neow_bonus":"","is_daily":false,"chose_seed":false,"campfire_upgraded":0,"win_rate":0.0,"timestamp":1613116729,"path_taken":["M","M","?","M","M","R","E","R","T","$","M","M","?","?","R","BOSS","M","M","?","?","M","E","R","M","T","M","$","M","?","M","R","BOSS","M","?","M","M","$","R","E","M","T","?","?","M","R","M","R","BOSS","M","?","M","?","M","?","R","M","T","$","R","M","E","M","R","BOSS"],"items_purchased_type":["Relic","Relic","Relic","Relic","Relic"],"build_version":"2020-12-22","purchased_purges":1,"victory":false,"max_hp_per_floor":[75,75,75,75,75,75,79,79,79,79,83,83,83,83,83,83,83,83,83,83,83,83,83,83,83,83,83,83,87,91,95,95,99,99,99,99,99,99,99,99,99,110,110,110,118,118,118,118,118,118,118,118,122,126,126,130,130,130,130,130,130,130,130,130,130,130,130,130],"card_choices":[],"player_experience":115332,"relics_obtained":[{"floor":1,"key":"Mirror"},{"floor":2,"key":"testmod-Déjàvu"},{"floor":4,"key":"Pocketwatch"},{"floor":5,"key":"reliquary:Stiletto"},{"floor":7,"key":"Pantograph"},{"floor":9,"key":"AntiCross"},{"floor":11,"key":"Replay:Wax Seal"},{"floor":12,"key":"BionicSphere"},{"floor":13,"key":"RedBat"},{"floor":14,"key":"reliquary:BoilingFlask"},{"floor":18,"key":"testmod-Muramasa"},{"floor":19,"key":"Vajra"},{"floor":22,"key":"Replay:Mystery Machine"},{"floor":23,"key":"Whetstone"},{"floor":23,"key":"testmod-IndustrialRevolution"},{"floor":25,"key":"Eternal Feather"},{"floor":26,"key":"testmod-Hope"},{"floor":27,"key":"Toy Ornithopter"},{"floor":29,"key":"Blood Vial"},{"floor":30,"key":"Golden Egg"},{"floor":31,"key":"War Paint"},{"floor":35,"key":"Meat on the Bone"},{"floor":37,"key":"Replay:Bottled Eggs"},{"floor":38,"key":"Matryoshka"},{"floor":42,"key":"Strawberry"},{"floor":43,"key":"aspiration:FrozenJewel"},{"floor":43,"key":"Bag of Marbles"},{"floor":44,"key":"Replay:Bottled Steam"},{"floor":45,"key":"MawBank"},{"floor":46,"key":"Replay:Rubber Ducky"},{"floor":48,"key":"ReplayTheSpireMod:Shallot"},{"floor":52,"key":"Anchor"},{"floor":52,"key":"reliquary:JackalopeAntler"},{"floor":53,"key":"Replay:Bandana"},{"floor":54,"key":"reliquary:SculptingSteel"},{"floor":56,"key":"Prayer Wheel"},{"floor":57,"key":"Gremlin Food"},{"floor":59,"key":"testmod-InfectionSource"},{"floor":60,"key":"reliquary:Knoch"},{"floor":60,"key":"reliquary:NewFriend"},{"floor":63,"key":"PreservedInsect"},{"floor":65,"key":"Oddly Smooth Stone"}],"event_choices":[{"damage_healed":0,"gold_gain":0,"player_choice":"Ignored","damage_taken":8,"max_hp_gain":0,"max_hp_loss":0,"event_name":"恩洛斯的盘子","floor":20,"gold_loss":0},{"damage_healed":0,"gold_gain":0,"player_choice":"Simplicity","damage_taken":0,"max_hp_gain":0,"max_hp_loss":0,"event_name":"Back to Basics","floor":21,"gold_loss":0,"cards_upgraded":[]},{"cards_removed":["EmergencyRegeneration"],"damage_healed":0,"gold_gain":0,"player_choice":"Removed Skill","damage_taken":0,"max_hp_gain":0,"max_hp_loss":0,"event_name":"Falling","floor":36,"gold_loss":0}],"is_beta":false,"boss_relics":[{"not_picked":["Abe\u0027s Treasure","Velvet Choker"],"picked":"Sozu"},{"not_picked":["Ring of Chaos","Replay:Bronze Core"],"picked":"GreenFoldingFan"},{"not_picked":["energizedSpire:NeverEndingSparkler","testmod-IncinerationGenerator"],"picked":"ChewingGum"}],"items_purged_floors":[15],"is_endless":true,"potions_floor_spawned":[4,7,11,14,22,25,29,30,38,42,44,50,53,57,59,63],"killed_by":"Fading Forest","ascension_level":0}}