{"host":"lv7etzzgwahaenh9","time":1613150002,"event":{"mods":["AchievementEnabler","BaseMod","Colored Map","Colored Powertips","Highlight Path","Minty Spire (QoL Compilation)","Permanent Neow","Quick Restart","Random Character Button","StSLib"],"gold_per_floor":[113,133,146,146,146,178,178,205,278,7,7,38,38,38,38,138,138,153,188,188,188,188],"floor_reached":21,"language":"ENG","playtime":852,"items_purged":["Parasite"],"score":375,"play_id":"006dde8d-2519-4e69-8553-841e17ee10e4","local_time":"20210212091322","is_ascension_mode":true,"campfire_choices":[{"floor":7.0,"key":"REST"},{"floor":11.0,"key":"REST"},{"data":"Well Laid Plans","floor":13,"key":"SMITH"},{"floor":15,"key":"REST"}],"circlet_count":0,"master_deck":["Strike_G+1","Strike_G+1","Strike_G+1","Strike_G+1","Strike_G+1","Defend_G+1","Defend_G+1","Defend_G+1","Defend_G+1","Defend_G+1","Survivor","Neutralize+1","Eviscerate","Setup","Riddle With Holes+1","Backflip","Grand Finale","Prepared","Well Laid Plans+1","Phantasmal Killer","Noxious Fumes","Backflip"],"relics":["Cursed Key","Du-Vu Doll","Pen Nib","Vajra","Paper Crane","Sling","Potion Belt","Runic Pyramid","Red Mask"],"acts_visited":["Exordium","TheCity"],"potions_floor_usage":[16,18,19,21],"damage_taken":[{"damage":1.0,"enemies":"Jaw Worm","floor":1.0,"turns":6.0},{"damage":3.0,"enemies":"Small Slimes","floor":2.0,"turns":5.0},{"damage":0.0,"enemies":"2 Louse","floor":3.0,"turns":3.0},{"damage":34.0,"enemies":"Lagavulin","floor":6.0,"turns":9.0},{"damage":10.0,"enemies":"3 Sentries","floor":8.0,"turns":5.0},{"damage":7,"enemies":"Gremlin Nob","floor":12,"turns":3},{"damage":0,"enemies":"Slime Boss","floor":16,"turns":3},{"damage":20,"enemies":"2 Thieves","floor":18,"turns":4},{"damage":40,"enemies":"Masked Bandits","floor":19,"turns":4},{"damage":6,"enemies":"Spheric Guardian","floor":21,"turns":3}],"seed_played":"-3785118745081596917","potions_obtained":[{"floor":1.0,"key":"SkillPotion"},{"floor":6.0,"key":"SteroidPotion"},{"floor":8.0,"key":"GamblersBrew"},{"floor":16,"key":"ColorlessPotion"},{"floor":18,"key":"PowerPotion"},{"floor":19,"key":"EssenceOfSteel"}],"is_trial":false,"path_per_floor":["M","M","M","?","?","E","R","E","T","$","R","E","R","$","R","B",null,"M","?","?","M"],"character_chosen":"THE_SILENT","items_purchased":["Sling","Prepared"],"campfire_rested":3,"item_purchase_floors":[10,10],"current_hp_per_floor":[62,59,59,52,38,4,25,15,15,15,35,28,28,28,48,48,62,42,2,2,0,0],"gold":188,"neow_bonus":"BOSS_RELIC","is_daily":false,"chose_seed":false,"campfire_upgraded":1,"win_rate":0.0,"timestamp":1613150002,"path_taken":["M","M","M","?","?","E","R","E","T","$","R","E","R","$","R","BOSS","M","?","?","?"],"items_purchased_type":["Relic","Card"],"build_version":"2020-12-22","purchased_purges":1,"victory":false,"max_hp_per_floor":[70,70,70,70,70,70,70,70,70,67,67,67,67,67,67,67,67,67,67,67,67,67],"card_choices":[{"not_picked":["Dagger Throw","Prepared"],"picked":"Eviscerate","floor":1.0},{"not_picked":["All Out Attack","Dagger Throw"],"picked":"Setup","floor":2.0},{"not_picked":["Bouncing Flask","Reflex"],"picked":"Riddle With Holes","floor":3.0},{"not_picked":["Poisoned Stab","PiercingWail"],"picked":"Backflip","floor":6.0},{"not_picked":["Predator","PiercingWail"],"picked":"Grand Finale","floor":8.0},{"not_picked":["Blade Dance","Grand Finale"],"picked":"Well Laid Plans","floor":12},{"not_picked":["Malaise","Envenom"],"picked":"Phantasmal Killer","floor":16},{"not_picked":["All Out Attack","Cloak And Dagger"],"picked":"Noxious Fumes","floor":18},{"not_picked":["Outmaneuver","Prepared"],"picked":"Backflip","floor":19}],"player_experience":336341,"relics_obtained":[{"floor":6.0,"key":"Pen Nib"},{"floor":8.0,"key":"Vajra"},{"floor":9.0,"key":"Paper Crane"},{"floor":12,"key":"Potion Belt"},{"floor":19,"key":"Red Mask"}],"event_choices":[{"damage_healed":0.0,"max_hp_gain":0.0,"max_hp_loss":0.0,"gold_gain":0.0,"event_name":"Scrap Ooze","player_choice":"Success","floor":4.0,"gold_loss":0.0,"damage_taken":7.0,"relics_obtained":["Du-Vu Doll"]},{"damage_healed":0.0,"max_hp_gain":0.0,"max_hp_loss":0.0,"gold_gain":0.0,"event_name":"Shining Light","player_choice":"Entered Light","floor":5.0,"gold_loss":0.0,"damage_taken":14.0,"cards_upgraded":["Riddle With Holes","Neutralize"]},{"damage_healed":0,"gold_gain":0,"player_choice":"Fought Bandits","damage_taken":0,"max_hp_gain":0,"max_hp_loss":0,"event_name":"Masked Bandits","floor":19,"gold_loss":0},{"damage_healed":0,"gold_gain":0,"player_choice":"Simplicity","damage_taken":0,"max_hp_gain":0,"max_hp_loss":0,"event_name":"Back to Basics","floor":20,"gold_loss":0,"cards_upgraded":["Strike_G","Strike_G","Strike_G","Strike_G","Strike_G","Defend_G","Defend_G","Defend_G","Defend_G","Defend_G"]}],"is_beta":false,"boss_relics":[{"not_picked":["Velvet Choker","Philosopher\u0027s Stone"],"picked":"Runic Pyramid"}],"items_purged_floors":[10],"is_endless":false,"potions_floor_spawned":[1,6,8,16,18,19],"killed_by":"Spheric Guardian","ascension_level":8}}