{"host":"fbdlh90rovbiajun","time":1613114147,"event":{"mods":["AchievementEnabler","BaseMod","Colored Map","Minty Spire (QoL Compilation)","SuperFastMode"],"gold_per_floor":[112,112,124,70,70,245,195,205,205,223,223,233,233,262,262,262,262],"floor_reached":16,"language":"KOR","playtime":393,"items_purged":[],"score":100,"play_id":"9f0f2105-0374-43dd-9d6e-b72883dbb742","local_time":"20210212161547","is_ascension_mode":false,"campfire_choices":[{"data":"Gash","floor":11,"key":"SMITH"},{"data":"Dualcast","floor":13,"key":"SMITH"},{"data":"Beam Cell","floor":15,"key":"SMITH"}],"circlet_count":0,"master_deck":["Strike_B","Strike_B","Strike_B","Strike_B","Defend_B","Defend_B","Defend_B","Zap","Dualcast+1","Beam Cell","Gash+1","Beam Cell+1"],"relics":["Cracked Core","NeowsBlessing","Eternal Feather","Pocketwatch"],"acts_visited":["Exordium"],"potions_floor_usage":[],"damage_taken":[{"damage":0,"enemies":"Small Slimes","floor":1,"turns":1},{"damage":0,"enemies":"Cultist","floor":3,"turns":1},{"damage":0,"enemies":"2 Louse","floor":8,"turns":1},{"damage":0,"enemies":"Large Slime","floor":10,"turns":4},{"damage":11,"enemies":"Exordium Wildlife","floor":12,"turns":4},{"damage":30,"enemies":"3 Sentries","floor":14,"turns":8},{"damage":47,"enemies":"Hexaghost","floor":16,"turns":9}],"seed_played":"-3156146156369147022","potions_obtained":[{"floor":2,"key":"SkillPotion"},{"floor":2,"key":"GamblersBrew"},{"floor":2,"key":"SpeedPotion"},{"floor":12,"key":"Weak Potion"}],"is_trial":false,"path_per_floor":["M","?","M","$","?","?","?","M","T","M","R","M","R","E","R","B"],"character_chosen":"DEFECT","items_purchased":["Gash"],"campfire_rested":0,"item_purchase_floors":[4],"current_hp_per_floor":[75,75,75,75,68,68,68,68,68,68,74,63,69,39,45,0,0],"gold":262,"neow_bonus":"THREE_ENEMY_KILL","is_daily":false,"chose_seed":false,"campfire_upgraded":3,"win_rate":0.0,"timestamp":1613114147,"path_taken":["M","?","M","?","?","?","?","?","T","M","R","M","R","E","R","BOSS"],"items_purchased_type":["Card"],"build_version":"2020-12-22","purchased_purges":0,"victory":false,"max_hp_per_floor":[75,75,75,75,75,75,75,75,75,75,75,75,75,75,75,75,75],"card_choices":[{"not_picked":["Steam","Stack"],"picked":"Beam Cell","floor":1},{"not_picked":["Heatsinks","Barrage","Capacitor"],"picked":"SKIP","floor":3},{"not_picked":["Melter","Self Repair","Barrage"],"picked":"SKIP","floor":8},{"not_picked":["Hologram","Darkness"],"picked":"Beam Cell","floor":10},{"not_picked":["Storm","Biased Cognition","Melter"],"picked":"SKIP","floor":12},{"not_picked":["Auto Shields","Cold Snap","Thunder Strike"],"picked":"SKIP","floor":14}],"player_experience":6511,"relics_obtained":[{"floor":9,"key":"Eternal Feather"},{"floor":14,"key":"Pocketwatch"}],"event_choices":[{"damage_healed":0,"gold_gain":0,"player_choice":"Got Potions","damage_taken":0,"max_hp_gain":0,"max_hp_loss":0,"event_name":"Lab","floor":2,"gold_loss":0},{"cards_removed":["Defend_B"],"damage_healed":0,"gold_gain":0,"player_choice":"Card Removal","damage_taken":7,"max_hp_gain":0,"max_hp_loss":0,"event_name":"Golden Wing","floor":5,"gold_loss":0},{"damage_healed":0,"gold_gain":175,"player_choice":"AGREE","damage_taken":0,"max_hp_gain":0,"max_hp_loss":0,"event_name":"Liars Game","floor":6,"gold_loss":0,"cards_obtained":["Doubt"]},{"cards_removed":["Doubt"],"damage_healed":0,"gold_gain":0,"player_choice":"Card Removal","damage_taken":0,"max_hp_gain":0,"max_hp_loss":0,"event_name":"The Cleric","floor":7,"gold_loss":50}],"is_beta":false,"boss_relics":[],"items_purged_floors":[],"is_endless":false,"potions_floor_spawned":[12,14],"killed_by":"Hexaghost","ascension_level":0}}