{"host":"3y9j540ftq0by6cq","time":1613107036,"event":{"mods":["BaseMod","CapriCore","Lobotomy","Minty Spire (QoL Compilation)","Remilia¡]Á¢¦Ì²ú?¡^","StSLib","The Cursed"],"gold_per_floor":[113,138,151,165,178,204,204,129,129,129,3,3,17,17,17,112,112,122,136,136,148,2,30,40,54,54,68,82,97,97,97],"floor_reached":30,"language":"ZHS","playtime":2560,"items_purged":["LittlePrince"],"score":256,"play_id":"69da9fc8-d77b-4c96-a7a2-3233d0631153","local_time":"20210212131716","is_ascension_mode":false,"campfire_choices":[{"data":"MastersStateliness","floor":7,"key":"SMITH"},{"data":"DiffusionOfMisfortune","floor":10,"key":"SMITH"},{"data":"ScarletMeister","floor":15,"key":"SMITH"}],"circlet_count":0,"master_deck":["Strike_RM","Strike_RM","Defend_RM","Defend_RM","Defend_RM","Defend_RM","RedMoon","ScarletShoot","DreamingCurrent","BloodHunter","DiffusionOfMisfortune+1","ShyLook","EndlessAdversity","FieryBird","BombardNight","MastersStateliness+1","ScarletMeister+1","Stigmanizer","Stigmanizer","Rudolta","KillingBlow","BigBird","EndlessAdversity","QueenOfHatred","DiffusionOfMisfortune","EndlessAdversity","ScarletMeister+1","MiserableFate","RedRainbow","NightDance","BloodAndWine","BombardNight+1","MeltingLove","DemonKingCradle"],"relics":["ScarletHat","CogitoBucket","Bronze Scales","Anchor","Mercury Hourglass","APieceOfRedMist","DollysMirror","White Beast Statue","ChangeAnything","Bird Faced Urn"],"acts_visited":["Exordium","TheCity"],"potions_floor_usage":[16,16,23,25,30,30,30],"damage_taken":[{"damage":1,"enemies":"Cultist","floor":1,"turns":4},{"damage":7,"enemies":"2 Louse","floor":3,"turns":2},{"damage":6,"enemies":"Jaw Worm","floor":4,"turns":4},{"damage":0,"enemies":"2 Fungi Beasts","floor":5,"turns":3},{"damage":4,"enemies":"3 Sentries","floor":6,"turns":4},{"damage":10,"enemies":"Lots of Slimes","floor":13,"turns":2},{"damage":49,"enemies":"Hexaghost","floor":16,"turns":9},{"damage":56,"enemies":"Shell Parasite","floor":18,"turns":3},{"damage":0,"enemies":"Spheric Guardian","floor":19,"turns":3},{"damage":31,"enemies":"Snecko","floor":21,"turns":5},{"damage":59,"enemies":"Gremlin Leader","floor":23,"turns":5},{"damage":24,"enemies":"Shelled Parasite and Fungi","floor":24,"turns":5},{"damage":19,"enemies":"Centurion and Healer","floor":25,"turns":6},{"damage":21,"enemies":"Chosen and Byrds","floor":27,"turns":6},{"damage":15,"enemies":"Snake Plant","floor":28,"turns":2},{"damage":8,"enemies":"Sentry and Sphere","floor":29,"turns":4},{"damage":182,"enemies":"Centurion and Healer","floor":30,"turns":14}],"seed_played":"-5009918356691548442","potions_obtained":[{"floor":3,"key":"Weak Potion"},{"floor":4,"key":"Block Potion"},{"floor":6,"key":"GamblersBrew"},{"floor":19,"key":"Strength Potion"},{"floor":24,"key":"Energy Potion"},{"floor":25,"key":"AttackPotion"},{"floor":27,"key":"LiquidMemories"},{"floor":28,"key":"DuplicationPotion"}],"is_trial":false,"path_per_floor":["M","T","M","M","M","E","R","$","T","R","$","?","M","?","R","B",null,"M","M","$","M","$","E","M","M","T","M","M","M","M"],"character_chosen":"REMILIA","items_purchased":["ScarletMeister","Stigmanizer","DollysMirror"],"campfire_rested":0,"item_purchase_floors":[11,11,22],"current_hp_per_floor":[75,75,72,75,75,75,75,75,75,75,75,68,64,64,64,73,75,39,51,51,53,53,36,42,64,64,70,67,69,0,0],"gold":97,"neow_bonus":"","is_daily":false,"chose_seed":false,"campfire_upgraded":3,"win_rate":0.0,"timestamp":1613107036,"path_taken":["M","?","?","M","M","E","R","$","T","R","$","?","M","?","R","BOSS","M","M","?","M","$","E","M","M","T","M","M","M","M"],"items_purchased_type":["Card","Card","Relic"],"build_version":"2020-12-22","purchased_purges":1,"victory":false,"max_hp_per_floor":[75,75,75,75,75,75,75,75,75,75,75,75,75,75,75,75,75,75,75,75,75,75,75,75,75,75,75,75,75,75,75],"card_choices":[{"not_picked":["OSAHOGD","OldLady"],"picked":"DreamingCurrent","floor":1},{"not_picked":["ScarletImprint","ScarletDevil"],"picked":"BloodHunter","floor":1},{"not_picked":["NakedNest","Yin"],"picked":"LittlePrince","floor":3},{"not_picked":["EternalNight","MastersStateliness"],"picked":"DiffusionOfMisfortune","floor":3},{"not_picked":["OSAHOGD","CherryBlossoms"],"picked":"ShyLook","floor":4},{"not_picked":["ScarletImprint","ScarletCoffin"],"picked":"EndlessAdversity","floor":4},{"not_picked":["BeautyBeast","CrumblingArmor"],"picked":"FieryBird","floor":5},{"not_picked":["CharismaGuard","VampireKiss"],"picked":"BombardNight","floor":5},{"not_picked":["BloodHunter","Maim"],"picked":"MastersStateliness","floor":6},{"not_picked":["ScarletDevil","FavorOfDestiny"],"picked":"Stigmanizer","floor":13},{"not_picked":["UniverseFragment","CherryBlossoms"],"picked":"Rudolta","floor":16},{"not_picked":["HellCatastrophe","ScarletMeister"],"picked":"KillingBlow","floor":16},{"not_picked":["BigBadWolf","WallGazer"],"picked":"BigBird","floor":18},{"not_picked":["ScarletDream","HunterOfTheNight"],"picked":"EndlessAdversity","floor":18},{"not_picked":["HeroicMonk","RedShoes"],"picked":"QueenOfHatred","floor":19},{"not_picked":["BloodyMagicSquare","GlobalNightmare+1"],"picked":"DiffusionOfMisfortune","floor":19},{"not_picked":["DiffusionOfMisfortune","GlobalNightmare"],"picked":"EndlessAdversity","floor":21},{"not_picked":["BloodyTrap","MastersStateliness"],"picked":"MiserableFate","floor":23},{"not_picked":["VampireFantasy","BatForm"],"picked":"RedRainbow","floor":24},{"not_picked":["AfternoonTea","UnderTheZenith"],"picked":"NightDance","floor":25},{"not_picked":["UnderTheZenith+1","Ultimatum"],"picked":"BloodAndWine","floor":27},{"not_picked":["ScarletNetherworld","ScarletSymphony"],"picked":"BombardNight+1","floor":28},{"not_picked":["GalaxyChild","Mercenary"],"picked":"MeltingLove","floor":29},{"not_picked":["BloodAndWine","EmergencyRegeneration"],"picked":"DemonKingCradle","floor":29}],"player_experience":91009,"relics_obtained":[{"floor":2,"key":"Bronze Scales"},{"floor":6,"key":"Anchor"},{"floor":9,"key":"Mercury Hourglass"},{"floor":23,"key":"White Beast Statue"},{"floor":26,"key":"Bird Faced Urn"}],"event_choices":[{"cards_removed":["Strike_RM"],"damage_healed":0,"gold_gain":0,"player_choice":"Card Removal","damage_taken":7,"max_hp_gain":0,"max_hp_loss":0,"event_name":"Golden Wing","floor":12,"gold_loss":0},{"cards_removed":["Strike_RM"],"damage_healed":0,"gold_gain":0,"player_choice":"Purged","damage_taken":0,"max_hp_gain":0,"max_hp_loss":0,"event_name":"Purifier","floor":14,"gold_loss":0}],"is_beta":false,"boss_relics":[{"not_picked":["Astrolabe","Velvet Choker"],"picked":"APieceOfRedMist"}],"items_purged_floors":[8],"is_endless":false,"potions_floor_spawned":[3,4,6,19,24,25,27,28,29],"killed_by":"Centurion and Healer","ascension_level":0}}