{"host":"pdq28s6637cpsst2","time":1613163217,"event":{"mods":["BaseMod","Colored Map","Highlight Path","Minty Spire (QoL Compilation)","Permanent Neow","Quick Restart"],"gold_per_floor":[117,136,150,52,52,52,77,77,77,77,110,125,141,164,164,260,260,273,273,292,308,322,322,339,339,339,359,375,403,428,66,66,170,170,181,194,244,257,273,308,308,335,335,38,38,50,85,85,85,85,85],"floor_reached":50,"language":"ENG","playtime":5705,"items_purged":["Strike_P"],"score":650,"play_id":"4e30bd7e-7755-4883-b465-b9c383f21f77","local_time":"20210212155337","is_ascension_mode":true,"campfire_choices":[{"data":"Crescendo","floor":6.0,"key":"SMITH"},{"floor":8.0,"key":"REST"},{"data":"Meditate","floor":10.0,"key":"SMITH"},{"floor":15.0,"key":"REST"},{"data":"Blasphemy","floor":23.0,"key":"SMITH"},{"data":"CutThroughFate","floor":25.0,"key":"SMITH"},{"floor":32.0,"key":"REST"},{"floor":41.0,"key":"REST"},{"floor":49.0,"key":"RECALL"}],"circlet_count":0,"master_deck":["Strike_P","Strike_P+1","Strike_P","Defend_P","Defend_P","Defend_P","Defend_P+1","Eruption+1","Vigilance","WindmillStrike","Crescendo+1","FlurryOfBlows","Consecrate","Meditate+1","CutThroughFate+1","Wireheading","Blasphemy+1","LikeWater+1","WreathOfFlame","Tantrum","TalkToTheHand","EmptyMind+1","ThirdEye+1","SandsOfTime","Scrawl","FlyingSleeves+1","CarveReality+1","FlyingSleeves+1","CutThroughFate","Enlightenment","FlurryOfBlows+1"],"relics":["PureWater","StoneCalendar","Thread and Needle","Oddly Smooth Stone","Potion Belt","SlaversCollar","Bottled Tornado","MawBank","Lizard Tail","Runic Pyramid","Gambling Chip","Unceasing Top","Anchor","TungstenRod","Bag of Marbles"],"acts_visited":["Exordium","TheCity","TheBeyond"],"potions_floor_usage":[],"damage_taken":[{"damage":0.0,"enemies":"Cultist","floor":1.0,"turns":2.0},{"damage":2.0,"enemies":"Small Slimes","floor":2.0,"turns":3.0},{"damage":0.0,"enemies":"Jaw Worm","floor":3.0,"turns":4.0},{"damage":31.0,"enemies":"3 Sentries","floor":7.0,"turns":9.0},{"damage":6.0,"enemies":"Lagavulin","floor":11.0,"turns":5.0},{"damage":3.0,"enemies":"3 Louse","floor":12.0,"turns":3.0},{"damage":0.0,"enemies":"Large Slime","floor":13.0,"turns":3.0},{"damage":5.0,"enemies":"Slime Boss","floor":16.0,"turns":5.0},{"damage":0.0,"enemies":"Spheric Guardian","floor":18.0,"turns":3.0},{"damage":2.0,"enemies":"Chosen","floor":20.0,"turns":3.0},{"damage":14.0,"enemies":"Snake Plant","floor":21.0,"turns":2.0},{"damage":10.0,"enemies":"Snecko","floor":22.0,"turns":8.0},{"damage":4.0,"enemies":"Centurion and Healer","floor":24.0,"turns":4.0},{"damage":9.0,"enemies":"Shelled Parasite and Fungi","floor":27.0,"turns":3.0},{"damage":21.0,"enemies":"3 Cultists","floor":28.0,"turns":4.0},{"damage":2.0,"enemies":"Book of Stabbing","floor":29.0,"turns":4.0},{"damage":8.0,"enemies":"Chosen and Byrds","floor":30.0,"turns":4.0},{"damage":47.0,"enemies":"Automaton","floor":33.0,"turns":8.0},{"damage":0.0,"enemies":"Orb Walker","floor":35.0,"turns":3.0},{"damage":10.0,"enemies":"3 Darklings","floor":36.0,"turns":3.0},{"damage":0.0,"enemies":"Mind Bloom Boss Battle","floor":37.0,"turns":2.0},{"damage":100015.0,"enemies":"Maw","floor":38.0,"turns":6.0},{"damage":0.0,"enemies":"Transient","floor":39.0,"turns":5.0},{"damage":34.0,"enemies":"Reptomancer","floor":40.0,"turns":5.0},{"damage":3.0,"enemies":"Nemesis","floor":42.0,"turns":3.0},{"damage":26.0,"enemies":"4 Shapes","floor":46.0,"turns":4.0},{"damage":0.0,"enemies":"Reptomancer","floor":47.0,"turns":2.0},{"damage":14,"enemies":"Time Eater","floor":50,"turns":4}],"seed_played":"-8786046791708031743","potions_obtained":[{"floor":1.0,"key":"ColorlessPotion"},{"floor":2.0,"key":"Explosive Potion"},{"floor":13.0,"key":"Block Potion"},{"floor":16.0,"key":"BottledMiracle"},{"floor":20.0,"key":"SkillPotion"},{"floor":22.0,"key":"ColorlessPotion"},{"floor":24.0,"key":"Fire Potion"},{"floor":28.0,"key":"FairyPotion"},{"floor":30.0,"key":"BottledMiracle"},{"floor":38.0,"key":"BottledMiracle"},{"floor":39.0,"key":"Regen Potion"},{"floor":40.0,"key":"Explosive Potion"},{"floor":42.0,"key":"SpeedPotion"}],"is_trial":false,"path_per_floor":["M","M","M","$","?","R","E","R","T","R","E","M","M","T","R","B",null,"M","?","M","M","M","R","M","R","T","M","M","E","M","$","R","B",null,"M","M","?","M","M","E","R","E","T","$","?","M","E","?","R","B"],"character_chosen":"WATCHER","items_purchased":["FlurryOfBlows","Consecrate","Lizard Tail","TungstenRod"],"campfire_rested":4,"item_purchase_floors":[4,4,31,44],"current_hp_per_floor":[72,70,70,70,56,56,25,46,46,46,40,37,37,37,58,53,72,72,72,70,56,46,46,42,42,42,33,12,10,2,2,23,21,72,72,62,62,36,36,14,35,32,32,32,32,6,6,6,6,0,0],"gold":85,"neow_bonus":"UPGRADE_CARD","is_daily":false,"chose_seed":false,"campfire_upgraded":4,"win_rate":0.0,"timestamp":1613163217,"path_taken":["M","M","M","?","?","R","E","R","T","R","E","M","M","?","R","BOSS","M","?","M","M","M","R","M","R","T","M","M","E","M","$","R","BOSS","M","M","?","M","M","E","R","E","T","$","?","M","E","?","R","BOSS"],"items_purchased_type":["Card","Card","Relic","Relic"],"build_version":"2020-12-22","purchased_purges":1,"victory":false,"max_hp_per_floor":[72,72,72,72,72,72,72,72,72,72,72,72,72,72,72,72,72,72,72,72,72,72,72,72,72,72,72,72,72,72,72,72,72,72,72,72,72,72,72,72,72,72,72,72,72,72,72,72,72,72,72],"card_choices":[{"not_picked":["Weave","BowlingBash"],"picked":"WindmillStrike","floor":1.0},{"not_picked":["WaveOfTheHand","Pray","JustLucky"],"picked":"SKIP","floor":2.0},{"not_picked":["PathToVictory","EmptyMind"],"picked":"Crescendo","floor":3.0},{"not_picked":["Fasting2","PathToVictory"],"picked":"Meditate","floor":7.0},{"not_picked":["FearNoEvil","Vault"],"picked":"CutThroughFate","floor":11.0},{"not_picked":["Study","BowlingBash","Halt"],"picked":"SKIP","floor":12.0},{"not_picked":["Sanctity","Perseverance"],"picked":"Wireheading","floor":13.0},{"not_picked":["Scrawl","Vault"],"picked":"Blasphemy","floor":16.0},{"not_picked":["FlyingSleeves","Crescendo"],"picked":"LikeWater+1","floor":18.0},{"not_picked":["Adaptation","Pray+1"],"picked":"WreathOfFlame","floor":20.0},{"not_picked":["Swivel","EmptyMind","WindmillStrike"],"picked":"SKIP","floor":21.0},{"not_picked":["Perseverance","PathToVictory"],"picked":"Tantrum","floor":22.0},{"not_picked":["MentalFortress","FlyingSleeves"],"picked":"TalkToTheHand","floor":24.0},{"not_picked":["BowlingBash","ClearTheMind","Study+1"],"picked":"SKIP","floor":27.0},{"not_picked":["Wallop","EmptyBody"],"picked":"EmptyMind+1","floor":28.0},{"not_picked":["Consecrate","PathToVictory"],"picked":"ThirdEye+1","floor":29.0},{"not_picked":["Perseverance","WaveOfTheHand"],"picked":"SandsOfTime","floor":30.0},{"not_picked":["MasterReality","Omniscience"],"picked":"Scrawl","floor":33.0},{"not_picked":["TalkToTheHand+1","CutThroughFate"],"picked":"FlyingSleeves+1","floor":35.0},{"not_picked":["MentalFortress","Meditate","Pray+1"],"picked":"SKIP","floor":36.0},{"not_picked":["FlyingSleeves","EmptyBody"],"picked":"CarveReality+1","floor":37.0},{"not_picked":["Protect","EmptyBody+1"],"picked":"FlyingSleeves+1","floor":38.0},{"not_picked":["PathToVictory","EmptyFist"],"picked":"CutThroughFate","floor":39.0},{"not_picked":["PathToVictory","Indignation","EmptyBody+1"],"picked":"SKIP","floor":40.0},{"not_picked":["EmptyFist+1","FollowUp","Meditate+1"],"picked":"SKIP","floor":42.0},{"not_picked":["Jack Of All Trades","Chrysalis"],"picked":"Enlightenment","floor":45.0},{"not_picked":["Crescendo","EmptyFist+1"],"picked":"FlurryOfBlows+1","floor":46.0},{"not_picked":["LikeWater+1","Wireheading+1","Weave"],"picked":"SKIP","floor":47.0}],"player_experience":167145,"relics_obtained":[{"floor":7.0,"key":"StoneCalendar"},{"floor":9.0,"key":"Thread and Needle"},{"floor":11.0,"key":"Oddly Smooth Stone"},{"floor":14.0,"key":"Potion Belt"},{"floor":26.0,"key":"Bottled Tornado"},{"floor":29.0,"key":"MawBank"},{"floor":37.0,"key":"Gambling Chip"},{"floor":40.0,"key":"Unceasing Top"},{"floor":42.0,"key":"Anchor"},{"floor":47.0,"key":"Bag of Marbles"}],"event_choices":[{"damage_healed":0.0,"max_hp_gain":0.0,"max_hp_loss":0.0,"gold_gain":0.0,"event_name":"Shining Light","player_choice":"Entered Light","floor":5.0,"gold_loss":0.0,"damage_taken":14.0,"cards_upgraded":["Defend_P","Strike_P"]},{"damage_healed":0.0,"max_hp_gain":0.0,"max_hp_loss":0.0,"gold_gain":0.0,"event_name":"Ghosts","player_choice":"Ignored","floor":19.0,"gold_loss":0.0,"damage_taken":0.0},{"damage_healed":0.0,"max_hp_gain":0.0,"max_hp_loss":0.0,"gold_gain":0.0,"event_name":"MindBloom","player_choice":"Fight","floor":37.0,"gold_loss":0.0,"damage_taken":0.0},{"damage_healed":0.0,"max_hp_gain":0.0,"max_hp_loss":0.0,"gold_gain":0.0,"event_name":"SensoryStone","player_choice":"Memory 1","floor":45.0,"gold_loss":0.0,"damage_taken":0.0},{"damage_healed":0.0,"max_hp_gain":0.0,"max_hp_loss":0.0,"gold_gain":0.0,"event_name":"Match and Keep!","player_choice":"0 cards matched","floor":48.0,"gold_loss":0.0,"damage_taken":0.0,"cards_obtained":[]}],"is_beta":false,"boss_relics":[{"not_picked":["Philosopher\u0027s Stone","Runic Dome"],"picked":"SlaversCollar"},{"not_picked":["VioletLotus","Calling Bell"],"picked":"Runic Pyramid"}],"items_purged_floors":[31],"is_endless":false,"potions_floor_spawned":[1,2,13,16,20,22,24,28,30,38,39,40,42],"killed_by":"Time Eater","ascension_level":2}}