{"host":"o6nndy8fvkon49s1","time":1613149989,"event":{"mods":["BaseMod","CapriCore","Hermit","Marisa????????","Minty Spire (QoL Compilation)","Prisma Mod","StSLib","Td1madao Mod","The Administrix","The Fake Hero","The Forsaken","The Immortal","The Marked","The Necromancer","The Servant 0.9.4"],"gold_per_floor":[113,113,126,126,0,0,20,20,94,109,109,73,86,119,119,119,119,119],"floor_reached":16,"language":"ENG","playtime":523,"items_purged":[],"score":90,"play_id":"15302a65-373f-4068-8358-0d4538366c33","local_time":"20210212111309","is_ascension_mode":false,"campfire_choices":[{"floor":6,"key":"REST"},{"data":"MokouMod:Ember","floor":11,"key":"SMITH"},{"floor":15,"key":"REST"}],"circlet_count":0,"master_deck":["MokouMod:Strike","MokouMod:Strike","MokouMod:Strike","MokouMod:Strike","MokouMod:Strike","MokouMod:Defend","MokouMod:Defend","MokouMod:Defend","MokouMod:Defend","MokouMod:HeatSpark","MokouMod:FlamingFireTalons","MokouMod:TemporalFireSeal","MokouMod:Burn","MokouMod:IgnitionBlast","MokouMod:Ember+1","MokouMod:ResonanceReactor","MokouMod:ScorchingColumn"],"relics":["MokouMod:PhoenixFeather","Golden Idol","Toxic Egg 2","Odd Mushroom"],"acts_visited":["Exordium"],"potions_floor_usage":[14,14],"damage_taken":[{"damage":6,"enemies":"Jaw Worm","floor":1,"turns":4},{"damage":1,"enemies":"2 Louse","floor":3,"turns":2},{"damage":8,"enemies":"Small Slimes","floor":7,"turns":3},{"damage":18,"enemies":"Blue Slaver","floor":10,"turns":4},{"damage":16,"enemies":"Exordium Thugs","floor":13,"turns":4},{"damage":15,"enemies":"The Mushroom Lair","floor":14,"turns":4},{"damage":93,"enemies":"Hexaghost","floor":16,"turns":14}],"seed_played":"1996158415931888625","potions_obtained":[{"floor":1,"key":"SmokeBomb"},{"floor":3,"key":"AttackPotion"}],"is_trial":false,"path_per_floor":["M","?","M","?","$","R","M","?","T","M","R","?","M","?","R","B"],"character_chosen":"MKU","items_purchased":["MokouMod:Burn","ColorlessPotion"],"campfire_rested":2,"item_purchase_floors":[5,5],"current_hp_per_floor":[76,76,75,55,55,79,71,71,71,53,53,53,37,22,46,14,14,14],"gold":119,"neow_bonus":"TEN_PERCENT_HP_BONUS","is_daily":false,"chose_seed":false,"campfire_upgraded":1,"win_rate":0.0,"timestamp":1613149989,"path_taken":["M","?","M","?","$","R","M","?","T","M","R","?","M","?","R","BOSS"],"items_purchased_type":["Card","Potion"],"build_version":"2020-12-22","purchased_purges":0,"victory":false,"max_hp_per_floor":[82,82,82,82,82,82,82,82,82,82,82,82,82,82,82,82,82,82],"card_choices":[{"not_picked":["MokouMod:FujiyamaVolcano","MokouMod:SearingShot"],"picked":"MokouMod:FlamingFireTalons","floor":1},{"not_picked":["MokouMod:Firecracker","MokouMod:AdaptivePyromancy"],"picked":"MokouMod:TemporalFireSeal","floor":3},{"not_picked":["MokouMod:FujiyamaVolcano","MokouMod:Cataclysm"],"picked":"MokouMod:IgnitionBlast","floor":7},{"not_picked":["MokouMod:Stoke+1","MokouMod:CrimsonFlare"],"picked":"MokouMod:Ember","floor":10},{"not_picked":["MokouMod:Firecracker+1","MokouMod:ShiftIgnition+1"],"picked":"MokouMod:ResonanceReactor","floor":13},{"not_picked":["MokouMod:Overheat+1","MokouMod:PhoenixForm"],"picked":"MokouMod:ScorchingColumn","floor":14}],"player_experience":229046,"relics_obtained":[{"floor":9,"key":"Toxic Egg 2"},{"floor":14,"key":"Odd Mushroom"}],"event_choices":[{"damage_healed":0,"gold_gain":0,"player_choice":"Leave","damage_taken":0,"max_hp_gain":0,"max_hp_loss":0,"event_name":"The Cleric","floor":2,"gold_loss":0},{"damage_healed":0,"gold_gain":0,"player_choice":"Take Damage","damage_taken":20,"relics_obtained":["Golden Idol"],"max_hp_gain":0,"max_hp_loss":0,"event_name":"Golden Idol","floor":4,"gold_loss":0},{"damage_healed":0,"gold_gain":0,"player_choice":"Ignored","damage_taken":0,"max_hp_gain":0,"max_hp_loss":0,"event_name":"Liars Game","floor":8,"gold_loss":0},{"damage_healed":0,"gold_gain":0,"player_choice":"Left Gold","damage_taken":0,"max_hp_gain":0,"max_hp_loss":0,"event_name":"World of Goop","floor":12,"gold_loss":36},{"damage_healed":0,"gold_gain":0,"player_choice":"Fought Mushrooms","damage_taken":0,"max_hp_gain":0,"max_hp_loss":0,"event_name":"Mushrooms","floor":14,"gold_loss":0}],"is_beta":false,"boss_relics":[],"items_purged_floors":[],"is_endless":false,"potions_floor_spawned":[1,3,10],"killed_by":"Hexaghost","ascension_level":0}}