{"host":"fkig9nrckec4xsh0","time":1613101072,"event":{"mods":["Act Like it!","BaseMod","Colored Map","Gensokyo","Hermit","Marisa????????","Minty Spire (QoL Compilation)","Quick Restart","Replay The Spire","StSLib"],"gold_per_floor":[114,214,224,224,154,154,180,44,44,79,78,411,89,302,302,302,302],"floor_reached":16,"language":"ENG","playtime":647,"items_purged":["Pain","Injury"],"score":224,"play_id":"a43e1dc2-595d-4aeb-903f-769f3a4c5e28","local_time":"20210211223752","is_ascension_mode":true,"campfire_choices":[{"data":"Neutralize","floor":6,"key":"SMITH"},{"data":"Draining Mist","floor":15,"key":"SMITH"}],"circlet_count":0,"master_deck":["AscendersBane","Strike_G","Strike_G+1","Strike_G","Strike_G","Strike_G","Defend_G","Defend_G+1","Defend_G+1","Defend_G","Defend_G+1","Survivor","Neutralize+1","Dagger Throw","Pot Of Greed","Pot Of Greed","Draining Mist+1","A Thousand Cuts+1","Fluid Movement+1","Adrenaline","Pot Of Greed","Backflip","Footwork+1","Acrobatics"],"relics":["Ring of the Snake","NeowsBlessing","War Paint","Grinning Jar","Frozen Egg 2","MealTicket","ReplayTheSpireMod:CursedCoin","ReplayTheSpireMod:TigerMarble","Pet Ghost","Lantern"],"acts_visited":["Exordium"],"potions_floor_usage":[10,10],"damage_taken":[{"damage":0,"enemies":"Gensokyo:3_Fairies","floor":1,"turns":1},{"damage":0,"enemies":"Gensokyo:Python","floor":3,"turns":1},{"damage":0,"enemies":"Gensokyo:Cirno","floor":7,"turns":2},{"damage":7,"enemies":"Gensokyo:Mamizou","floor":10,"turns":12},{"damage":49,"enemies":"Gensokyo:Aya","floor":12,"turns":8},{"damage":6,"enemies":"Gensokyo:Gryphon","floor":14,"turns":3},{"damage":30,"enemies":"Gensokyo:Yukari","floor":16,"turns":6}],"seed_played":"-82370536217143036","potions_obtained":[{"floor":3,"key":"Swift Potion"},{"floor":7,"key":"Adrenaline Potion"},{"floor":14,"key":"LiquidBronze"}],"is_trial":false,"path_per_floor":["M","?","M","?","?","R","E","COS","T","E","$","E","$","M","R","B"],"character_chosen":"THE_SILENT","items_purchased":["ReplayTheSpireMod:CursedCoin","Fluid Movement+1","Lantern","Footwork+1"],"campfire_rested":0,"item_purchase_floors":[11,11,13,13],"current_hp_per_floor":[59,59,59,59,59,59,59,59,59,52,66,17,32,26,26,0,0],"gold":302,"neow_bonus":"THREE_ENEMY_KILL","is_daily":false,"chose_seed":false,"campfire_upgraded":2,"win_rate":0.0,"timestamp":1613101072,"path_taken":["M","?","?","?","?","R","E","COS","T","E","?","E","$","?","R","BOSS"],"items_purchased_type":["Relic","Card","Relic","Card"],"build_version":"2020-12-22","purchased_purges":2,"victory":false,"max_hp_per_floor":[66,66,66,66,66,66,66,66,66,66,66,66,66,66,66,66,66],"card_choices":[{"not_picked":["Cloak And Dagger","Expertise","Finisher"],"picked":"SKIP","floor":1},{"not_picked":["Deflect","Dagger Spray"],"picked":"Dagger Throw","floor":3},{"not_picked":["Prepared","Blade Dance"],"picked":"Draining Mist","floor":7},{"not_picked":["Sucker Punch","Flechettes"],"picked":"A Thousand Cuts+1","floor":10},{"not_picked":["Night Terror","Atom Bomb"],"picked":"Adrenaline","floor":12},{"not_picked":["Underhanded Strike","PiercingWail"],"picked":"Backflip","floor":12},{"not_picked":["PiercingWail","Bane"],"picked":"Acrobatics","floor":14}],"player_experience":423614,"relics_obtained":[{"floor":7,"key":"Grinning Jar"},{"floor":9,"key":"Frozen Egg 2"},{"floor":10,"key":"MealTicket"},{"floor":12,"key":"Pet Ghost"}],"event_choices":[],"is_beta":false,"boss_relics":[],"items_purged_floors":[11,13],"is_endless":false,"potions_floor_spawned":[3,7,14],"killed_by":"Gensokyo:Yukari","ascension_level":15}}