{"host":"qc268ltokmxwqyrx","time":1613104497,"event":{"mods":["BaseMod","Colored Map","Colored Powertips","Minty Spire (QoL Compilation)","Relic Stats","Slay the Relics Exporter","StSLib","ojb\u0027s Info Mod"],"gold_per_floor":[111,111,186,29,29,29,55,65,91,118,118,129,158,170,170,248,248,263,163,78,78,97,128,159,159,182,182,211,230,230,59,59,132,132,145,164,184,184,406,431,449,449,449,478,16,27,27,27,27,27,27],"floor_reached":50,"language":"ENG","playtime":3976,"items_purged":["Strike_G","Strike_G","Strike_G"],"score":1233,"play_id":"af8a4280-9624-4e85-9168-9d2f7ccff6a7","local_time":"20210211223457","is_ascension_mode":true,"campfire_choices":[{"data":"Quick Slash","floor":6.0,"key":"SMITH"},{"data":"Bouncing Flask","floor":11.0,"key":"SMITH"},{"data":"Skewer","floor":15.0,"key":"SMITH"},{"data":"Leg Sweep","floor":25.0,"key":"SMITH"},{"data":"Storm of Steel","floor":27.0,"key":"SMITH"},{"data":"Venomology","floor":30.0,"key":"SMITH"},{"data":"Calculated Gamble","floor":32.0,"key":"SMITH"},{"data":"Strike_G","floor":42,"key":"PURGE"},{"floor":49,"key":"RECALL"}],"circlet_count":0,"master_deck":["AscendersBane","Strike_G","Defend_G+1","Defend_G","Defend_G","Defend_G","Defend_G","Survivor","Neutralize","Calculated Gamble+1","Poisoned Stab+1","Quick Slash+1","Leg Sweep+1","Deadly Poison","Bouncing Flask+1","Predator","Dagger Spray","Skewer+1","Storm of Steel+1","Dagger Spray+1","Venomology+1","Eviscerate+1","Tools of the Trade","PiercingWail","Acrobatics","Impatience","Acrobatics","PiercingWail"],"relics":["Ring of the Snake","NeowsBlessing","Vajra","Anchor","Toy Ornithopter","Gambling Chip","Coffee Dripper","Akabeko","Enchiridion","Pantograph","Red Mask","Omamori","MealTicket","Sling","Calling Bell","Bronze Scales","Mummified Hand","Peace Pipe","Mango","Ancient Tea Set","TwistedFunnel","Snake Skull"],"acts_visited":["Exordium","TheCity","TheBeyond"],"potions_floor_usage":[33,33,36,37,40,40,50,50],"damage_taken":[{"damage":0.0,"enemies":"2 Louse","floor":1.0,"turns":1.0},{"damage":0.0,"enemies":"Gremlin Nob","floor":7.0,"turns":1.0},{"damage":0.0,"enemies":"Jaw Worm","floor":8.0,"turns":1.0},{"damage":7.0,"enemies":"Lagavulin","floor":10.0,"turns":6.0},{"damage":0.0,"enemies":"Small Slimes","floor":12.0,"turns":2.0},{"damage":7.0,"enemies":"3 Sentries","floor":13.0,"turns":8.0},{"damage":0.0,"enemies":"Blue Slaver","floor":14.0,"turns":2.0},{"damage":29.0,"enemies":"Slime Boss","floor":16.0,"turns":9.0},{"damage":4.0,"enemies":"Chosen","floor":18.0,"turns":3.0},{"damage":1.0,"enemies":"2 Thieves","floor":22.0,"turns":3.0},{"damage":13.0,"enemies":"Book of Stabbing","floor":23.0,"turns":4.0},{"damage":8.0,"enemies":"Masked Bandits","floor":24.0,"turns":3.0},{"damage":0.0,"enemies":"Slavers","floor":28.0,"turns":3.0},{"damage":0.0,"enemies":"3 Cultists","floor":29.0,"turns":3.0},{"damage":68,"enemies":"Automaton","floor":33,"turns":10},{"damage":0,"enemies":"3 Shapes","floor":35,"turns":6},{"damage":0,"enemies":"Orb Walker","floor":36,"turns":1},{"damage":0,"enemies":"Jaw Worm Horde","floor":37,"turns":2},{"damage":46,"enemies":"Giant Head","floor":40,"turns":6},{"damage":0,"enemies":"Sphere and 2 Shapes","floor":41,"turns":5},{"damage":29,"enemies":"Nemesis","floor":44,"turns":5},{"damage":12,"enemies":"Spire Growth","floor":46,"turns":3},{"damage":78,"enemies":"Time Eater","floor":50,"turns":8}],"seed_played":"-351836800728814538","potions_obtained":[{"floor":1.0,"key":"Fruit Juice"},{"floor":8.0,"key":"SpeedPotion"},{"floor":14.0,"key":"Ancient Potion"},{"floor":16.0,"key":"Fire Potion"},{"floor":18.0,"key":"Block Potion"},{"floor":22.0,"key":"SneckoOil"},{"floor":33,"key":"SteroidPotion"},{"floor":35,"key":"CultistPotion"},{"floor":40,"key":"SteroidPotion"}],"is_trial":false,"path_per_floor":["M","?","?","$","?","R","E","M","T","E","R","M","E","M","R","B",null,"M","$","?","?","M","E","?","R","T","R","E","M","R","$","R","B",null,"M","M","M","?","?","E","M","R","T","E","$","M","?","$","R","B"],"character_chosen":"THE_SILENT","items_purchased":["Poisoned Stab","Quick Slash","Sling","TwistedFunnel","Snake Skull"],"campfire_rested":0,"item_purchase_floors":[4,4,31,45,45],"current_hp_per_floor":[59,64,53,53,32,32,32,32,32,25,25,25,23,23,23,4,58,54,54,54,33,32,29,21,21,21,21,21,21,21,36,36,3,58,58,63,68,58,58,36,36,36,36,7,22,10,28,43,43,0,0],"gold":27,"neow_bonus":"THREE_ENEMY_KILL","is_daily":false,"chose_seed":false,"campfire_upgraded":7,"win_rate":0.0,"timestamp":1613104497,"path_taken":["M","?","?","$","?","R","E","M","T","E","R","M","E","M","R","BOSS","M","$","?","?","M","E","?","R","T","R","E","M","R","?","R","BOSS","M","M","M","?","?","E","M","R","T","E","$","M","?","$","R","BOSS"],"items_purchased_type":["Card","Card","Relic","Relic","Relic"],"build_version":"2020-12-22","purchased_purges":3,"victory":false,"max_hp_per_floor":[66,71,71,71,71,71,71,71,71,71,71,71,71,71,71,76,76,76,76,76,76,76,76,76,76,76,76,76,76,76,76,76,76,76,76,76,76,76,76,90,90,90,90,90,90,90,90,90,90,90,90],"relic_stats":{"Peace Pipe":2,"counters":[23,95],"Mummified Hand":[18],"Gambling Chip":[91],"Pantograph":50,"Bronze Scales":[80],"MealTicket":45,"Snake Skull":[18],"obtain_stats":[{"TwistedFunnel":45,"NeowsBlessing":0,"Vajra":7,"Enchiridion":21,"Mango":40,"Snake Skull":45,"Omamori":26,"Sling":31,"Ancient Tea Set":44,"Akabeko":20,"Calling Bell":34,"Peace Pipe":34,"Anchor":9,"Mummified Hand":34,"Gambling Chip":13,"Pantograph":23,"Bronze Scales":34,"MealTicket":28,"Coffee Dripper":17,"Red Mask":24,"Toy Ornithopter":10,"Ring of the Snake":0},{"TwistedFunnel":21,"NeowsBlessing":0,"Vajra":2,"Enchiridion":9,"Mango":19,"Snake Skull":21,"Omamori":12,"Sling":14,"Ancient Tea Set":21,"Akabeko":9,"Calling Bell":15,"Peace Pipe":15,"Anchor":3,"Mummified Hand":15,"Gambling Chip":6,"Pantograph":11,"Bronze Scales":15,"MealTicket":13,"Coffee Dripper":8,"Red Mask":12,"Toy Ornithopter":4,"Ring of the Snake":0},{"TwistedFunnel":84,"NeowsBlessing":0,"Vajra":2,"Enchiridion":33,"Mango":74,"Snake Skull":84,"Omamori":43,"Sling":49,"Ancient Tea Set":84,"Akabeko":33,"Calling Bell":59,"Peace Pipe":59,"Anchor":3,"Mummified Hand":59,"Gambling Chip":19,"Pantograph":40,"Bronze Scales":59,"MealTicket":46,"Coffee Dripper":30,"Red Mask":43,"Toy Ornithopter":9,"Ring of the Snake":0}],"Toy Ornithopter":60,"Ring of the Snake":[46]},"card_choices":[{"not_picked":["Acrobatics","Caltrops"],"picked":"Calculated Gamble","floor":1.0},{"not_picked":["Infinite Blades","Blur"],"picked":"Leg Sweep","floor":7.0},{"not_picked":["Dodge and Roll","Choke"],"picked":"Deadly Poison","floor":8.0},{"not_picked":["Blur","Sucker Punch"],"picked":"Bouncing Flask","floor":10.0},{"not_picked":["Underhanded Strike","Dodge and Roll"],"picked":"Predator","floor":12.0},{"not_picked":["Underhanded Strike","Escape Plan"],"picked":"Dagger Spray","floor":13.0},{"not_picked":["Caltrops","Acrobatics"],"picked":"Skewer","floor":14.0},{"not_picked":["Unload","Bullet Time"],"picked":"Storm of Steel","floor":16.0},{"not_picked":["Flying Knee","Slice","Quick Slash"],"picked":"SKIP","floor":18.0},{"not_picked":["Dagger Throw","Cloak And Dagger","Dodge and Roll"],"picked":"SKIP","floor":22.0},{"not_picked":["Quick Slash","Flying Knee","Poisoned Stab"],"picked":"SKIP","floor":23.0},{"not_picked":["Poisoned Stab","Dagger Throw"],"picked":"Dagger Spray+1","floor":24.0},{"not_picked":["Cloak And Dagger","Riddle With Holes"],"picked":"Venomology","floor":28.0},{"not_picked":["Deflect+1","Outmaneuver"],"picked":"Eviscerate+1","floor":29.0},{"not_picked":["Grand Finale","Storm of Steel"],"picked":"Tools of the Trade","floor":33},{"not_picked":["Sucker Punch+1","Reflex"],"picked":"PiercingWail","floor":35},{"not_picked":["Bane","Quick Slash"],"picked":"Acrobatics","floor":36},{"not_picked":["Flechettes","Cloak And Dagger","Outmaneuver+1"],"picked":"SKIP","floor":37},{"not_picked":["Panacea","Finesse"],"picked":"Impatience","floor":38},{"not_picked":["Backflip","Flying Knee+1","Dagger Spray"],"picked":"SKIP","floor":40},{"not_picked":["Deadly Poison","Leg Sweep+1"],"picked":"Acrobatics","floor":41},{"not_picked":["Blade Dance","Acrobatics","Finisher"],"picked":"SKIP","floor":44},{"not_picked":["Backstab","Dodge and Roll"],"picked":"PiercingWail","floor":46}],"player_experience":1821172,"relics_obtained":[{"floor":7.0,"key":"Vajra"},{"floor":9.0,"key":"Anchor"},{"floor":10.0,"key":"Toy Ornithopter"},{"floor":13.0,"key":"Gambling Chip"},{"floor":21.0,"key":"Enchiridion"},{"floor":23.0,"key":"Pantograph"},{"floor":24.0,"key":"Red Mask"},{"floor":26.0,"key":"Omamori"},{"floor":28.0,"key":"MealTicket"},{"floor":34,"key":"Bronze Scales"},{"floor":34,"key":"Mummified Hand"},{"floor":34,"key":"Peace Pipe"},{"floor":40,"key":"Mango"},{"floor":44,"key":"Ancient Tea Set"}],"event_choices":[{"damage_healed":0.0,"max_hp_gain":5.0,"max_hp_loss":0.0,"gold_gain":0.0,"event_name":"Big Fish","player_choice":"Donut","floor":2.0,"gold_loss":0.0,"damage_taken":0.0},{"damage_healed":0.0,"max_hp_gain":0.0,"max_hp_loss":0.0,"gold_gain":75.0,"event_name":"World of Goop","player_choice":"Gather Gold","floor":3.0,"gold_loss":0.0,"damage_taken":11.0},{"damage_healed":0.0,"max_hp_gain":0.0,"max_hp_loss":0.0,"gold_gain":0.0,"event_name":"Shining Light","player_choice":"Entered Light","floor":5.0,"gold_loss":0.0,"damage_taken":21.0,"cards_upgraded":["Defend_G","Poisoned Stab"]},{"damage_healed":0.0,"max_hp_gain":0.0,"max_hp_loss":0.0,"gold_gain":0.0,"event_name":"Addict","player_choice":"Obtained Relic","floor":20.0,"gold_loss":85.0,"damage_taken":0.0,"relics_obtained":["Akabeko"]},{"damage_healed":0.0,"max_hp_gain":0.0,"max_hp_loss":0.0,"gold_gain":0.0,"event_name":"Cursed Tome","player_choice":"Obtained Book","floor":21.0,"gold_loss":0.0,"damage_taken":21.0},{"damage_healed":0.0,"max_hp_gain":0.0,"max_hp_loss":0.0,"gold_gain":0.0,"event_name":"Masked Bandits","player_choice":"Fought Bandits","floor":24.0,"gold_loss":0.0,"damage_taken":0.0},{"damage_healed":0,"gold_gain":0,"player_choice":"Memory 3","damage_taken":10,"max_hp_gain":0,"max_hp_loss":0,"event_name":"SensoryStone","floor":38,"gold_loss":0},{"damage_healed":0,"gold_gain":222,"player_choice":"Wore Mask","damage_taken":0,"max_hp_gain":0,"max_hp_loss":0,"event_name":"Tomb of Lord Red Mask","floor":39,"gold_loss":0},{"damage_healed":18,"gold_gain":0,"player_choice":"Writhe","damage_taken":0,"max_hp_gain":0,"max_hp_loss":0,"event_name":"Winding Halls","floor":47,"gold_loss":0,"cards_obtained":["Writhe"]}],"is_beta":false,"boss_relics":[{"not_picked":["Empty Cage","Busted Crown"],"picked":"Coffee Dripper"},{"not_picked":["Philosopher\u0027s Stone","Runic Dome"],"picked":"Calling Bell"}],"items_purged_floors":[4,19,45],"is_endless":false,"potions_floor_spawned":[1,8,14,16,18,22,33,35,40,44],"killed_by":"Time Eater","ascension_level":20}}