{"host":"d52brwsy6af8zvaq","time":1613097905,"event":{"mods":["AchievementEnabler","BaseMod","Bestiary","Highlight Path","Minty Spire (QoL Compilation)","Quick Restart","Relic Stats","ojb\u0027s Better Paths Mod"],"gold_per_floor":[109,119,133,150,160,187,187,202,227,227,227],"floor_reached":10,"language":"ENG","playtime":340,"items_purged":[],"score":144,"play_id":"fbd489a3-1b62-47fa-b4b5-f7436ea29d47","local_time":"20210211194505","is_ascension_mode":true,"campfire_choices":[{"data":"Zap","floor":7.0,"key":"SMITH"}],"circlet_count":0,"master_deck":["AscendersBane","Strike_B","Strike_B","Strike_B","Strike_B","Defend_B","Defend_B","Defend_B","Defend_B","Zap+1","Dualcast","Gash","Go for the Eyes","Streamline","Glacier","Ball Lightning","Self Repair","Capacitor"],"relics":["Cracked Core","Singing Bowl","Juzu Bracelet"],"acts_visited":[],"potions_floor_usage":[8,10],"damage_taken":[{"damage":1.0,"enemies":"Cultist","floor":1.0,"turns":4.0},{"damage":7.0,"enemies":"Small Slimes","floor":2.0,"turns":3.0},{"damage":0.0,"enemies":"2 Louse","floor":3.0,"turns":2.0},{"damage":2.0,"enemies":"2 Fungi Beasts","floor":4.0,"turns":3.0},{"damage":1.0,"enemies":"3 Louse","floor":5.0,"turns":4.0},{"damage":11.0,"enemies":"Lagavulin","floor":6.0,"turns":5.0},{"damage":19,"enemies":"Exordium Thugs","floor":8,"turns":5},{"damage":37,"enemies":"3 Sentries","floor":10,"turns":5}],"seed_played":"1013917463339016808","potions_obtained":[{"floor":4.0,"key":"SkillPotion"},{"floor":5.0,"key":"BlessingOfTheForge"},{"floor":6.0,"key":"Swift Potion"},{"floor":8,"key":"DistilledChaos"}],"is_trial":false,"path_per_floor":["M","M","M","M","M","E","R","M","T","E"],"character_chosen":"DEFECT","items_purchased":[],"campfire_rested":0,"item_purchase_floors":[],"current_hp_per_floor":[70,63,63,61,60,49,49,37,37,0,0],"gold":227,"neow_bonus":"TEN_PERCENT_HP_BONUS","is_daily":false,"chose_seed":false,"campfire_upgraded":1,"win_rate":0.0,"timestamp":1613097905,"path_taken":["M","?","M","M","M","E","R","M","T","E"],"items_purchased_type":[],"build_version":"2020-12-22","purchased_purges":0,"victory":false,"max_hp_per_floor":[78,78,78,78,78,78,78,78,78,78,78],"relic_stats":{"Singing Bowl":0,"counters":[8,31],"Juzu Bracelet":0,"obtain_stats":[{"Singing Bowl":6,"Juzu Bracelet":9,"Cracked Core":0},{"Singing Bowl":6,"Juzu Bracelet":7,"Cracked Core":0},{"Singing Bowl":21,"Juzu Bracelet":26,"Cracked Core":0}]},"card_choices":[{"not_picked":["Conserve Battery","Chaos"],"picked":"Gash","floor":1.0},{"not_picked":["Barrage","Storm"],"picked":"Go for the Eyes","floor":2.0},{"not_picked":["Leap","Aggregate"],"picked":"Streamline","floor":3.0},{"not_picked":["Gash","Scrape"],"picked":"Glacier","floor":4.0},{"not_picked":["Auto Shields","Recycle"],"picked":"Ball Lightning","floor":5.0},{"not_picked":["Stack","Go for the Eyes"],"picked":"Self Repair","floor":6.0},{"not_picked":["Compile Driver","Beam Cell"],"picked":"Capacitor","floor":8}],"player_experience":2236021,"relics_obtained":[{"floor":6.0,"key":"Singing Bowl"},{"floor":9,"key":"Juzu Bracelet"}],"event_choices":[],"is_beta":false,"boss_relics":[],"items_purged_floors":[],"is_endless":false,"potions_floor_spawned":[4,5,6,8],"killed_by":"3 Sentries","ascension_level":20}}