{"host":"zdcz0a6aak4rnx0s","time":1613157549,"event":{"mods":["AchievementEnabler","BaseMod","Colored Map","Colored Powertips","Minty Spire (QoL Compilation)","StSLib"],"gold_per_floor":[362,382,382,307,307,307,37,61,61,61,76,112,136,136,136,230,230,251,251,251,251,265,265,315,330,330,70,91,2,18,18,18,18,18],"floor_reached":33,"language":"ENG","playtime":2783,"items_purged":["Strike_R","Bash"],"score":491,"play_id":"a4927a32-33d8-4800-bcf8-bb70476a6070","local_time":"20210212131909","is_ascension_mode":true,"campfire_choices":[{"data":"Uppercut","floor":6.0,"key":"SMITH"},{"data":"Apotheosis","floor":10.0,"key":"SMITH"},{"floor":15,"key":"REST"},{"data":"Uppercut","floor":23,"key":"SMITH"},{"data":"Spot Weakness","floor":32,"key":"SMITH"}],"circlet_count":0,"master_deck":["AscendersBane","Defend_R","Defend_R","Defend_R","Defend_R","Uppercut+1","True Grit+1","Apotheosis+1","Blood for Blood","Impervious","Feed","Bite","Bite","Bite","Bite","Uppercut+1","Spot Weakness+1"],"relics":["Burning Blood","Golden Idol","Ornamental Fan","Snecko Eye","Meat on the Bone","Regal Pillow"],"acts_visited":["TheCity"],"potions_floor_usage":[16],"damage_taken":[{"damage":0.0,"enemies":"Small Slimes","floor":1.0,"turns":5.0},{"damage":4.0,"enemies":"Jaw Worm","floor":2.0,"turns":4.0},{"damage":3.0,"enemies":"2 Louse","floor":8.0,"turns":3.0},{"damage":1.0,"enemies":"Blue Slaver","floor":11.0,"turns":4.0},{"damage":13.0,"enemies":"Lagavulin","floor":12.0,"turns":6.0},{"damage":25,"enemies":"Exordium Wildlife","floor":13,"turns":5},{"damage":23,"enemies":"Hexaghost","floor":16,"turns":11},{"damage":10,"enemies":"Shell Parasite","floor":18,"turns":5},{"damage":16,"enemies":"Spheric Guardian","floor":22,"turns":6},{"damage":3,"enemies":"Snecko","floor":25,"turns":6},{"damage":6,"enemies":"Chosen and Byrds","floor":28,"turns":7},{"damage":13,"enemies":"Snake Plant","floor":30,"turns":5},{"damage":89,"enemies":"Collector","floor":33,"turns":8}],"seed_played":"-5006427478816043500","potions_obtained":[{"floor":8.0,"key":"ColorlessPotion"},{"floor":13,"key":"SpeedPotion"}],"is_trial":false,"path_per_floor":["M","M","?","$","?","R","$","M","T","R","M","E","M","?","R","B",null,"M","?","?","?","M","R","?","M","T","$","M","$","M","$","R","B"],"character_chosen":"IRONCLAD","items_purchased":["Apotheosis","PowerPotion","Regal Pillow","Spot Weakness"],"campfire_rested":1,"item_purchase_floors":[7,7,27,29],"current_hp_per_floor":[68,68,68,68,45,45,45,48,48,48,53,46,29,29,49,34,60,62,62,62,62,71,71,71,76,76,76,80,80,83,83,83,0,0],"gold":18,"neow_bonus":"TWO_FIFTY_GOLD","is_daily":false,"chose_seed":false,"campfire_upgraded":4,"win_rate":0.0,"timestamp":1613157549,"path_taken":["M","M","?","$","?","R","$","M","T","R","?","E","M","?","R","BOSS","M","?","?","?","?","R","?","M","T","$","M","?","M","?","R","BOSS"],"items_purchased_type":["Card","Potion","Relic","Card"],"build_version":"2020-12-22","purchased_purges":2,"victory":false,"max_hp_per_floor":[68,68,68,68,68,68,68,68,68,68,68,68,68,68,68,68,68,72,72,72,72,76,76,76,76,76,76,80,80,84,84,84,84,84],"card_choices":[{"not_picked":["Cleave","Flex"],"picked":"Uppercut","floor":1.0},{"not_picked":["Flex","Cleave"],"picked":"True Grit","floor":2.0},{"not_picked":["Armaments","Sever Soul","Flex"],"picked":"SKIP","floor":8.0},{"not_picked":["Havoc","Clothesline"],"picked":"Blood for Blood","floor":11.0},{"not_picked":["True Grit","Sword Boomerang"],"picked":"Impervious","floor":12.0},{"not_picked":["Rage","Second Wind","Pummel"],"picked":"SKIP","floor":13},{"not_picked":["Fiend Fire","Double Tap"],"picked":"Feed","floor":16},{"not_picked":["Inflame","Battle Trance","True Grit"],"picked":"SKIP","floor":18},{"not_picked":["Seeing Red","Heavy Blade","Second Wind"],"picked":"SKIP","floor":22},{"not_picked":["Thunderclap","Flex","Heavy Blade"],"picked":"SKIP","floor":25},{"not_picked":["Armaments","Havoc+1","Clothesline+1"],"picked":"SKIP","floor":28},{"not_picked":["Fire Breathing","Perfected Strike","True Grit"],"picked":"SKIP","floor":30}],"player_experience":1024432,"relics_obtained":[{"floor":9.0,"key":"Ornamental Fan"},{"floor":12.0,"key":"Blood Vial"},{"floor":26,"key":"Meat on the Bone"}],"event_choices":[{"damage_healed":0.0,"max_hp_gain":0.0,"max_hp_loss":0.0,"gold_gain":0.0,"event_name":"Living Wall","player_choice":"Grow","floor":3.0,"gold_loss":0.0,"damage_taken":0.0,"cards_upgraded":["True Grit"]},{"damage_healed":0.0,"max_hp_gain":0.0,"max_hp_loss":0.0,"gold_gain":0.0,"event_name":"Golden Idol","player_choice":"Take Damage","floor":5.0,"gold_loss":0.0,"damage_taken":23.0,"relics_obtained":["Golden Idol"]},{"damage_healed":0,"gold_gain":0,"player_choice":"Ignored","damage_taken":0,"max_hp_gain":0,"max_hp_loss":0,"event_name":"Shining Light","floor":14,"gold_loss":0},{"damage_healed":0,"gold_gain":0,"player_choice":"Became a vampire (Vial)","damage_taken":0,"max_hp_gain":0,"max_hp_loss":0,"event_name":"Vampires","floor":19,"relics_lost":["Blood Vial"],"gold_loss":0,"cards_obtained":["Bite","Bite","Bite","Bite","Bite"]},{"damage_healed":0,"gold_gain":0,"player_choice":"Read","damage_taken":0,"max_hp_gain":0,"max_hp_loss":0,"event_name":"The Library","floor":20,"gold_loss":0,"cards_obtained":["Uppercut"]},{"cards_removed":["Bite"],"damage_healed":0,"gold_gain":0,"player_choice":"Elegance","damage_taken":0,"max_hp_gain":0,"max_hp_loss":0,"event_name":"Back to Basics","floor":21,"gold_loss":0},{"damage_healed":0,"gold_gain":50,"player_choice":"Stole From Cult","damage_taken":0,"max_hp_gain":0,"max_hp_loss":0,"event_name":"Nest","floor":24,"gold_loss":0}],"is_beta":false,"boss_relics":[{"not_picked":["Runic Pyramid","Coffee Dripper"],"picked":"Snecko Eye"}],"items_purged_floors":[4,27],"is_endless":false,"potions_floor_spawned":[8,13],"killed_by":"Collector","ascension_level":18}}