{"host":"mgjbkrm6zb65cm01","time":1613135973,"event":{"mods":["ATMod(°¢èªMod)","BaseMod","Conspire","Good Game Mod","Minty Spire (QoL Compilation)","Quick Restart","Relic Stats","Spicy Shops","StSLib","UnlockEverythingMod","noobMod"],"gold_per_floor":[109,123,48,223,237,272,290,310,310,365,365,365,407,502,502,629,629,691,730,730,655,691,691,726,726,726,726,786,849,1009,13,13,192,192,236,372,432,432,432,567,687,687,687,773,867,1005,1005,1005,1005,1055,1055,1055,30,114,114,114],"floor_reached":55,"language":"ZHS","playtime":2761,"items_purged":["Defend_R","Anger"],"score":833,"play_id":"3d1b0069-890a-4101-b8b0-b01a58f456fb","local_time":"20210212211933","is_ascension_mode":false,"campfire_choices":[{"data":"AT_ShrugMaster","floor":11.0,"key":"SMITH"},{"data":"AT_LightSaberMaster","floor":15.0,"key":"SMITH"},{"floor":23.0,"key":"RECALL"},{"data":"Armaments","floor":25.0,"key":"SMITH"},{"data":"Uppercut","floor":27.0,"key":"SMITH"},{"data":"Blood for Blood","floor":32.0,"key":"SMITH"},{"data":"Brutality","floor":42.0,"key":"SMITH"},{"floor":47.0,"key":"REST"},{"floor":49.0,"key":"REST"},{"data":"Sword Boomerang","floor":52.0,"key":"SMITH"}],"circlet_count":0,"master_deck":["Strike_R","Strike_R","Defend_R+1","Bash","AT_LightSaberMaster+1","Blood for Blood+1","AT_ShrugMaster+1","Battle Trance+1","Heavy Blade","Flex","Combust","Armaments+1","Uppercut+1","Juggernaut","Fiend Fire+1","AT_IchimonjiDouble+1","Sword Boomerang+1","Headbutt","Ghostly Armor","Flex","Thunderclap","conspire:ExplosiveBarrier","Inflame","Warcry","Uppercut+1","Brutality+1","Twin Strike","Sword Boomerang+1","Pummel+1","AT_ShrugMaster+1","conspire:HitWhereItHurts","Rupture"],"relics":["Burning Blood","REME:ComplimentaryCards","ice","AT_ATBox","NeowsBlessing","Boot","AT_MibuBalloonWealth","Centennial Puzzle","Astrolabe","War Paint","StrikeDummy","AT_EbonyIvory","PreservedInsect","Anchor","Akabeko","DollysMirror","Empty Cage","conspire:InfiniteJournal","conspire:Boomerang","Toy Ornithopter","Mango","AT_BladeRuinedKing","AT_ImmortalShieldbow","HandDrill","AT_RedTearstoneRing","Blood Vial"],"acts_visited":["Exordium","TheCity","TheBeyond","TheEnding"],"potions_floor_usage":[],"damage_taken":[{"damage":0.0,"enemies":"Small Slimes","floor":1.0,"turns":1.0},{"damage":0.0,"enemies":"Jaw Worm","floor":2.0,"turns":1.0},{"damage":0.0,"enemies":"2 Louse","floor":5.0,"turns":1.0},{"damage":29.0,"enemies":"Lagavulin","floor":6.0,"turns":9.0},{"damage":9.0,"enemies":"2 Fungi Beasts","floor":7.0,"turns":4.0},{"damage":5.0,"enemies":"Looter","floor":8.0,"turns":3.0},{"damage":14.0,"enemies":"Gremlin Nob","floor":10.0,"turns":4.0},{"damage":12.0,"enemies":"Blue Slaver","floor":13.0,"turns":3.0},{"damage":15.0,"enemies":"3 Louse","floor":14.0,"turns":3.0},{"damage":25.0,"enemies":"The Guardian","floor":16.0,"turns":6.0},{"damage":15.0,"enemies":"conspire:FuzzyDice","floor":18.0,"turns":5.0},{"damage":21.0,"enemies":"Shell Parasite","floor":19.0,"turns":4.0},{"damage":9.0,"enemies":"conspire:HollyBat","floor":22.0,"turns":7.0},{"damage":8.0,"enemies":"Snecko","floor":24.0,"turns":4.0},{"damage":12.0,"enemies":"Chosen and Byrds","floor":28.0,"turns":4.0},{"damage":26.0,"enemies":"Cultist and Chosen","floor":29.0,"turns":6.0},{"damage":12.0,"enemies":"Gremlin Leader","floor":30.0,"turns":5.0},{"damage":50.0,"enemies":"Automaton","floor":33.0,"turns":7.0},{"damage":1.0,"enemies":"Orb Walker","floor":35.0,"turns":3.0},{"damage":7.0,"enemies":"3 Darklings","floor":36.0,"turns":4.0},{"damage":18.0,"enemies":"conspire:MimicChest","floor":37.0,"turns":4.0},{"damage":29.0,"enemies":"Reptomancer","floor":40.0,"turns":4.0},{"damage":8.0,"enemies":"4 Shapes","floor":41.0,"turns":3.0},{"damage":25.0,"enemies":"Jaw Worm Horde","floor":44.0,"turns":4.0},{"damage":13.0,"enemies":"Sphere and 2 Shapes","floor":45.0,"turns":4.0},{"damage":14.0,"enemies":"3 Darklings","floor":46.0,"turns":4.0},{"damage":85.0,"enemies":"conspire:OrnateMirror","floor":50.0,"turns":4.0},{"damage":9.0,"enemies":"Shield and Spear","floor":54.0,"turns":3.0},{"damage":99,"enemies":"The Heart","floor":55,"turns":6}],"seed_played":"839584776484217142","potions_obtained":[{"floor":2.0,"key":"Regen Potion"},{"floor":5.0,"key":"SpeedPotion"},{"floor":6.0,"key":"EssenceOfSteel"},{"floor":14.0,"key":"SkillPotion"},{"floor":16.0,"key":"DuplicationPotion"},{"floor":19.0,"key":"Ancient Potion"},{"floor":24.0,"key":"Fire Potion"},{"floor":29.0,"key":"PowerPotion"},{"floor":33.0,"key":"Regen Potion"},{"floor":35.0,"key":"Swift Potion"},{"floor":36.0,"key":"conspire:TimeTravelPotion"},{"floor":41.0,"key":"Swift Potion"}],"is_trial":false,"path_per_floor":["M","M","$","?","M","E","M","M","T","E","R","?","M","M","R","B",null,"M","M","?","?","M","R","M","R","T","R","M","M","E","$","R","B",null,"M","M","?","?","T","E","M","R","T","M","M","M","R","?","R","B",null,"R","$","E","B"],"character_chosen":"IRONCLAD","items_purchased":["AT_ShrugMaster","AT_EbonyIvory","PreservedInsect","Anchor","Akabeko","Inflame","Warcry","DollysMirror","Mango","Rupture","AT_BladeRuinedKing","AT_ImmortalShieldbow","HandDrill","AT_RedTearstoneRing"],"campfire_rested":2,"item_purchase_floors":[3,31,31,31,31,31,31,31,53,53,53,53,53,53],"current_hp_per_floor":[80,80,80,80,80,57,54,55,55,47,47,47,41,32,32,27,80,71,56,41,41,38,38,36,36,36,36,30,10,82,82,82,38,86,86,85,73,73,73,55,53,53,53,34,27,19,44,44,69,86,86,86,100,97,0,0],"gold":114,"neow_bonus":"THREE_ENEMY_KILL","is_daily":false,"chose_seed":false,"campfire_upgraded":7,"win_rate":0.0,"timestamp":1613135973,"path_taken":["M","M","$","?","M","E","M","M","T","E","R","?","M","M","R","BOSS","M","M","?","?","M","R","M","R","T","R","M","M","E","$","R","BOSS","M","M","?","?","?","E","M","R","T","M","M","M","R","?","R","BOSS","R","$","E","BOSS"],"items_purchased_type":["Card","Relic","Relic","Relic","Relic","Card","Card","Relic","Relic","Card","Relic","Relic","Relic","Relic"],"build_version":"2020-12-22","purchased_purges":2,"victory":false,"max_hp_per_floor":[80,80,80,80,80,80,80,80,80,80,80,80,80,80,80,80,80,80,80,85,85,85,85,85,85,85,85,85,85,86,86,86,86,86,86,86,86,86,86,86,86,86,86,86,86,86,86,86,86,86,86,86,100,106,106,106],"relic_stats":{"Blood Vial":2,"Centennial Puzzle":[66],"counters":[29,119],"Astrolabe":["Exhume","Fiend Fire","AT_IchimonjiDouble"],"PreservedInsect":126,"HandDrill":[4],"War Paint":["Defend_R","Battle Trance"],"Boot":[197],"obtain_stats":[{"AT_ATBox":0,"AT_MibuBalloonWealth":9,"Mango":53,"ice":0,"Boot":6,"Empty Cage":34,"Burning Blood":0,"conspire:InfiniteJournal":37,"Blood Vial":54,"Centennial Puzzle":10,"DollysMirror":31,"HandDrill":53,"AT_RedTearstoneRing":53,"NeowsBlessing":0,"Astrolabe":17,"AT_EbonyIvory":31,"PreservedInsect":31,"AT_BladeRuinedKing":53,"conspire:Boomerang":39,"War Paint":26,"Akabeko":31,"AT_ImmortalShieldbow":53,"REME:ComplimentaryCards":0,"Anchor":31,"StrikeDummy":30,"Toy Ornithopter":40},{"AT_ATBox":0,"AT_MibuBalloonWealth":6,"Mango":27,"ice":0,"Boot":4,"Empty Cage":18,"Burning Blood":0,"conspire:InfiniteJournal":21,"Blood Vial":28,"Centennial Puzzle":7,"DollysMirror":17,"HandDrill":27,"AT_RedTearstoneRing":27,"NeowsBlessing":0,"Astrolabe":10,"AT_EbonyIvory":17,"PreservedInsect":17,"AT_BladeRuinedKing":27,"conspire:Boomerang":21,"War Paint":14,"Akabeko":17,"AT_ImmortalShieldbow":27,"REME:ComplimentaryCards":0,"Anchor":17,"StrikeDummy":17,"Toy Ornithopter":22},{"AT_ATBox":0,"AT_MibuBalloonWealth":19,"Mango":111,"ice":0,"Boot":12,"Empty Cage":77,"Burning Blood":0,"conspire:InfiniteJournal":88,"Blood Vial":114,"Centennial Puzzle":23,"DollysMirror":70,"HandDrill":111,"AT_RedTearstoneRing":111,"NeowsBlessing":0,"Astrolabe":35,"AT_EbonyIvory":70,"PreservedInsect":70,"AT_BladeRuinedKing":111,"conspire:Boomerang":88,"War Paint":55,"Akabeko":70,"AT_ImmortalShieldbow":111,"REME:ComplimentaryCards":0,"Anchor":70,"StrikeDummy":70,"Toy Ornithopter":92}],"Burning Blood":140,"Toy Ornithopter":15},"card_choices":[{"not_picked":["Feel No Pain","AT_BodySlamDance"],"picked":"Blood for Blood","floor":1.0},{"not_picked":["Wild Strike","Havoc","AT_IchimonjiDouble"],"picked":"SKIP","floor":2.0},{"not_picked":["True Grit","Clothesline"],"picked":"Battle Trance","floor":5.0},{"not_picked":["Perfected Strike","Disarm"],"picked":"Heavy Blade","floor":6.0},{"not_picked":["Shrug It Off","Metallicize"],"picked":"Flex","floor":7.0},{"not_picked":["Rupture","conspire:Charge"],"picked":"Combust","floor":8.0},{"not_picked":["AT_ShrugMaster","Metallicize"],"picked":"Armaments","floor":10.0},{"not_picked":["Armaments","Body Slam","Entrench"],"picked":"SKIP","floor":13.0},{"not_picked":["Power Through","Clash"],"picked":"Uppercut","floor":14.0},{"not_picked":["Offering","Reaper"],"picked":"Juggernaut","floor":16.0},{"not_picked":["AT_IchimonjiDouble","AT_ShrugMaster"],"picked":"Sword Boomerang+1","floor":18.0},{"not_picked":["Shrug It Off","Shockwave"],"picked":"Headbutt","floor":19.0},{"not_picked":["Wild Strike","Armaments","Clothesline"],"picked":"SKIP","floor":22.0},{"not_picked":["Uppercut","Twin Strike"],"picked":"Ghostly Armor","floor":24.0},{"not_picked":["Armaments+1","Juggernaut"],"picked":"Flex","floor":28.0},{"not_picked":["Disarm","Flex"],"picked":"Thunderclap","floor":29.0},{"not_picked":["Rupture+1","Headbutt"],"picked":"conspire:ExplosiveBarrier","floor":30.0},{"not_picked":["Fiend Fire","Immolate"],"picked":"Brutality","floor":33.0},{"not_picked":["Feel No Pain","True Grit+1"],"picked":"Twin Strike","floor":35.0},{"not_picked":["Wild Strike+1","Twin Strike+1"],"picked":"Blood for Blood","floor":36.0},{"not_picked":["Body Slam","AT_IchimonjiDouble+1"],"picked":"Sword Boomerang","floor":37.0},{"not_picked":["Dropkick+1","Dark Embrace+1"],"picked":"Pummel+1","floor":40.0},{"not_picked":["Sentinel","Thunderclap+1"],"picked":"AT_ShrugMaster+1","floor":41.0},{"not_picked":["Perfected Strike","AT_CaressingTears","AT_IchimonjiDouble"],"picked":"SKIP","floor":44.0},{"not_picked":["Reckless Charge+1","Clash+1","Flex+1"],"picked":"SKIP","floor":45.0},{"not_picked":["AT_BodySlamDance","Sentinel+1"],"picked":"conspire:HitWhereItHurts","floor":46.0},{"not_picked":["Wild Strike+1","AT_BodySlamDance+1","AT_IchimonjiDouble"],"picked":"SKIP","floor":54.0}],"player_experience":155923,"relics_obtained":[{"floor":6.0,"key":"Boot"},{"floor":9.0,"key":"AT_MibuBalloonWealth"},{"floor":10.0,"key":"Centennial Puzzle"},{"floor":26.0,"key":"War Paint"},{"floor":30.0,"key":"StrikeDummy"},{"floor":37.0,"key":"conspire:InfiniteJournal"},{"floor":39.0,"key":"conspire:Boomerang"},{"floor":40.0,"key":"Toy Ornithopter"},{"floor":54.0,"key":"Blood Vial"}],"event_choices":[{"damage_healed":0.0,"max_hp_gain":0.0,"max_hp_loss":0.0,"gold_gain":175.0,"event_name":"Liars Game","player_choice":"AGREE","floor":4.0,"gold_loss":0.0,"damage_taken":0.0,"cards_obtained":["Doubt"]},{"damage_healed":0.0,"max_hp_gain":0.0,"max_hp_loss":0.0,"gold_gain":0.0,"event_name":"conspire:Investor","player_choice":"Leave","floor":12.0,"gold_loss":0.0,"damage_taken":0.0},{"damage_healed":0.0,"max_hp_gain":5.0,"max_hp_loss":0.0,"gold_gain":0.0,"event_name":"Forgotten Altar","player_choice":"Shed Blood","floor":20.0,"gold_loss":0.0,"damage_taken":20.0},{"cards_removed":["Doubt"],"damage_healed":0.0,"max_hp_gain":0.0,"max_hp_loss":0.0,"gold_gain":0.0,"event_name":"Beggar","player_choice":"Gave Gold","floor":21.0,"gold_loss":75.0,"damage_taken":0.0},{"cards_removed":["Blood for Blood"],"damage_healed":0.0,"max_hp_gain":0.0,"max_hp_loss":0.0,"gold_gain":0.0,"event_name":"Falling","player_choice":"Removed Attack","floor":38.0,"gold_loss":0.0,"damage_taken":0.0},{"damage_healed":0.0,"max_hp_gain":0.0,"max_hp_loss":0.0,"gold_gain":0.0,"cards_transformed":["Exhume"],"event_name":"Transmorgrifier","player_choice":"Transformed","floor":48.0,"gold_loss":0.0,"damage_taken":0.0,"cards_obtained":["Anger"]}],"is_beta":false,"boss_relics":[{"not_picked":["Busted Crown","Sozu"],"picked":"Astrolabe"},{"not_picked":["Runic Pyramid","Black Star"],"picked":"Empty Cage"}],"items_purged_floors":[31,53],"is_endless":false,"potions_floor_spawned":[2,5,6,8,14,16,19,24,29,33,35,36,41,46],"killed_by":"The Heart","ascension_level":0}}