{"host":"dqv8oo4v229c1o2l","time":1613099660,"event":{"mods":["AchievementEnabler","BaseMod","Colored Map","Colored Powertips","Minty Spire (QoL Compilation)","Quick Restart","Rare Cards Sparkle","StSLib","Synergy Search"],"gold_per_floor":[109,123,123,123,134,160,134,134,134,145,159,159,5,21,21,120,120,131,151,161,9,21,21,0,0,0,0,16,26,26,46,46,46,46],"floor_reached":33,"language":"ENG","playtime":1974,"items_purged":[],"score":392,"play_id":"6ddac181-4f37-4958-a5dd-927fde27b96f","local_time":"20210211191420","is_ascension_mode":true,"campfire_choices":[{"floor":8.0,"key":"RECALL"},{"data":"Go for the Eyes","floor":12.0,"key":"SMITH"},{"data":"Barrage","floor":15.0,"key":"SMITH"},{"floor":23,"key":"REST"},{"data":"Hologram","floor":27,"key":"SMITH"},{"data":"Glacier","floor":30,"key":"SMITH"},{"floor":32,"key":"REST"}],"circlet_count":0,"master_deck":["Strike_B","Strike_B","Strike_B","Defend_B","Defend_B","Defend_B","Zap","Dualcast","BootSequence","Glacier+1","Self Repair","Melter","Hologram+1","Go for the Eyes+1","Barrage+1","Echo Form","Compile Driver","Core Surge"],"relics":["Cracked Core","PreservedInsect","Pear","Lee\u0027s Waffle","Snecko Eye","DataDisk","Matryoshka","Gremlin Horn","MealTicket"],"acts_visited":["Exordium","TheCity"],"potions_floor_usage":[16,18,18,29,33],"damage_taken":[{"damage":2.0,"enemies":"Cultist","floor":1.0,"turns":4.0},{"damage":7.0,"enemies":"2 Louse","floor":2.0,"turns":4.0},{"damage":0.0,"enemies":"Small Slimes","floor":5.0,"turns":3.0},{"damage":28.0,"enemies":"Lagavulin","floor":6.0,"turns":7.0},{"damage":16.0,"enemies":"Exordium Thugs","floor":7.0,"turns":6.0},{"damage":0.0,"enemies":"2 Fungi Beasts","floor":10.0,"turns":3.0},{"damage":13.0,"enemies":"3 Louse","floor":11.0,"turns":3.0},{"damage":0.0,"enemies":"Looter","floor":14.0,"turns":3.0},{"damage":76,"enemies":"Hexaghost","floor":16,"turns":15},{"damage":15,"enemies":"Shell Parasite","floor":18,"turns":7},{"damage":0,"enemies":"Chosen","floor":19,"turns":6},{"damage":14,"enemies":"Centurion and Healer","floor":20,"turns":9},{"damage":73,"enemies":"3 Cultists","floor":22,"turns":7},{"damage":25,"enemies":"Shelled Parasite and Fungi","floor":28,"turns":6},{"damage":2,"enemies":"Chosen and Byrds","floor":29,"turns":4},{"damage":0,"enemies":"Snecko","floor":31,"turns":6},{"damage":65,"enemies":"Collector","floor":33,"turns":7}],"seed_played":"2161850039191124776","potions_obtained":[{"floor":1.0,"key":"SpeedPotion"},{"floor":10.0,"key":"FocusPotion"},{"floor":11.0,"key":"Explosive Potion"},{"floor":16,"key":"Regen Potion"},{"floor":22,"key":"EssenceOfDarkness"},{"floor":31,"key":"SkillPotion"}],"is_trial":false,"path_per_floor":["M","M","?","?","M","E","M","R","T","M","M","R","$","M","R","B",null,"M","M","M","$","M","R","?","?","T","R","M","M","R","M","R","B"],"character_chosen":"DEFECT","items_purchased":["Lee\u0027s Waffle","DataDisk"],"campfire_rested":2,"item_purchase_floors":[13,21],"current_hp_per_floor":[48,48,41,41,48,37,28,28,28,35,29,29,92,92,92,23,75,89,92,92,92,26,53,53,53,53,53,42,47,47,61,88,23,23],"gold":46,"neow_bonus":"TRANSFORM_TWO_CARDS","is_daily":false,"chose_seed":false,"campfire_upgraded":4,"win_rate":0.0,"timestamp":1613099660,"path_taken":["M","M","?","?","M","E","M","R","T","M","M","R","$","?","R","BOSS","M","M","M","$","M","R","?","?","T","R","M","?","R","M","R","BOSS"],"items_purchased_type":["Relic","Relic"],"build_version":"2020-12-22","purchased_purges":0,"victory":false,"max_hp_per_floor":[75,75,75,75,75,85,85,85,85,85,85,85,92,92,92,92,92,92,92,92,92,92,92,92,92,92,92,92,92,92,92,92,92,92],"card_choices":[{"not_picked":["Sweeping Beam","Chill"],"picked":"Self Repair","floor":1.0},{"not_picked":["Conserve Battery","Coolheaded"],"picked":"Melter","floor":2.0},{"not_picked":["Stack","Cold Snap","Turbo"],"picked":"SKIP","floor":5.0},{"not_picked":["Compile Driver","Sweeping Beam"],"picked":"Hologram","floor":6.0},{"not_picked":["Auto Shields","Cold Snap","Streamline"],"picked":"SKIP","floor":7.0},{"not_picked":["Steam","Genetic Algorithm","Double Energy"],"picked":"SKIP","floor":10.0},{"not_picked":["Streamline","Beam Cell"],"picked":"Go for the Eyes","floor":11.0},{"not_picked":["Loop","Stack"],"picked":"Barrage","floor":14.0},{"not_picked":["Rainbow","Reboot"],"picked":"Echo Form","floor":16},{"not_picked":["Self Repair+1","Streamline+1","Melter"],"picked":"SKIP","floor":18},{"not_picked":["Rebound","Steam Power","Steam"],"picked":"SKIP","floor":19},{"not_picked":["Compile Driver","Hello World","Stack+1"],"picked":"SKIP","floor":20},{"not_picked":["Barrage+1","Turbo"],"picked":"Compile Driver","floor":22},{"not_picked":["Barrage","Gash+1","Cold Snap"],"picked":"SKIP","floor":28},{"not_picked":["Redo+1","Chaos"],"picked":"Core Surge","floor":29},{"not_picked":["Gash","Hello World","Go for the Eyes+1"],"picked":"SKIP","floor":31}],"player_experience":317184,"relics_obtained":[{"floor":6.0,"key":"Pear"},{"floor":25,"key":"Matryoshka"},{"floor":26,"key":"Gremlin Horn"},{"floor":26,"key":"MealTicket"}],"event_choices":[{"damage_healed":0.0,"max_hp_gain":0.0,"max_hp_loss":0.0,"gold_gain":0.0,"event_name":"Scrap Ooze","player_choice":"Success","floor":3.0,"gold_loss":0.0,"damage_taken":7.0,"relics_obtained":["PreservedInsect"]},{"damage_healed":0.0,"max_hp_gain":0.0,"max_hp_loss":0.0,"gold_gain":0.0,"event_name":"The Woman in Blue","player_choice":"Bought 0 Potions","floor":4.0,"gold_loss":0.0,"damage_taken":0.0},{"damage_healed":0,"gold_gain":0,"player_choice":"Paid Fearfully","damage_taken":0,"max_hp_gain":0,"max_hp_loss":0,"event_name":"Masked Bandits","floor":24,"gold_loss":21},{"damage_healed":0,"gold_gain":0,"player_choice":"Relic","damage_taken":0,"max_hp_gain":0,"max_hp_loss":0,"event_name":"Wheel of Change","floor":25,"gold_loss":0}],"is_beta":false,"boss_relics":[{"not_picked":["Cursed Key","SlaversCollar"],"picked":"Snecko Eye"}],"items_purged_floors":[],"is_endless":false,"potions_floor_spawned":[1,10,11,16,22,31],"killed_by":"Collector","ascension_level":9}}