{"host":"4rvakrj1idbgia3f","time":1613147485,"event":{"mods":["BaseMod","Colored Map","Colored Powertips","DeckTracker","Highlight Path","Minty Spire (QoL Compilation)","Random Character Button","StSLib"],"gold_per_floor":[364,43,61,61,79,79,114,114,114,114,114,144,159,178,178,250,250,264,154,174,193,207,207,217,217,244,169,169,169,69,83,83,159,159,176,156,175,175,175,202,202,220,220,235,245,69,69,95,95,95,95],"floor_reached":50,"language":"JPN","playtime":2526,"items_purged":["Strike_G","Bite"],"score":1149,"play_id":"7d433249-70e4-4046-81e0-a7231095d149","local_time":"20210213013125","is_ascension_mode":true,"campfire_choices":[{"data":"Poisoned Stab","floor":6,"key":"SMITH"},{"data":"Footwork","floor":8,"key":"SMITH"},{"data":"Crippling Poison","floor":10,"key":"SMITH"},{"data":"Noxious Fumes","floor":15,"key":"SMITH"},{"data":"Blur","floor":23,"key":"SMITH"},{"floor":28,"key":"REST"},{"data":"Adrenaline","floor":32,"key":"SMITH"},{"data":"Ghostly","floor":41,"key":"SMITH"},{"data":"Ghostly","floor":47,"key":"SMITH"},{"data":"Footwork","floor":49,"key":"SMITH"}],"circlet_count":0,"master_deck":["AscendersBane","Defend_G","Defend_G","Defend_G","Defend_G+1","Defend_G","Survivor","Neutralize","Accuracy","Poisoned Stab+1","Crippling Poison+1","Footwork+1","Noxious Fumes+1","Blur+1","Cloak And Dagger","Corpse Explosion","Backstab+1","Cloak And Dagger+1","Backstab+1","Adrenaline+1","Ghostly+1","Ghostly","Ghostly+1","Bite","Bite","Bite","Bite","Burst","PiercingWail","Footwork+1","Backflip+1","Blade Dance","Night Terror","Unload"],"relics":["Ring of the Snake","Ice Cream","Pear","Pantograph","WarpedTongs","Boot","SlaversCollar","Runic Pyramid","Snake Skull","Bottled Tornado","Unceasing Top"],"acts_visited":["Exordium","TheCity","TheBeyond"],"potions_floor_usage":[3,13,13,31,31,42,45,45],"damage_taken":[{"damage":3.0,"enemies":"2 Louse","floor":1.0,"turns":3.0},{"damage":3,"enemies":"Small Slimes","floor":3,"turns":5},{"damage":1,"enemies":"Cultist","floor":5,"turns":3},{"damage":37,"enemies":"Gremlin Nob","floor":7,"turns":5},{"damage":6,"enemies":"Lagavulin","floor":12,"turns":7},{"damage":2,"enemies":"Red Slaver","floor":13,"turns":3},{"damage":3,"enemies":"Large Slime","floor":14,"turns":5},{"damage":14,"enemies":"Hexaghost","floor":16,"turns":10},{"damage":16,"enemies":"Chosen","floor":18,"turns":5},{"damage":1,"enemies":"3 Byrds","floor":20,"turns":4},{"damage":24,"enemies":"Shelled Parasite and Fungi","floor":21,"turns":5},{"damage":0,"enemies":"3 Cultists","floor":22,"turns":3},{"damage":21,"enemies":"Snake Plant","floor":24,"turns":4},{"damage":5,"enemies":"Snecko","floor":31,"turns":4},{"damage":39,"enemies":"Automaton","floor":33,"turns":13},{"damage":0,"enemies":"3 Shapes","floor":35,"turns":3},{"damage":13,"enemies":"3 Darklings","floor":37,"turns":3},{"damage":0,"enemies":"Nemesis","floor":40,"turns":11},{"damage":5,"enemies":"Writhing Mass","floor":42,"turns":7},{"damage":0,"enemies":"4 Shapes","floor":44,"turns":4},{"damage":3,"enemies":"Jaw Worm Horde","floor":45,"turns":4},{"damage":0,"enemies":"Giant Head","floor":48,"turns":10},{"damage":47,"enemies":"Awakened One","floor":50,"turns":18}],"seed_played":"-1301966665918177454","potions_obtained":[{"floor":3,"key":"Fruit Juice"},{"floor":7,"key":"Fire Potion"},{"floor":12,"key":"Swift Potion"},{"floor":14,"key":"AttackPotion"},{"floor":21,"key":"Energy Potion"},{"floor":31,"key":"CunningPotion"},{"floor":35,"key":"GhostInAJar"},{"floor":42,"key":"SteroidPotion"}],"is_trial":false,"path_per_floor":["M","$","M","?","M","R","E","R","T","R","?","E","M","M","R","B",null,"M","?","M","M","M","R","M","?","T","$","R","?","$","M","R","B",null,"M","?","M","$","$","E","R","M","T","M","M","$","R","E","R","B"],"character_chosen":"THE_SILENT","items_purchased":["Ice Cream","Night Terror"],"campfire_rested":1,"item_purchase_floors":[2,46],"current_hp_per_floor":[41,41,43,66,65,65,38,38,38,38,38,32,30,27,27,38,70,54,54,53,29,29,29,8,8,8,8,20,20,20,21,21,7,23,25,25,12,12,12,28,28,25,25,28,25,25,25,28,28,0,0],"gold":95,"neow_bonus":"TWO_FIFTY_GOLD","is_daily":false,"chose_seed":false,"campfire_upgraded":9,"win_rate":0.0,"timestamp":1613147485,"path_taken":["M","$","M","?","M","R","E","R","T","R","?","E","M","M","R","BOSS","M","?","M","M","M","R","?","?","T","$","R","?","?","?","R","BOSS","M","?","M","?","$","E","R","M","T","?","M","$","R","E","R","BOSS"],"items_purchased_type":["Relic","Card"],"build_version":"2020-12-22","purchased_purges":2,"victory":false,"max_hp_per_floor":[66,66,71,71,71,71,81,81,81,81,81,81,81,81,81,81,81,81,81,81,81,81,81,81,40,40,40,40,28,28,28,28,28,28,28,28,28,28,28,28,28,28,28,28,28,28,28,28,28,28,28],"card_choices":[{"not_picked":["Acrobatics","Sucker Punch"],"picked":"Accuracy","floor":1.0},{"not_picked":["PiercingWail","Calculated Gamble"],"picked":"Poisoned Stab","floor":3},{"not_picked":["Tactician","Endless Agony"],"picked":"Crippling Poison","floor":5},{"not_picked":["Outmaneuver","Acrobatics"],"picked":"Footwork","floor":7},{"not_picked":["Calculated Gamble","All Out Attack"],"picked":"Noxious Fumes","floor":12},{"not_picked":["Acrobatics","Dagger Throw"],"picked":"Blur","floor":13},{"not_picked":["Quick Slash","Sucker Punch"],"picked":"Cloak And Dagger","floor":14},{"not_picked":["Doppelganger","Night Terror"],"picked":"Corpse Explosion","floor":16},{"not_picked":["Slice","Bane"],"picked":"Backstab+1","floor":18},{"not_picked":["Underhanded Strike","Deflect+1"],"picked":"Cloak And Dagger+1","floor":20},{"not_picked":["Poisoned Stab","Flying Knee","Cloak And Dagger"],"picked":"SKIP","floor":21},{"not_picked":["Dagger Spray","Cloak And Dagger"],"picked":"Backstab+1","floor":22},{"not_picked":["Blade Dance","Cloak And Dagger"],"picked":"Adrenaline","floor":24},{"not_picked":["Crippling Poison+1","Cloak And Dagger","Deadly Poison"],"picked":"SKIP","floor":31},{"not_picked":["Unload","Night Terror"],"picked":"Burst","floor":33},{"not_picked":["Dodge and Roll","Flying Knee"],"picked":"PiercingWail","floor":35},{"not_picked":["Dodge and Roll","Masterful Stab"],"picked":"Footwork","floor":37},{"not_picked":["Quick Slash","Expertise","Deflect"],"picked":"SKIP","floor":40},{"not_picked":["Acrobatics","Tactician"],"picked":"Backflip+1","floor":42},{"not_picked":["Prepared","Deadly Poison","Accuracy+1"],"picked":"SKIP","floor":44},{"not_picked":["Crippling Poison","Accuracy+1"],"picked":"Blade Dance","floor":45},{"not_picked":["Setup","Deflect"],"picked":"Unload","floor":48}],"player_experience":2310867,"relics_obtained":[{"floor":7,"key":"Pear"},{"floor":9,"key":"Pantograph"},{"floor":12,"key":"Boot"},{"floor":40,"key":"Snake Skull"},{"floor":43,"key":"Bottled Tornado"},{"floor":48,"key":"Unceasing Top"}],"event_choices":[{"damage_healed":23,"gold_gain":0,"player_choice":"Banana","damage_taken":0,"max_hp_gain":0,"max_hp_loss":0,"event_name":"Big Fish","floor":4,"gold_loss":0},{"damage_healed":0,"gold_gain":0,"player_choice":"Rummage","damage_taken":0,"relics_obtained":["WarpedTongs"],"max_hp_gain":0,"max_hp_loss":0,"event_name":"Accursed Blacksmith","floor":11,"gold_loss":0,"cards_obtained":["Pain"]},{"cards_removed":["Pain"],"damage_healed":0,"gold_gain":0,"player_choice":"Upgrade and Remove","damage_taken":0,"max_hp_gain":0,"max_hp_loss":0,"event_name":"Designer","floor":19,"gold_loss":110,"cards_upgraded":["Defend_G"]},{"damage_healed":0,"gold_gain":0,"player_choice":"Became a Ghost","damage_taken":0,"max_hp_gain":0,"max_hp_loss":41,"event_name":"Ghosts","floor":25,"gold_loss":0,"cards_obtained":["Ghostly","Ghostly","Ghostly"]},{"damage_healed":0,"gold_gain":0,"player_choice":"Became a vampire","damage_taken":0,"max_hp_gain":0,"max_hp_loss":12,"event_name":"Vampires","floor":29,"gold_loss":0,"cards_obtained":["Bite","Bite","Bite","Bite","Bite"]},{"damage_healed":0,"gold_gain":0,"player_choice":"Bought 1 Potion","damage_taken":0,"max_hp_gain":0,"max_hp_loss":0,"event_name":"The Woman in Blue","floor":36,"gold_loss":0}],"is_beta":false,"boss_relics":[{"not_picked":["Calling Bell","Pandora\u0027s Box"],"picked":"SlaversCollar"},{"not_picked":["Tiny House","Cursed Key"],"picked":"Runic Pyramid"}],"items_purged_floors":[27,30],"is_endless":false,"potions_floor_spawned":[3,7,12,14,21,22,31,35,42],"killed_by":"Awakened One","ascension_level":20}}