{"host":"og21o26alpnbwmz8","time":1613148328,"event":{"mods":["Act Like it!","Aspiration","BaseMod","Conspire","Downfall","Gensokyo","Halation","Hubris","Jedi Mod","Mimic Mod","Minty Spire (QoL Compilation)","Pale of the Ancients","Reliquary","Replay The Spire","Shop Mod","Spikes Relics","StSLib","The Alterego","The Blue Laboratory","The Poker Player","The Witch","Waifu the Spire","Yuri Mod"],"gold_per_floor":[99,115,134,34,54,67,67,97,109,109,34,34,34,48,61,156,156,156,168,168,168,182,182,182,193,193,153,173,173,206,65,82,187,187,87,100,117,117,117,17,17,51,265,600,500,527,542,542,555,555,555,555,555,555],"floor_reached":52,"language":"ENG","playtime":2439,"items_purged":["bronze:Strike"],"score":762,"play_id":"4b370c7b-5323-4fc4-b8e1-6a341b403dde","local_time":"20210212114528","is_ascension_mode":false,"campfire_choices":[{"data":"bronze:Replicate","floor":1,"key":"SMITH"},{"data":"bronze:Separator","floor":18,"key":"SMITH"},{"data":"bronze:WhirlingStrike","floor":23,"key":"SMITH"},{"data":"bronze:Constructor","floor":26,"key":"SMITH"},{"floor":29,"key":"RECALL"},{"data":"bronze:SpaghettiCode","floor":35,"key":"SMITH"},{"data":"bronze:Boost","floor":40,"key":"SMITH"},{"data":"bronze:Branch","floor":45,"key":"SMITH"}],"circlet_count":0,"master_deck":["bronze:Defend+1","bronze:Defend+1","bronze:Defend+1","bronze:Defend+1","bronze:Replicate+1","bronze:Separator+1","bronze:WhirlingStrike+1","bronze:SpaghettiCode+1","Die Die Die","Riddle With Holes","Predator","bronze:Verify","bronze:Branch+1","bronze:Constructor+1","bronze:Boost+1","bronze:Constructor+1","bronze:SpaghettiCode+1"],"relics":["bronze:BronzeCore","The Courier","jedi:heavyjacket","jedi:hotpepper","Iron Hammer","Replay:Bottled Eggs","hubris:BundleOfHerbs","Tiny Chest","reliquary:Ember","downfall:HeartBlessingRed","downfall:HeartBlessingGreen","reliquary:BoilingFlask","SpikesRelics:DaevaFist","Old Coin","downfall:HeartBlessingBlue","jedi:cryingmask"],"acts_visited":["Exordium","Gensokyo:Gensokyo","Gensokyo:Gensokyoer","TheEnding"],"potions_floor_usage":[42,50],"damage_taken":[{"damage":4,"enemies":"Gensokyo:Gryphon","floor":2,"turns":3},{"damage":0,"enemies":"Gensokyo:2_Kodama","floor":3,"turns":3},{"damage":6,"enemies":"Gensokyo:Python","floor":5,"turns":3},{"damage":1,"enemies":"Gensokyo:2_Rabbits","floor":6,"turns":4},{"damage":3,"enemies":"Gensokyo:Aya","floor":8,"turns":5},{"damage":1,"enemies":"Gensokyo:Gryphon_and_Rabbit","floor":9,"turns":3},{"damage":8,"enemies":"downfall:FleeingMerchant","floor":11,"turns":4},{"damage":5,"enemies":"Gensokyo:Kitsune","floor":14,"turns":3},{"damage":0,"enemies":"Gensokyo:VengefulSpirit","floor":15,"turns":3},{"damage":35,"enemies":"SI_SHIV_ARCHETYPE","floor":16,"turns":10},{"damage":0,"enemies":"Gensokyo:2_Gloops","floor":19,"turns":3},{"damage":0,"enemies":"Gensokyo:Chomper","floor":22,"turns":3},{"damage":0,"enemies":"Gensokyo:Wraith","floor":25,"turns":3},{"damage":0,"enemies":"Gensokyo:Chomper_and_Gloop","floor":28,"turns":4},{"damage":1,"enemies":"Gensokyo:Koishi","floor":30,"turns":6},{"damage":0,"enemies":"downfall:FleeingMerchant","floor":31,"turns":4},{"damage":0,"enemies":"Gensokyo:Slime_Group","floor":32,"turns":2},{"damage":12,"enemies":"DF_ARCHETYPE_CLAW","floor":33,"turns":10},{"damage":2,"enemies":"Gensokyo:AncientGuardian","floor":36,"turns":4},{"damage":0,"enemies":"Gensokyo:3_Boulders","floor":37,"turns":3},{"damage":6,"enemies":"Gensokyo:Marisa","floor":42,"turns":5},{"damage":2,"enemies":"downfall:FleeingMerchant","floor":43,"turns":4},{"damage":4,"enemies":"Gensokyo:Kasen","floor":44,"turns":7},{"damage":26,"enemies":"Gensokyo:Marisa","floor":46,"turns":5},{"damage":0,"enemies":"Gensokyo:4_Bats","floor":47,"turns":3},{"damage":1,"enemies":"Gensokyo:Rafflesia","floor":49,"turns":6},{"damage":7,"enemies":"WA_ARCHETYPE_DIVINITY","floor":50,"turns":16},{"damage":60,"enemies":"downfall:CharBossMerchant","floor":52,"turns":7}],"seed_played":"359698864184385401","potions_obtained":[{"floor":6,"key":"Block Potion"},{"floor":8,"key":"Fire Potion"},{"floor":9,"key":"PowerPotion"},{"floor":46,"key":"GamblersBrew"}],"is_trial":false,"path_per_floor":["R","M","M","?","M","M","T","E","M","?","$","?","?","M","M","B",null,"R","M","?","?","M","R","T","M","R","?","M","R","E","$","M","B",null,"R","M","M","?","?","R","T","E","$","E","R","E","M","?","M","B",null,"E"],"character_chosen":"THE_AUTOMATON","items_purchased":["Tiny Chest","SpikesRelics:DaevaFist"],"campfire_rested":0,"item_purchase_floors":[31,43],"current_hp_per_floor":[70,66,66,66,60,59,59,56,55,55,47,47,47,42,42,7,52,52,52,52,52,52,52,52,52,52,52,52,52,51,51,51,39,52,52,50,50,50,50,50,50,44,42,38,43,17,17,17,16,30,57,0,0,0],"gold":555,"neow_bonus":"UPGRADE_CARD","is_daily":false,"chose_seed":false,"campfire_upgraded":7,"win_rate":0.0,"timestamp":1613148328,"path_taken":["R","M","?","?","M","M","T","E","?","?","$","?","?","?","M","BOSS","R","M","?","?","?","R","T","M","R","?","M","R","E","?","M","BOSS","R","M","M","?","?","R","T","E","$","E","R","E","M","?","M","BOSS","E"],"items_purchased_type":["Relic","Relic"],"build_version":"2020-12-22","purchased_purges":1,"victory":false,"max_hp_per_floor":[70,70,70,70,70,70,70,70,70,70,70,70,70,70,70,70,52,52,52,52,52,52,52,52,52,52,52,52,52,52,52,52,52,52,52,52,52,52,52,52,52,52,52,52,57,57,57,57,57,57,57,57,57,57],"card_choices":[{"not_picked":["bronze:Shield","bronze:Frontload"],"picked":"bronze:BronzeOrb","floor":2},{"not_picked":["bronze:Overheat","bronze:Iterate"],"picked":"bronze:Separator","floor":3},{"not_picked":["bronze:Fortify","bronze:Turbo"],"picked":"bronze:WhirlingStrike","floor":5},{"not_picked":["bronze:Deprecate","bronze:Repair","bronze:OilSpill"],"picked":"SKIP","floor":6},{"not_picked":["bronze:Overheat","bronze:Safeguard"],"picked":"bronze:SpaghettiCode","floor":8},{"not_picked":["bronze:Shield","bronze:WildBeam","bronze:DelayedGuard"],"picked":"SKIP","floor":9},{"not_picked":["bronze:MaxOutput","bronze:Shield","bronze:BugBarrage"],"picked":"SKIP","floor":11},{"not_picked":["bronze:ChosenStrike","bronze:DarkDash","bronze:ForceShield"],"picked":"SKIP","floor":14},{"not_picked":["bronze:Frontload","bronze:Virus","bronze:FollowUp"],"picked":"SKIP","floor":15},{"not_picked":["bronze:Virus","bronze:HardenedForm"],"picked":"bronze:Verify","floor":16},{"not_picked":["bronze:Refactor+1","bronze:BitShift","bronze:NullPointer+1"],"picked":"SKIP","floor":19},{"not_picked":["bronze:DarkDash","bronze:Refactor"],"picked":"bronze:Branch","floor":22},{"not_picked":["bronze:DelayedGuard","bronze:Repair+1"],"picked":"bronze:Constructor","floor":25},{"not_picked":["bronze:Separator","bronze:Invalidate"],"picked":"bronze:Boost","floor":28},{"not_picked":["bronze:BugBarrage","bronze:Separator"],"picked":"bronze:Constructor+1","floor":30},{"not_picked":["bronze:Mutator","bronze:WhirlingStrike+1","bronze:MaxOutput"],"picked":"SKIP","floor":31},{"not_picked":["bronze:BugBarrage","bronze:ChosenStrike+1","bronze:WhirlingStrike"],"picked":"SKIP","floor":32},{"not_picked":["bronze:InfiniteLoop","bronze:Break"],"picked":"bronze:SpaghettiCode","floor":33},{"not_picked":["bronze:MaxOutput+1","bronze:Turbo+1","bronze:InfiniteBeams"],"picked":"SKIP","floor":36},{"not_picked":["bronze:Shield","bronze:CutThrough","bronze:Turbo+1"],"picked":"SKIP","floor":37},{"not_picked":["bronze:Allocate","bronze:Flail+1","bronze:BitShift+1"],"picked":"SKIP","floor":42},{"not_picked":["bronze:BuggyMess","bronze:Repulsor","bronze:FindAndReplace"],"picked":"SKIP","floor":43},{"not_picked":["bronze:Deprecate","bronze:Separator+1","bronze:NullPointer+1"],"picked":"SKIP","floor":44},{"not_picked":["bronze:CloningBeam+1","bronze:DarkDash+1","bronze:BugBarrage"],"picked":"SKIP","floor":46},{"not_picked":["bronze:Overheat+1","bronze:Shield+1","bronze:NullPointer"],"picked":"SKIP","floor":47},{"not_picked":["bronze:Constructor+1","bronze:ForceShield+1","bronze:ClassDefault"],"picked":"SKIP","floor":49}],"player_experience":257856,"relics_obtained":[{"floor":7,"key":"jedi:heavyjacket"},{"floor":8,"key":"ReplayTheSpireMod:Lightbulb"},{"floor":24,"key":"Replay:Bottled Eggs"},{"floor":30,"key":"hubris:BundleOfHerbs"},{"floor":42,"key":"reliquary:BoilingFlask"},{"floor":44,"key":"Old Coin"},{"floor":46,"key":"jedi:cryingmask"}],"event_choices":[],"is_beta":false,"boss_relics":[{"not_picked":["Replay:Drink Me","Runic Pyramid"],"picked":"jedi:hotpepper"},{"not_picked":["aspiration:RunicSpoon","halation:MonkeysPaw"],"picked":"reliquary:Ember"}],"items_purged_floors":[11],"is_endless":false,"potions_floor_spawned":[6,8,9,14,15,25,28,30,32,36,46,49],"killed_by":"downfall:CharBossMerchant","ascension_level":0}}