{"host":"pj7egx7jkoz18hom","time":1613112834,"event":{"mods":["AchievementEnabler","BaseMod","Keyboard Shortcuts","Minty Spire (QoL Compilation)","SuperFastMode"],"gold_per_floor":[119,129,143,153,163,174,201,126,152,186,186,186,199,225,225,326,326,341,108,121,139,319,348,348,382,451,451,111,111,128,128,128,233,233,248,265,140,150,200,200,200],"floor_reached":40,"language":"KOR","playtime":2032,"items_purged":["Strike_R","Cleave","Strike_R"],"score":482,"play_id":"43acf5a1-9c71-48c7-aecf-59dd2ce5edaf","local_time":"20210212155354","is_ascension_mode":true,"campfire_choices":[{"floor":11,"key":"REST"},{"data":"Armaments","floor":15,"key":"SMITH"},{"data":"Double Tap","floor":24,"key":"SMITH"},{"floor":27,"key":"REST"},{"data":"Metallicize","floor":29,"key":"SMITH"},{"data":"Impervious","floor":32,"key":"SMITH"}],"circlet_count":0,"master_deck":["Strike_R","Strike_R","Defend_R","Defend_R","Defend_R","Metallicize+1","Armaments+1","Bloodletting","Iron Wave","Pommel Strike","Rage","Shrug It Off","Double Tap+1","Cleave+1","Metallicize+1","Feed+1","Dramatic Entrance","Metallicize","Iron Wave+1","Good Instincts","Impervious+1","Body Slam+1","Juggernaut","Shrug It Off+1","Seeing Red+1","Body Slam"],"relics":["Burning Blood","Orichalcum","Bronze Scales","Kunai","Bag of Preparation","Astrolabe","Bag of Marbles","Omamori","Happy Flower","HornCleat","Letter Opener","SacredBark","Prayer Wheel"],"acts_visited":["Exordium","TheCity","TheBeyond"],"potions_floor_usage":[6,7,16,16,23,33,36,39,39,40],"damage_taken":[{"damage":2,"enemies":"2 Louse","floor":1,"turns":2},{"damage":12,"enemies":"Jaw Worm","floor":2,"turns":5},{"damage":2,"enemies":"Small Slimes","floor":3,"turns":5},{"damage":5,"enemies":"Blue Slaver","floor":4,"turns":5},{"damage":46,"enemies":"Exordium Thugs","floor":5,"turns":8},{"damage":12,"enemies":"Looter","floor":6,"turns":4},{"damage":23,"enemies":"Gremlin Nob","floor":7,"turns":5},{"damage":9,"enemies":"3 Sentries","floor":10,"turns":6},{"damage":4,"enemies":"Blue Slaver","floor":13,"turns":3},{"damage":15,"enemies":"Hexaghost","floor":16,"turns":11},{"damage":8,"enemies":"2 Thieves","floor":18,"turns":4},{"damage":9,"enemies":"Spheric Guardian","floor":20,"turns":5},{"damage":10,"enemies":"Centurion and Healer","floor":21,"turns":4},{"damage":21,"enemies":"Gremlin Leader","floor":23,"turns":8},{"damage":18,"enemies":"Book of Stabbing","floor":25,"turns":8},{"damage":0,"enemies":"Sentry and Sphere","floor":30,"turns":6},{"damage":21,"enemies":"Collector","floor":33,"turns":13},{"damage":15,"enemies":"3 Shapes","floor":35,"turns":2},{"damage":9,"enemies":"3 Darklings","floor":36,"turns":4},{"damage":20,"enemies":"Writhing Mass","floor":38,"turns":6},{"damage":9,"enemies":"Mind Bloom Boss Battle","floor":39,"turns":8},{"damage":73,"enemies":"Giant Head","floor":40,"turns":10}],"seed_played":"-4025006722737843707","potions_obtained":[{"floor":1,"key":"ColorlessPotion"},{"floor":3,"key":"Block Potion"},{"floor":5,"key":"Strength Potion"},{"floor":7,"key":"Dexterity Potion"},{"floor":23,"key":"SpeedPotion"},{"floor":25,"key":"BlessingOfTheForge"},{"floor":30,"key":"ColorlessPotion"},{"floor":35,"key":"PowerPotion"},{"floor":38,"key":"FearPotion"}],"is_trial":false,"path_per_floor":["M","M","M","M","M","M","E","$","T","E","R","?","M","T","R","B",null,"M","$","M","M","?","E","R","E","T","R","$","R","M","?","R","B",null,"M","M","$","M","?","E"],"character_chosen":"IRONCLAD","items_purchased":["Bag of Marbles","Dramatic Entrance","Letter Opener"],"campfire_rested":2,"item_purchase_floors":[19,19,28],"current_hp_per_floor":[88,82,86,87,47,41,24,24,24,21,47,40,42,42,42,33,88,86,86,83,83,52,37,37,25,25,52,52,52,58,58,58,43,92,83,80,80,66,63,0,0],"gold":200,"neow_bonus":"TEN_PERCENT_HP_BONUS","is_daily":false,"chose_seed":false,"campfire_upgraded":4,"win_rate":0.0,"timestamp":1613112834,"path_taken":["M","M","M","M","M","M","E","$","T","E","R","?","M","?","R","BOSS","M","$","M","M","?","E","R","E","T","R","$","R","?","?","R","BOSS","M","M","$","M","?","E"],"items_purchased_type":["Relic","Card","Relic"],"build_version":"2020-12-22","purchased_purges":3,"victory":false,"max_hp_per_floor":[88,88,88,88,88,88,88,88,88,88,88,88,88,88,88,88,88,88,88,88,92,92,92,92,92,92,92,92,92,92,92,92,92,92,92,92,92,92,92,92,92],"card_choices":[{"not_picked":["Reckless Charge","Rage"],"picked":"Metallicize","floor":1},{"not_picked":["Flex","Sword Boomerang"],"picked":"Battle Trance","floor":2},{"not_picked":["Pommel Strike","Clash"],"picked":"Armaments","floor":3},{"not_picked":["Rampage","True Grit"],"picked":"Bloodletting","floor":4},{"not_picked":["Pummel","Hemokinesis"],"picked":"Iron Wave","floor":5},{"not_picked":["Heavy Blade","Flex"],"picked":"Cleave","floor":6},{"not_picked":["Immolate","Wild Strike"],"picked":"Pommel Strike","floor":7},{"not_picked":["Rampage","Body Slam"],"picked":"Rage","floor":10},{"not_picked":["Clothesline","Dual Wield"],"picked":"Shrug It Off","floor":13},{"not_picked":["Berserk","Reaper"],"picked":"Double Tap","floor":16},{"not_picked":["Headbutt+1","Combust","Anger"],"picked":"SKIP","floor":18},{"not_picked":["Shrug It Off","Sever Soul"],"picked":"Metallicize","floor":20},{"not_picked":["Pommel Strike","Perfected Strike"],"picked":"Iron Wave+1","floor":21},{"not_picked":["Blood for Blood","Combust","Heavy Blade"],"picked":"SKIP","floor":23},{"not_picked":["Anger","Blood for Blood+1"],"picked":"Impervious","floor":25},{"not_picked":["Evolve","Havoc+1"],"picked":"Body Slam+1","floor":30},{"not_picked":["Berserk","Corruption"],"picked":"Juggernaut","floor":33},{"not_picked":["Pummel","Anger"],"picked":"Shrug It Off+1","floor":35},{"not_picked":["Fire Breathing+1","Heavy Blade"],"picked":"Seeing Red+1","floor":36},{"not_picked":["Perfected Strike","Cleave"],"picked":"Body Slam","floor":38}],"player_experience":12862,"relics_obtained":[{"floor":7,"key":"Orichalcum"},{"floor":9,"key":"Bronze Scales"},{"floor":10,"key":"Kunai"},{"floor":14,"key":"Bag of Preparation"},{"floor":23,"key":"Omamori"},{"floor":25,"key":"Happy Flower"},{"floor":26,"key":"HornCleat"},{"floor":39,"key":"Prayer Wheel"}],"event_choices":[{"cards_removed":["Battle Trance"],"damage_healed":0,"gold_gain":0,"player_choice":"Card Removal","damage_taken":7,"max_hp_gain":0,"max_hp_loss":0,"event_name":"Golden Wing","floor":12,"gold_loss":0},{"damage_healed":0,"gold_gain":180,"player_choice":"POTION CARD GOLD GOLD ","damage_taken":31,"max_hp_gain":0,"max_hp_loss":0,"event_name":"Knowing Skull","floor":22,"potions_obtained":["Explosive Potion"],"gold_loss":0,"cards_obtained":["Good Instincts"]},{"damage_healed":0,"gold_gain":0,"player_choice":"Ignored","damage_taken":0,"max_hp_gain":0,"max_hp_loss":0,"event_name":"Ghosts","floor":31,"gold_loss":0},{"damage_healed":0,"gold_gain":0,"player_choice":"Fight","damage_taken":0,"max_hp_gain":0,"max_hp_loss":0,"event_name":"MindBloom","floor":39,"gold_loss":0}],"is_beta":false,"boss_relics":[{"not_picked":["Cursed Key","Mark of Pain"],"picked":"Astrolabe"},{"not_picked":["Snecko Eye","Philosopher\u0027s Stone"],"picked":"SacredBark"}],"items_purged_floors":[8,28,37],"is_endless":false,"potions_floor_spawned":[1,3,5,7,23,25,30,35,38],"killed_by":"Giant Head","ascension_level":2}}