{"host":"noqd367nwmbqmww7","time":1613118759,"event":{"mods":["AchievementEnabler","BaseMod","Colored Map","Keyboard Shortcuts","Minty Spire (QoL Compilation)","Quick Restart","StSLib","SuperFastMode","The Jungle"],"gold_per_floor":[13,27,27,47,59,59,93,93,93,118,148,178,194,211,211,288,288,308,268,285,295,58,83,83,115,142,142,142,174,191,205,205,284,284,304,304,316,366,366,366,394,394,444,7,32,45,63,76,76,76,76],"floor_reached":52,"language":"KOR","playtime":3056,"items_purged":["Fire Breathing+1"],"score":2199,"play_id":"0bc2136a-dc7a-4d68-81dc-230a65e33ad3","local_time":"20210212173239","is_ascension_mode":true,"campfire_choices":[{"data":"Pommel Strike","floor":6.0,"key":"SMITH"},{"data":"Pummel","floor":8.0,"key":"SMITH"},{"data":"Fire Breathing","floor":15.0,"key":"SMITH"},{"floor":24.0,"key":"REST"},{"floor":32.0,"key":"REST"},{"data":"Dark Embrace","floor":40.0,"key":"SMITH"},{"data":"Bash","floor":42.0,"key":"SMITH"},{"floor":49,"key":"REST"}],"circlet_count":0,"master_deck":["AscendersBane","Bash+1","Pommel Strike+1","Pummel+1","Battle Trance+1","Spot Weakness+1","Immolate+1","Sentinel+1","Feed+1","Pummel+1","Dropkick+1","Limit Break+1","Exhume+1","Infernal Blade+1","Double Tap+1","Clothesline+1","Pummel+1","Second Wind+1","Sword Boomerang+1","Reaper+1","Disarm+1","Seeing Red+1","Sentinel+1","Dark Embrace+1","Rage+1","Offering+1"],"relics":["Burning Blood","Lizard Tail","Toxic Egg 2","Juzu Bracelet","Molten Egg 2","Gremlin Horn","Bag of Marbles","Charon\u0027s Ashes","Pandora\u0027s Box","Toy Ornithopter","Red Skull","Ancient Tea Set","War Paint","theJungle:SneckoAutograph","Torii","Runic Pyramid","Unceasing Top","StrikeDummy","Dream Catcher","Frozen Eye","InkBottle","Magic Flower"],"acts_visited":["Exordium","Exordium","TheBeyond"],"potions_floor_usage":[45,50],"damage_taken":[{"damage":2.0,"enemies":"2 Louse","floor":1.0,"turns":3.0},{"damage":6.0,"enemies":"Cultist","floor":2.0,"turns":3.0},{"damage":11.0,"enemies":"Jaw Worm","floor":4.0,"turns":5.0},{"damage":12.0,"enemies":"Gremlin Gang","floor":5.0,"turns":6.0},{"damage":8.0,"enemies":"Gremlin Nob","floor":7.0,"turns":3.0},{"damage":20.0,"enemies":"3 Sentries","floor":10.0,"turns":6.0},{"damage":0.0,"enemies":"Gremlin Nob","floor":12.0,"turns":2.0},{"damage":8.0,"enemies":"Blue Slaver","floor":13.0,"turns":2.0},{"damage":0.0,"enemies":"Large Slime","floor":14.0,"turns":3.0},{"damage":42.0,"enemies":"Hexaghost","floor":16.0,"turns":8.0},{"damage":7.0,"enemies":"Shell Parasite","floor":18.0,"turns":2.0},{"damage":17.0,"enemies":"theJungle:MUSHROOMGANG","floor":20.0,"turns":2.0},{"damage":27.0,"enemies":"theJungle:Lyon","floor":21.0,"turns":3.0},{"damage":0.0,"enemies":"theJungle:Cassacara","floor":23.0,"turns":2.0},{"damage":0.0,"enemies":"theJungle:MamaSnecko","floor":25.0,"turns":3.0},{"damage":64.0,"enemies":"theJungle:Cassacara","floor":29.0,"turns":6.0},{"damage":14.0,"enemies":"Snake Plant","floor":30.0,"turns":3.0},{"damage":23.0,"enemies":"theJungle:2_Flameangoes","floor":31.0,"turns":3.0},{"damage":0.0,"enemies":"theJungle:TotemBoss","floor":33.0,"turns":2.0},{"damage":13.0,"enemies":"Orb Walker","floor":35.0,"turns":2.0},{"damage":0.0,"enemies":"3 Darklings","floor":37.0,"turns":2.0},{"damage":81.0,"enemies":"2 Orb Walkers","floor":38.0,"turns":4.0},{"damage":1.0,"enemies":"Nemesis","floor":41.0,"turns":3.0},{"damage":6,"enemies":"Mind Bloom Boss Battle","floor":45,"turns":3},{"damage":2,"enemies":"Sphere and 2 Shapes","floor":46,"turns":3},{"damage":0,"enemies":"Spire Growth","floor":47,"turns":2},{"damage":7,"enemies":"Maw","floor":48,"turns":4},{"damage":14,"enemies":"Donu and Deca","floor":50,"turns":3},{"damage":61,"enemies":"Time Eater","floor":51,"turns":9}],"seed_played":"3690567256110507477","potions_obtained":[{"floor":4.0,"key":"GamblersBrew"},{"floor":5.0,"key":"LiquidMemories"},{"floor":7.0,"key":"Swift Potion"},{"floor":14.0,"key":"FearPotion"},{"floor":16.0,"key":"SpeedPotion"},{"floor":18.0,"key":"Fire Potion"},{"floor":19.0,"key":"EntropicBrew"},{"floor":19.0,"key":"Energy Potion"},{"floor":20.0,"key":"Swift Potion"},{"floor":23.0,"key":"GamblersBrew"},{"floor":30.0,"key":"Strength Potion"},{"floor":33.0,"key":"AttackPotion"},{"floor":37.0,"key":"EssenceOfSteel"},{"floor":41.0,"key":"ColorlessPotion"},{"floor":45,"key":"LiquidBronze"}],"is_trial":false,"path_per_floor":["M","M","?","M","M","R","E","R","T","E","?","E","M","M","R","B",null,"M","?","M","M","$","E","R","E","T","?","?","E","M","M","R","B",null,"M","?","M","?","?","R","E","R","T","$","?","M","M","M","R","B","B",null],"character_chosen":"IRONCLAD","items_purchased":["Toy Ornithopter","Offering+1","InkBottle"],"campfire_rested":3,"item_purchase_floors":[22,44,44],"current_hp_per_floor":[72,72,72,67,61,61,59,59,59,45,45,51,49,55,55,19,61,60,60,53,32,32,42,66,81,81,81,81,55,47,46,73,88,93,88,88,99,54,54,54,97,97,97,97,106,111,111,115,115,116,96],"gold":76,"neow_bonus":"ONE_RARE_RELIC","is_daily":false,"chose_seed":false,"campfire_upgraded":5,"win_rate":0.0,"timestamp":1613118759,"path_taken":["M","M","?","M","M","R","E","R","T","E","?","E","M","M","R","BOSS","M","?","M","M","$","E","R","E","T","?","?","E","M","M","R","BOSS","M","?","M","?","?","R","E","R","T","$","?","M","M","M","R","BOSS","BOSS"],"items_purchased_type":["Relic","Card","Relic"],"build_version":"2020-12-22","purchased_purges":1,"victory":true,"max_hp_per_floor":[75,75,75,75,75,75,75,75,75,75,75,75,75,75,75,75,75,75,75,79,79,79,83,83,87,87,87,87,87,87,91,91,95,95,95,95,99,103,103,103,103,103,103,103,107,111,111,115,115,119,119],"card_choices":[{"not_picked":["Anger","Searing Blow"],"picked":"Pommel Strike","floor":1.0},{"not_picked":["Iron Wave","Clothesline"],"picked":"Spot Weakness","floor":2.0},{"not_picked":["Clothesline","Combust"],"picked":"Pummel","floor":4.0},{"not_picked":["Heavy Blade","Sever Soul"],"picked":"Battle Trance+1","floor":5.0},{"not_picked":["Anger","True Grit+1"],"picked":"Spot Weakness+1","floor":7.0},{"not_picked":["Searing Blow+1","Juggernaut","Spot Weakness+1"],"picked":"SKIP","floor":10.0},{"not_picked":["Uppercut+1","Anger+1"],"picked":"Immolate+1","floor":12.0},{"not_picked":["Iron Wave+1","Fire Breathing"],"picked":"Sentinel+1","floor":13.0},{"not_picked":["Carnage+1","Dark Embrace"],"picked":"Fire Breathing","floor":14.0},{"not_picked":["Bludgeon+1","Berserk"],"picked":"Feed+1","floor":16.0},{"not_picked":["Clash+1","Infernal Blade+1","Anger+1"],"picked":"SKIP","floor":18.0},{"not_picked":["Clash+1","Rampage+1"],"picked":"True Grit+1","floor":20.0},{"not_picked":["Dual Wield+1","Perfected Strike+1","Pommel Strike+1"],"picked":"SKIP","floor":21.0},{"not_picked":["Pommel Strike+1","Cleave+1"],"picked":"Sword Boomerang+1","floor":23.0},{"not_picked":["Seeing Red+1","Warcry+1"],"picked":"Reaper+1","floor":25.0},{"not_picked":["Armaments+1","Twin Strike+1"],"picked":"Disarm+1","floor":29.0},{"not_picked":["Fire Breathing","Anger+1"],"picked":"Seeing Red+1","floor":30.0},{"not_picked":["Uppercut+1","Infernal Blade+1","Hemokinesis+1"],"picked":"SKIP","floor":31.0},{"not_picked":["Cleave+1","Blood for Blood+1","Perfected Strike+1"],"picked":"SKIP","floor":35.0},{"not_picked":["Searing Blow+1","Cleave+1"],"picked":"Sentinel+1","floor":37.0},{"not_picked":["Havoc+1","Rage+1"],"picked":"Dark Embrace","floor":38.0},{"not_picked":["Thunderclap+1","Rage+1","Dropkick+1"],"picked":"SKIP","floor":41.0},{"not_picked":["Thunderclap+1","Dropkick+1"],"picked":"Rage+1","floor":41.0},{"not_picked":["Immolate+1","Heavy Blade+1","Cleave+1"],"picked":"SKIP","floor":46},{"not_picked":["Headbutt+1","Rupture","Pommel Strike+1"],"picked":"SKIP","floor":47},{"not_picked":["Iron Wave+1","Body Slam+1","Perfected Strike+1"],"picked":"SKIP","floor":48}],"player_experience":1111251,"relics_obtained":[{"floor":7.0,"key":"Juzu Bracelet"},{"floor":9.0,"key":"Molten Egg 2"},{"floor":10.0,"key":"Gremlin Horn"},{"floor":12.0,"key":"Charon\u0027s Ashes"},{"floor":23.0,"key":"Red Skull"},{"floor":25.0,"key":"Ancient Tea Set"},{"floor":26.0,"key":"War Paint"},{"floor":29.0,"key":"Torii"},{"floor":38.0,"key":"Unceasing Top"},{"floor":41.0,"key":"StrikeDummy"},{"floor":43.0,"key":"Dream Catcher"},{"floor":45,"key":"Magic Flower"}],"event_choices":[{"cards_removed":["Spot Weakness"],"damage_healed":0.0,"max_hp_gain":0.0,"max_hp_loss":0.0,"gold_gain":0.0,"event_name":"WeMeetAgain","player_choice":"Gave Card","floor":3.0,"gold_loss":0.0,"damage_taken":0.0,"relics_obtained":["Toxic Egg 2"]},{"damage_healed":0.0,"max_hp_gain":0.0,"max_hp_loss":0.0,"gold_gain":30.0,"event_name":"Dead Adventurer","player_choice":"Searched \u00273\u0027 times","floor":11.0,"gold_loss":0.0,"damage_taken":0.0,"relics_obtained":["Bag of Marbles"]},{"damage_healed":0.0,"max_hp_gain":0.0,"max_hp_loss":0.0,"gold_gain":0.0,"event_name":"The Woman in Blue","player_choice":"Bought 3 Potions","floor":19.0,"gold_loss":0.0,"damage_taken":0.0},{"cards_removed":["True Grit"],"damage_healed":0.0,"max_hp_gain":0.0,"max_hp_loss":0.0,"gold_gain":0.0,"event_name":"Falling","player_choice":"Removed Skill","floor":36.0,"gold_loss":0.0,"damage_taken":0.0},{"damage_healed":0.0,"max_hp_gain":0.0,"max_hp_loss":0.0,"gold_gain":0.0,"event_name":"Mysterious Sphere","player_choice":"Fight","floor":38.0,"gold_loss":0.0,"damage_taken":0.0},{"cards_removed":["Shame"],"damage_healed":0.0,"max_hp_gain":0.0,"max_hp_loss":0.0,"gold_gain":0.0,"event_name":"Purifier","player_choice":"Purged","floor":39.0,"gold_loss":0.0,"damage_taken":0.0},{"damage_healed":0,"gold_gain":0,"player_choice":"Fight","damage_taken":0,"max_hp_gain":0,"max_hp_loss":0,"event_name":"MindBloom","floor":45,"gold_loss":0}],"is_beta":false,"boss_relics":[{"not_picked":["Coffee Dripper","SlaversCollar"],"picked":"Pandora\u0027s Box"},{"not_picked":["Mark of Pain","Runic Cube"],"picked":"Runic Pyramid"}],"items_purged_floors":[22],"is_endless":false,"potions_floor_spawned":[4,5,7,14,16,18,20,23,30,33,37,41,45],"ascension_level":20}}