{"host":"uyrebrj0204enqpc","time":1613168950,"event":{"mods":["Act Like it!","Bard","BaseMod","Block Reminder","Challenge The Spire","Colored Map","Colored Powertips","DeckTracker","Downfall","GifTheSpireLib","HexUI Lib","Highlight Path","Hubris","Minty Spire (QoL Compilation)","Pale of the Ancients","Quick Restart","Random Character Button","Relic Sorter","Relic Stats","Shop Mod","StSLib","The Blue Laboratory","The Bug Knight","The Cursed","The Jungle","The Marked","Wandering Minibosses"],"gold_per_floor":[112,62,62,62,74,74,104,104,183,183,183,212,212,189,189,189,189],"floor_reached":16,"language":"ENG","playtime":595,"items_purged":[],"score":187,"play_id":"47577d7a-7d22-4893-ad7a-a2d738461505","local_time":"20210212172910","is_ascension_mode":true,"campfire_choices":[{"data":"theMarked:SoldierOfQuellstein","floor":6,"key":"SMITH"},{"data":"theMarked:Memento","floor":8,"key":"SMITH"},{"data":"theMarked:Defend","floor":10,"key":"SMITH"},{"data":"theMarked:Defend","floor":13,"key":"SMITH"},{"floor":15,"key":"REST"}],"circlet_count":0,"master_deck":["theMarked:Strike","theMarked:Strike+1","theMarked:Strike+1","theMarked:Defend","theMarked:Defend","theMarked:Defend+1","theMarked:Defend+1","theMarked:SoldierOfQuellstein+1","theMarked:Memento+1"],"relics":["theMarked:ArtifactOfAir","NeowsBlessing","Ice Cream","Singing Bowl","hubris:Towel","Prayer Wheel"],"acts_visited":["Exordium"],"potions_floor_usage":[],"damage_taken":[{"damage":0,"enemies":"2 Louse","floor":1,"turns":1},{"damage":0,"enemies":"Small Slimes","floor":5,"turns":1},{"damage":0,"enemies":"3 Sentries","floor":7,"turns":2},{"damage":25,"enemies":"Gremlin Nob","floor":12,"turns":4},{"damage":74,"enemies":"Slime Boss","floor":16,"turns":13}],"seed_played":"3250289025104063930","potions_obtained":[{"floor":1,"key":"Ancient Potion"},{"floor":7,"key":"FairyPotion"}],"is_trial":false,"path_per_floor":["M","?","?","?","M","R","E","R","T","R","?","E","R","?","R","B"],"character_chosen":"THE_DEFAULT","items_purchased":[],"campfire_rested":1,"item_purchase_floors":[],"current_hp_per_floor":[63,63,63,49,49,49,49,49,49,49,49,26,26,26,47,0,0],"gold":189,"neow_bonus":"THREE_ENEMY_KILL","is_daily":false,"chose_seed":false,"campfire_upgraded":4,"win_rate":0.0,"timestamp":1613168950,"path_taken":["M","?","?","?","M","R","E","R","T","R","?","E","R","?","R","BOSS"],"items_purchased_type":[],"build_version":"2020-12-22","purchased_purges":0,"victory":false,"max_hp_per_floor":[70,70,70,70,70,70,70,70,70,70,70,72,72,72,72,72,72],"relic_stats":{"Singing Bowl":2,"counters":[5,21],"Prayer Wheel":0,"obtain_stats":[{"Ice Cream":7,"theMarked:ArtifactOfAir":0,"NeowsBlessing":0,"Singing Bowl":9,"Prayer Wheel":12,"hubris:Towel":11},{"Ice Cream":3,"theMarked:ArtifactOfAir":0,"NeowsBlessing":0,"Singing Bowl":3,"Prayer Wheel":4,"hubris:Towel":3},{"Ice Cream":4,"theMarked:ArtifactOfAir":0,"NeowsBlessing":0,"Singing Bowl":4,"Prayer Wheel":8,"hubris:Towel":4}]},"card_choices":[{"not_picked":["theMarked:Maelstrom","theMarked:HeightenedSenses","theMarked:Pokerface"],"picked":"SKIP","floor":1},{"not_picked":["theMarked:BanishingStrike","theMarked:Parkour","theMarked:SwordAndMagic"],"picked":"SKIP","floor":5},{"not_picked":["theMarked:SelfDefenseTraining","theMarked:ChainLightning","theMarked:TurnInvisible"],"picked":"SKIP","floor":7},{"not_picked":["theMarked:Polarize","theMarked:TwofoldDefense","theMarked:Snap"],"picked":"Singing Bowl","floor":12}],"player_experience":1120348,"relics_obtained":[{"floor":7,"key":"Ice Cream"},{"floor":9,"key":"Singing Bowl"},{"floor":12,"key":"Prayer Wheel"}],"event_choices":[{"cards_removed":["theMarked:Strike"],"damage_healed":0,"gold_gain":0,"player_choice":"Card Removal","damage_taken":0,"max_hp_gain":0,"max_hp_loss":0,"event_name":"The Cleric","floor":2,"gold_loss":50},{"damage_healed":0,"gold_gain":0,"cards_transformed":["theMarked:Strike"],"player_choice":"Change","damage_taken":0,"max_hp_gain":0,"max_hp_loss":0,"event_name":"Living Wall","floor":3,"gold_loss":0,"cards_obtained":["theMarked:Memento"]},{"damage_healed":0,"gold_gain":0,"player_choice":"Entered Light","damage_taken":14,"max_hp_gain":0,"max_hp_loss":0,"event_name":"Shining Light","floor":4,"gold_loss":0,"cards_upgraded":["theMarked:Strike","theMarked:Strike"]},{"damage_healed":0,"gold_gain":0,"player_choice":"Left Gold","damage_taken":0,"max_hp_gain":0,"max_hp_loss":0,"event_name":"World of Goop","floor":14,"gold_loss":23}],"is_beta":false,"boss_relics":[],"items_purged_floors":[],"is_endless":false,"potions_floor_spawned":[1,7],"killed_by":"Slime Boss","ascension_level":9}}