{"host":"wyloba13dxa5qu9d","time":1613153615,"event":{"mods":["100% Spire Juice","AchievementEnabler","BaseMod","Bestiary","Colored Map","Colored Powertips","Curses Come First","Downfall","Lobotomy","Marked Mod","Minty Spire (QoL Compilation)","Quick Restart","Reliquary","StSLib","SuperFastMode"],"gold_per_floor":[99,118,133,133,150,162,234,264,277,302,322,22,22,22,39,141,141,141,141,51,68,82,67,67,67,78,92,92,92,192,202,221,221,221,221],"floor_reached":33,"language":"ZHS","playtime":1508,"items_purged":["hexamod:FifthSeal"],"score":261,"play_id":"5b733f2b-66db-4a22-8c05-862155926e1a","local_time":"20210213021335","is_ascension_mode":false,"campfire_choices":[{"floor":1.0,"key":"RECALL"},{"floor":12.0,"key":"REST"},{"data":"hexamod:HexaLevel","floor":18,"key":"SMITH"},{"floor":28,"key":"REST"}],"circlet_count":0,"master_deck":["hexamod:Strike+1","hexamod:Strike+1","hexamod:Defend+1","hexamod:Defend+1","hexamod:Defend+1","hexamod:Defend+1","hexamod:Sear","hexamod:Float","Finesse","hexamod:ExtraCrispy","hexamod:Firestarter","hexamod:ExtraCrispy","hexamod:BurningTouch+1","hexamod:Incineration","hexamod:ThermalTransfer","hexamod:HexaLevel+1","hexamod:HeatShield+1","hexamod:BurningTouch+1","hexamod:SoulSteal","hexamod:PhantomCloak+1"],"relics":["hexamod:SpiritBrand","Akabeko","reliquary:RoseTintedGlasses","downfall:HeartBlessingRed","downfall:HeartBlessingGreen","downfall:HeartBlessingBlue","War Paint","Sozu","Gremlin Horn"],"acts_visited":["Exordium","TheCity"],"potions_floor_usage":[],"damage_taken":[{"damage":0.0,"enemies":"Jaw Worm","floor":2.0,"turns":3.0},{"damage":0.0,"enemies":"Cultist","floor":3.0,"turns":3.0},{"damage":0.0,"enemies":"2 Louse","floor":5.0,"turns":3.0},{"damage":5.0,"enemies":"Blue Slaver","floor":6.0,"turns":3.0},{"damage":9.0,"enemies":"Lagavulin","floor":8.0,"turns":7.0},{"damage":16.0,"enemies":"Large Slime","floor":9.0,"turns":3.0},{"damage":24.0,"enemies":"3 Sentries","floor":10.0,"turns":6.0},{"damage":10.0,"enemies":"Exordium Wildlife","floor":11.0,"turns":3.0},{"damage":6.0,"enemies":"Blue Slaver","floor":15.0,"turns":4.0},{"damage":4,"enemies":"SI_SHIV_ARCHETYPE","floor":16,"turns":6},{"damage":0,"enemies":"downfall:FleeingMerchant","floor":20,"turns":4},{"damage":1,"enemies":"Chosen","floor":21,"turns":3},{"damage":20,"enemies":"Snake Plant","floor":22,"turns":3},{"damage":0,"enemies":"downfall:FleeingMerchant","floor":23,"turns":4},{"damage":7,"enemies":"Shelled Parasite and Fungi","floor":26,"turns":4},{"damage":11,"enemies":"Snecko","floor":27,"turns":5},{"damage":0,"enemies":"Centurion and Healer","floor":31,"turns":5},{"damage":0,"enemies":"Snake Plant","floor":32,"turns":3},{"damage":66,"enemies":"DF_ARCHETYPE_CLAW","floor":33,"turns":8}],"seed_played":"3123690426766860187","potions_obtained":[{"floor":3.0,"key":"LiquidMemories"},{"floor":5.0,"key":"PowerPotion"},{"floor":8.0,"key":"EntropicBrew"},{"floor":10.0,"key":"Swift Potion"}],"is_trial":false,"path_per_floor":["R","M","M","?","M","M","T","E","M","E","M","R","?","T","M","B",null,"R","?","$","M","M","$","T","?","M","M","R","?","?","M","M","B"],"character_chosen":"THE_SPIRIT","items_purchased":[],"campfire_rested":2,"item_purchase_floors":[],"current_hp_per_floor":[70,70,70,70,70,65,65,56,40,16,6,40,40,40,34,30,80,80,80,80,79,59,59,59,59,52,41,65,65,65,65,65,0,0,0],"gold":221,"neow_bonus":"RANDOM_COLORLESS","is_daily":false,"chose_seed":false,"campfire_upgraded":1,"win_rate":0.0,"timestamp":1613153615,"path_taken":["R","M","M","?","M","M","T","E","M","E","?","R","?","?","M","BOSS","R","?","$","M","M","$","T","?","?","M","R","?","?","M","M","BOSS"],"items_purchased_type":[],"build_version":"2020-12-22","purchased_purges":1,"victory":false,"max_hp_per_floor":[70,70,70,70,70,70,70,70,70,70,70,80,80,80,80,80,80,80,80,80,80,80,80,80,80,80,80,80,80,80,80,80,80,80,80],"card_choices":[{"not_picked":["Blind","Dramatic Entrance"],"picked":"Finesse","floor":0.0},{"not_picked":["hexamod:NightmareGuise","hexamod:Incineration"],"picked":"hexamod:ExtraCrispy","floor":2.0},{"not_picked":["hexamod:ShieldOfDarkness","hexamod:InspiringFlames"],"picked":"hexamod:Firestarter","floor":3.0},{"not_picked":["hexamod:GhostLash","hexamod:NightmareStrike","hexamod:Haunt"],"picked":"SKIP","floor":5.0},{"not_picked":["hexamod:RetreatToShadows","hexamod:SpectralAdrenaline"],"picked":"hexamod:ExtraCrispy","floor":6.0},{"not_picked":["hexamod:Firestarter","hexamod:SpectersWail"],"picked":"hexamod:BurningTouch","floor":8.0},{"not_picked":["hexamod:Hexaguard","hexamod:GhostflameInferno"],"picked":"hexamod:Incineration","floor":9.0},{"not_picked":["hexamod:Firestarter","hexamod:FastForward","hexamod:ShieldOfDarkness"],"picked":"SKIP","floor":10.0},{"not_picked":["hexamod:Rewind","hexamod:GhostLash","hexamod:ShieldOfDarkness"],"picked":"SKIP","floor":11.0},{"not_picked":["hexamod:GhostLash","hexamod:SwordOfDarkness"],"picked":"hexamod:ThermalTransfer","floor":15.0},{"not_picked":["hexamod:UnleashSpirits","hexamod:UnlimitedPower"],"picked":"hexamod:HexaLevel","floor":16},{"not_picked":["hexamod:NightmareGuise","hexamod:ShieldOfDarkness+1"],"picked":"hexamod:HeatShield+1","floor":20},{"not_picked":["hexamod:Firestarter","hexamod:HauntingEcho"],"picked":"hexamod:BurningTouch+1","floor":21},{"not_picked":["hexamod:Haunt","hexamod:FastForward","hexamod:SpectersWail+1"],"picked":"SKIP","floor":22},{"not_picked":["hexamod:NecessarySacrifice","hexamod:GhostLash"],"picked":"hexamod:SoulSteal","floor":23},{"not_picked":["hexamod:NightmareGuise","hexamod:StepThrough","hexamod:SecondSeal"],"picked":"SKIP","floor":26},{"not_picked":["hexamod:BurningTouch+1","hexamod:ThermalTransfer"],"picked":"hexamod:PhantomCloak+1","floor":27},{"not_picked":["hexamod:ShieldOfDarkness","hexamod:HauntingEcho+1","hexamod:RecurringNightmare"],"picked":"SKIP","floor":31},{"not_picked":["hexamod:SpectralAdrenaline","hexamod:RecurringNightmare","hexamod:BacktrackSmack"],"picked":"SKIP","floor":32}],"player_experience":154276,"relics_obtained":[{"floor":8.0,"key":"Akabeko"},{"floor":10.0,"key":"reliquary:RoseTintedGlasses"},{"floor":14.0,"key":"War Paint"},{"floor":24,"key":"Gremlin Horn"}],"event_choices":[],"is_beta":false,"boss_relics":[{"not_picked":["reliquary:WritOfMandamus","reliquary:Ember"],"picked":"Sozu"}],"items_purged_floors":[20],"is_endless":false,"potions_floor_spawned":[3,5,8,10,11,16,21,26,31],"killed_by":"DF_ARCHETYPE_CLAW","ascension_level":0}}