{"host":"c97twqu0op5dg8i4","time":1613121152,"event":{"mods":["AchievementEnabler","BaseMod","Colored Map","Minty Spire (QoL Compilation)","Permanent Neow"],"gold_per_floor":[210,210,85,160,160,160,196,216,216,240,41,41,56,56,69,69,189,189,209,209,125,140,140,140],"floor_reached":23,"language":"ENG","playtime":597,"items_purged":["Strike_P","Strike_P"],"score":281,"play_id":"1f2792ad-993c-45ed-ab77-42f6b4a3e4b8","local_time":"20210212041232","is_ascension_mode":true,"campfire_choices":[{"data":"Eruption","floor":6,"key":"SMITH"},{"floor":12,"key":"REST"},{"data":"PathToVictory","floor":14,"key":"SMITH"},{"floor":16,"key":"REST"}],"circlet_count":0,"master_deck":["AscendersBane","Strike_P","Strike_P","Defend_P","Defend_P","Defend_P","Defend_P","Eruption+1","Vigilance","FollowUp","PathToVictory+1","Fasting2","PathToVictory","PathToVictory","LikeWater","DevaForm","CurseOfTheBell","MentalFortress","ThirdEye"],"relics":["PureWater","Golden Idol","Smiling Mask","Pantograph","DollysMirror","Calling Bell","MealTicket","Question Card","Gambling Chip"],"acts_visited":["Exordium","TheCity"],"potions_floor_usage":[17],"damage_taken":[{"damage":0,"enemies":"2 Louse","floor":1,"turns":4},{"damage":36,"enemies":"Gremlin Nob","floor":7,"turns":3},{"damage":0,"enemies":"Jaw Worm","floor":8,"turns":2},{"damage":0,"enemies":"Small Slimes","floor":13,"turns":3},{"damage":12,"enemies":"Gremlin Gang","floor":15,"turns":3},{"damage":53,"enemies":"Slime Boss","floor":17,"turns":10},{"damage":53,"enemies":"2 Thieves","floor":19,"turns":5},{"damage":8,"enemies":"Chosen","floor":22,"turns":6},{"damage":0,"enemies":"Sentry and Sphere","floor":23,"turns":2}],"seed_played":"-8702940931487702408","potions_obtained":[{"floor":8,"key":"Ancient Potion"},{"floor":13,"key":"ColorlessPotion"},{"floor":17,"key":"FearPotion"},{"floor":22,"key":"Ambrosia"}],"is_trial":false,"path_per_floor":["M","?","$","?","?","R","E","M","T","T","$","R","M","R","M","R","B",null,"M","?","$","M","M"],"character_chosen":"WATCHER","items_purchased":["PathToVictory","PathToVictory","DollysMirror","MentalFortress"],"campfire_rested":2,"item_purchase_floors":[3,11,11,21],"current_hp_per_floor":[65,65,65,54,54,54,18,18,18,18,18,38,38,38,26,46,14,54,1,23,38,30,30,30],"gold":140,"neow_bonus":"HUNDRED_GOLD","is_daily":false,"chose_seed":false,"campfire_upgraded":2,"win_rate":0.0,"timestamp":1613121152,"path_taken":["M","?","$","?","?","R","E","M","T","T","$","R","M","R","M","R","BOSS","M","?","$","M","M"],"items_purchased_type":["Card","Card","Relic","Card"],"build_version":"2020-12-22","purchased_purges":2,"victory":false,"max_hp_per_floor":[72,72,72,72,67,67,67,67,67,67,67,67,67,67,67,67,67,67,67,67,67,67,67,67],"card_choices":[{"not_picked":["Consecrate","Halt"],"picked":"FollowUp","floor":1},{"not_picked":["Sanctity","Prostrate","Worship"],"picked":"SKIP","floor":7},{"not_picked":["Protect","CrushJoints"],"picked":"Fasting2","floor":8},{"not_picked":["Vault","ClearTheMind","JustLucky"],"picked":"SKIP","floor":13},{"not_picked":["TalkToTheHand","Protect"],"picked":"LikeWater","floor":15},{"not_picked":["Establishment","SpiritShield"],"picked":"DevaForm","floor":17},{"not_picked":["Halt","Prostrate","EmptyBody","Worship+1"],"picked":"SKIP","floor":19},{"not_picked":["CrushJoints","ReachHeaven","Crescendo"],"picked":"ThirdEye","floor":22}],"player_experience":391441,"relics_obtained":[{"floor":7,"key":"Smiling Mask"},{"floor":9,"key":"Pantograph"},{"floor":18,"key":"MealTicket"},{"floor":18,"key":"Question Card"},{"floor":18,"key":"Gambling Chip"}],"event_choices":[{"damage_healed":0,"gold_gain":0,"player_choice":"Leave","damage_taken":0,"max_hp_gain":0,"max_hp_loss":0,"event_name":"The Cleric","floor":2,"gold_loss":0},{"damage_healed":0,"gold_gain":75,"player_choice":"Gather Gold","damage_taken":11,"max_hp_gain":0,"max_hp_loss":0,"event_name":"World of Goop","floor":4,"gold_loss":0},{"damage_healed":0,"gold_gain":0,"player_choice":"Lose Max HP","damage_taken":0,"relics_obtained":["Golden Idol"],"max_hp_gain":0,"max_hp_loss":5,"event_name":"Golden Idol","floor":5,"gold_loss":0},{"damage_healed":22,"gold_gain":0,"player_choice":"Heal","damage_taken":0,"max_hp_gain":0,"max_hp_loss":0,"event_name":"The Library","floor":20,"gold_loss":0}],"is_beta":false,"boss_relics":[{"not_picked":["SlaversCollar","Sozu"],"picked":"Calling Bell"}],"items_purged_floors":[3,21],"is_endless":false,"potions_floor_spawned":[8,13,17,22],"killed_by":"Sentry and Sphere","ascension_level":10}}