{"host":"l","time":1613115297,"event":{"mods":["AchievementEnabler","AlwaysNeverKeys","BaseMod","BetterRewards","DNKmod","Friendly Minions","Grow up Mod","Highlight Path","Minty Spire (QoL Compilation)","Permanent Neow"],"gold_per_floor":[1011,1027,1041,1041,1057,1057,1086,1086,1086,1103,1103,1137,1137,1200,1200,1302,1302,1312,1327,1356,1372,1390,1390,1425,1425,1450,1450,1475,1487,1487,1499,1499,1596,1596,1607,1623,1392,1409,1427,1454,1454,1464,1464,782,807,820,458,458,458,458],"floor_reached":51,"language":"ZHS","playtime":3771,"items_purged":[],"score":1209,"play_id":"ea850d4f-a5f0-42c6-833c-aa3d9c72be04","local_time":"20210212153457","is_ascension_mode":false,"campfire_choices":[{"data":"ClearTheMind","floor":6,"key":"SMITH"},{"data":"Eruption","floor":8,"key":"SMITH"},{"data":"WindmillStrike","floor":11,"key":"SMITH"},{"data":"Perseverance","floor":13,"key":"SMITH"},{"data":"PathToVictory","floor":15,"key":"SMITH"},{"data":"MasterReality","floor":23,"key":"SMITH"},{"data":"Study","floor":30,"key":"SMITH"},{"data":"Evaluate","floor":32,"key":"SMITH"},{"data":"Establishment","floor":41,"key":"SMITH"},{"data":"LessonLearned","floor":49,"key":"SMITH"}],"circlet_count":0,"master_deck":["Strike_P","Strike_P","Strike_P","Strike_P","Defend_P","Defend_P","Defend_P","Defend_P+1","Eruption+1","Vigilance","WindmillStrike+1","ClearTheMind+1","Evaluate+1","ConjureBlade","PathToVictory+1","ThirdEye","Perseverance+1","MasterReality+1","FlurryOfBlows","CarveReality","Consecrate","PathToVictory","EmptyMind+1","Study+1","RitualDagger","Perseverance+1","JustLucky+1","Evaluate+1","Establishment+1","ReachHeaven","Crescendo+1","BowlingBash","Crescendo","FearNoEvil","PathToVictory+1","PathToVictory+1","Meditate","LessonLearned+1","Protect","Indignation"],"relics":["PureWater","Turnip","Kunai","Letter Opener","Mercury Hourglass","Black Star","Red Mask","Calipers","Bag of Preparation","Bronze Scales","Nloth\u0027s Gift","FossilizedHelix","White Beast Statue","Philosopher\u0027s Stone","Toy Ornithopter","MealTicket","Damaru","Juzu Bracelet","Ice Cream","HandDrill","Bag of Marbles","Omamori","Strawberry","Boot","Strange Spoon"],"acts_visited":["Exordium","TheCity","TheBeyond"],"potions_floor_usage":[12,12,16,24,33,35,36,38,39,40,42,46,50,50],"damage_taken":[{"damage":1,"enemies":"Jaw Worm","floor":1,"turns":4},{"damage":6,"enemies":"Small Slimes","floor":2,"turns":2},{"damage":0,"enemies":"Cultist","floor":3,"turns":2},{"damage":0,"enemies":"Red Slaver","floor":5,"turns":3},{"damage":24,"enemies":"Gremlin Nob","floor":7,"turns":4},{"damage":11,"enemies":"Large Slime","floor":10,"turns":3},{"damage":10,"enemies":"3 Sentries","floor":12,"turns":4},{"damage":0,"enemies":"Slime Boss","floor":16,"turns":6},{"damage":28,"enemies":"2 Thieves","floor":18,"turns":2},{"damage":0,"enemies":"Spheric Guardian","floor":19,"turns":3},{"damage":36,"enemies":"Masked Bandits","floor":20,"turns":4},{"damage":5,"enemies":"Snecko","floor":21,"turns":6},{"damage":6,"enemies":"Centurion and Healer","floor":22,"turns":5},{"damage":14,"enemies":"Slavers","floor":24,"turns":4},{"damage":0,"enemies":"Gremlin Leader","floor":28,"turns":4},{"damage":0,"enemies":"Sentry and Sphere","floor":29,"turns":3},{"damage":0,"enemies":"Snake Plant","floor":31,"turns":2},{"damage":0,"enemies":"Champ","floor":33,"turns":9},{"damage":0,"enemies":"Orb Walker","floor":35,"turns":4},{"damage":0,"enemies":"3 Shapes","floor":36,"turns":5},{"damage":0,"enemies":"3 Darklings","floor":38,"turns":3},{"damage":0,"enemies":"Maw","floor":39,"turns":5},{"damage":64,"enemies":"Giant Head","floor":40,"turns":8},{"damage":0,"enemies":"Spire Growth","floor":42,"turns":3},{"damage":32,"enemies":"Nemesis","floor":45,"turns":7},{"damage":17,"enemies":"Writhing Mass","floor":46,"turns":3},{"damage":37,"enemies":"Donu and Deca","floor":50,"turns":6}],"seed_played":"8782607455217423542","potions_obtained":[{"floor":3,"key":"Strength Potion"},{"floor":7,"key":"AttackPotion"},{"floor":10,"key":"BottledMiracle"},{"floor":12,"key":"FearPotion"},{"floor":18,"key":"SpeedPotion"},{"floor":29,"key":"Dexterity Potion"},{"floor":31,"key":"Energy Potion"},{"floor":33,"key":"BottledMiracle"},{"floor":35,"key":"SneckoOil"},{"floor":36,"key":"CultistPotion"},{"floor":38,"key":"GamblersBrew"},{"floor":39,"key":"SteroidPotion"},{"floor":40,"key":"Block Potion"},{"floor":42,"key":"SmokeBomb"},{"floor":45,"key":"Fire Potion"},{"floor":46,"key":"BlessingOfTheForge"}],"is_trial":false,"path_per_floor":["M","M","M","?","M","R","E","R","T","M","R","E","R","?","R","B",null,"M","M","?","M","M","R","E","?","T","?","E","M","R","M","R","B",null,"M","M","$","M","M","E","R","M","T","$","E","M","$","?","R","B",null],"character_chosen":"WATCHER","items_purchased":["Turnip","Toy Ornithopter","BowlingBash","Crescendo","Ice Cream","HandDrill","Bag of Marbles","Meditate","Boot","Strange Spoon","Indignation"],"campfire_rested":0,"item_purchase_floors":[0,37,37,37,44,44,44,44,47,47,47],"current_hp_per_floor":[103,107,117,125,135,145,131,141,151,150,160,160,170,180,190,200,285,267,277,251,256,260,270,266,270,280,290,300,310,320,330,340,350,455,465,475,485,495,505,451,461,476,486,511,496,494,519,529,539,522],"gold":458,"neow_bonus":"","is_daily":false,"chose_seed":false,"campfire_upgraded":10,"win_rate":0.0,"timestamp":1613115297,"path_taken":["M","M","M","?","M","R","E","R","T","M","R","E","R","?","R","BOSS","M","M","?","M","M","R","E","?","T","?","E","M","R","M","R","BOSS","M","M","$","M","M","E","R","M","T","$","E","M","?","?","R","BOSS"],"items_purchased_type":["Relic","Relic","Card","Card","Relic","Relic","Relic","Card","Relic","Relic","Card"],"build_version":"2020-12-18","purchased_purges":0,"victory":true,"max_hp_per_floor":[115,125,135,155,165,175,185,195,205,215,225,235,245,255,265,275,285,295,305,315,325,335,345,355,365,375,385,395,405,415,425,435,445,455,465,475,485,495,505,515,525,535,545,555,572,582,592,602,612,622],"card_choices":[{"not_picked":["SignatureMove","Evaluate"],"picked":"WindmillStrike","floor":1},{"not_picked":["FlurryOfBlows","PathToVictory"],"picked":"ClearTheMind","floor":2},{"not_picked":["ReachHeaven","CutThroughFate"],"picked":"Evaluate","floor":3},{"not_picked":["Vengeance","FlurryOfBlows"],"picked":"ConjureBlade","floor":5},{"not_picked":["FlurryOfBlows","Meditate"],"picked":"PathToVictory","floor":7},{"not_picked":["EmptyFist","Sanctity"],"picked":"ThirdEye","floor":10},{"not_picked":["CrushJoints","Wallop"],"picked":"Perseverance","floor":12},{"not_picked":["Judgement","Vault"],"picked":"MasterReality","floor":16},{"not_picked":["ThirdEye","ClearTheMind"],"picked":"FlurryOfBlows","floor":18},{"not_picked":["Vengeance+1","Collect"],"picked":"CarveReality","floor":19},{"not_picked":["Indignation","FollowUp"],"picked":"Consecrate","floor":20},{"not_picked":["FlyingSleeves","Sanctity"],"picked":"PathToVictory","floor":21},{"not_picked":["ThirdEye","ReachHeaven"],"picked":"EmptyMind+1","floor":22},{"not_picked":["Evaluate","Protect"],"picked":"Study","floor":24},{"not_picked":["EmptyBody","Blasphemy"],"picked":"Perseverance+1","floor":28},{"not_picked":["Consecrate","Perseverance"],"picked":"JustLucky+1","floor":29},{"not_picked":["Tantrum","Study+1"],"picked":"Evaluate+1","floor":31},{"not_picked":["Vault","ConjureBlade"],"picked":"Establishment","floor":33},{"not_picked":["EmptyBody","Sanctity"],"picked":"ReachHeaven","floor":35},{"not_picked":["ConjureBlade","SignatureMove+1"],"picked":"Crescendo+1","floor":36},{"not_picked":["SashWhip","Protect"],"picked":"FearNoEvil","floor":38},{"not_picked":["Halt+1","Crescendo"],"picked":"PathToVictory+1","floor":39},{"not_picked":["Establishment","JustLucky"],"picked":"PathToVictory+1","floor":40},{"not_picked":["Protect+1","JustLucky+1"],"picked":"CrushJoints","floor":42},{"not_picked":["CrushJoints+1","ThirdEye"],"picked":"LessonLearned","floor":45},{"not_picked":["Pray+1","LessonLearned"],"picked":"Protect","floor":46}],"player_experience":113111,"relics_obtained":[{"floor":7,"key":"Kunai"},{"floor":9,"key":"Letter Opener"},{"floor":12,"key":"Mercury Hourglass"},{"floor":20,"key":"Red Mask"},{"floor":24,"key":"Calipers"},{"floor":24,"key":"Bag of Preparation"},{"floor":26,"key":"Bronze Scales"},{"floor":28,"key":"FossilizedHelix"},{"floor":28,"key":"White Beast Statue"},{"floor":40,"key":"MealTicket"},{"floor":40,"key":"Damaru"},{"floor":43,"key":"Juzu Bracelet"},{"floor":45,"key":"Omamori"},{"floor":45,"key":"Strawberry"}],"event_choices":[{"damage_healed":0,"gold_gain":0,"player_choice":"Success","damage_taken":12,"relics_obtained":["Pear"],"max_hp_gain":0,"max_hp_loss":0,"event_name":"Scrap Ooze","floor":4,"gold_loss":0},{"damage_healed":0,"gold_gain":63,"player_choice":"Gained Gold","damage_taken":0,"max_hp_gain":0,"max_hp_loss":0,"event_name":"Golden Wing","floor":14,"gold_loss":0},{"damage_healed":0,"gold_gain":0,"player_choice":"Fought Bandits","damage_taken":0,"max_hp_gain":0,"max_hp_loss":0,"event_name":"Masked Bandits","floor":20,"gold_loss":0},{"damage_healed":0,"gold_gain":0,"player_choice":"Joined the Cult","damage_taken":6,"max_hp_gain":0,"max_hp_loss":0,"event_name":"Nest","floor":25,"gold_loss":0,"cards_obtained":["RitualDagger"]},{"damage_healed":0,"gold_gain":0,"player_choice":"Traded Relic","damage_taken":0,"relics_obtained":["Nloth\u0027s Gift"],"max_hp_gain":0,"max_hp_loss":0,"event_name":"N\u0027loth","floor":27,"relics_lost":["Pear"],"gold_loss":0},{"cards_removed":["CrushJoints"],"damage_healed":0,"gold_gain":0,"player_choice":"Removed Attack","damage_taken":0,"max_hp_gain":0,"max_hp_loss":0,"event_name":"Falling","floor":48,"gold_loss":0}],"is_beta":true,"boss_relics":[{"not_picked":["Tiny House","SlaversCollar"],"picked":"Black Star"},{"not_picked":["Sozu","Snecko Eye"],"picked":"Philosopher\u0027s Stone"}],"items_purged_floors":[],"is_endless":false,"potions_floor_spawned":[3,7,10,12,18,29,31,33,35,36,38,39,40,42,45,46],"ascension_level":0}}