{"host":"v543qxxvvceaeui9","time":1613109650,"event":{"mods":["BaseMod","BetterRewards","Downfall","Hermit","Hubris","Infinite Spire","Marisa????????","Minty Spire (QoL Compilation)","Quick Restart","Replay The Spire","StSLib"],"gold_per_floor":[99,127,194,218,380,402,414,426,438,468,515,541,573,585,616,628,628,628],"floor_reached":16,"language":"ENG","playtime":1006,"items_purged":[],"score":104,"play_id":"5829218f-0f76-476c-9df8-92824bd7b03d","local_time":"20210212010050","is_ascension_mode":false,"campfire_choices":[{"floor":1,"key":"DIG"},{"data":"Guardian:BodySlam","floor":8,"key":"SMITH"}],"circlet_count":0,"master_deck":["Guardian:Strike_Guardian","Guardian:Strike_Guardian","Guardian:Strike_Guardian","Guardian:Defend_Guardian","Guardian:Defend_Guardian","Guardian:Defend_Guardian","Guardian:CurlUp","Guardian:TwinSlam","Guardian:BodySlam+1","Guardian:Incinerate","Guardian:AncientConstruct","Guardian:SentryBeam","Guardian:Gem_Yellow","Guardian:ShieldCharger","Guardian:SphericShield"],"relics":["Guardian:ModeShifter","MawBank","Art of War","TungstenRod","Bag of Marbles"],"acts_visited":["Exordium"],"potions_floor_usage":[3,11,15,16],"damage_taken":[{"damage":2,"enemies":"Small Slimes","floor":2,"turns":4},{"damage":21,"enemies":"Lagavulin Event","floor":3,"turns":7},{"damage":1,"enemies":"2 Louse","floor":4,"turns":3},{"damage":7,"enemies":"Jaw Worm","floor":6,"turns":6},{"damage":9,"enemies":"Large Slime","floor":10,"turns":7},{"damage":12,"enemies":"Lagavulin","floor":11,"turns":7},{"damage":6,"enemies":"2 Fungi Beasts","floor":12,"turns":5},{"damage":0,"enemies":"Lots of Slimes","floor":13,"turns":3},{"damage":0,"enemies":"Red Slaver","floor":15,"turns":2},{"damage":23,"enemies":"IC_STATUS_ARCHETYPE","floor":16,"turns":8}],"seed_played":"-4174254878769987667","potions_obtained":[{"floor":2,"key":"hexamod:SoulburnPotion"},{"floor":4,"key":"Reflective Coating"},{"floor":10,"key":"SpeedPotion"},{"floor":12,"key":"GamblersBrew"}],"is_trial":false,"path_per_floor":["R","M","?","M","?","M","T","R","?","M","E","M","M","?","M","B"],"character_chosen":"GUARDIAN","items_purchased":[],"campfire_rested":0,"item_purchase_floors":[],"current_hp_per_floor":[80,78,57,56,56,49,49,49,49,40,28,22,22,22,22,0,0,0],"gold":628,"neow_bonus":"REMOVE_CARD","is_daily":false,"chose_seed":false,"campfire_upgraded":1,"win_rate":0.0,"timestamp":1613109650,"path_taken":["R","M","?","M","?","M","T","R","?","M","E","M","M","?","M","BOSS"],"items_purchased_type":[],"build_version":"2020-12-22","purchased_purges":0,"victory":false,"max_hp_per_floor":[80,80,80,80,80,80,80,80,80,80,80,80,80,80,80,80,80,80],"card_choices":[{"not_picked":["Guardian:Recover","Guardian:PrismaticBarrier"],"picked":"Guardian:BodySlam","floor":2},{"not_picked":["Guardian:RefractedBeam","Guardian:Reroute"],"picked":"Guardian:Incinerate","floor":3},{"not_picked":["Guardian:DonusPower","Guardian:VentSteam"],"picked":"Guardian:AncientConstruct","floor":4},{"not_picked":["Guardian:Recover","Guardian:TemporalShield"],"picked":"Guardian:Gem_Crimson","floor":6},{"not_picked":["Guardian:Planning","Guardian:PrismaticBarrier"],"picked":"Guardian:SentryBeam","floor":10},{"not_picked":["Guardian:Gem_Fragmented","Guardian:WalkerClaw"],"picked":"Guardian:Gem_Yellow","floor":11},{"not_picked":["Guardian:Gem_Lightblue","Guardian:ArmoredProtocol"],"picked":"Guardian:ShieldCharger","floor":12},{"not_picked":["Guardian:ChargeCore","Guardian:CrystalBeam"],"picked":"Guardian:SphericShield","floor":13},{"not_picked":["Guardian:ChargeCore","Guardian:Recover","Guardian:VentSteam"],"picked":"SKIP","floor":15}],"player_experience":323229,"relics_obtained":[{"floor":1,"key":"MawBank"},{"floor":3,"key":"Art of War"},{"floor":7,"key":"TungstenRod"},{"floor":11,"key":"Bag of Marbles"}],"event_choices":[{"cards_removed":["downfall:Icky"],"damage_healed":0,"gold_gain":0,"player_choice":"Card Removal","damage_taken":0,"max_hp_gain":0,"max_hp_loss":0,"event_name":"The Cleric","floor":14,"gold_loss":0}],"is_beta":false,"boss_relics":[],"items_purged_floors":[],"is_endless":false,"potions_floor_spawned":[2,4,10,12],"killed_by":"IC_STATUS_ARCHETYPE","ascension_level":0}}