{"host":"g07ql0oly65lqxqj","time":1613138178,"event":{"mods":["Act Like it!","BaseMod","Conspire","Gensokyo","Koishi","Lobotomy","Minty Spire (QoL Compilation)","StSLib","Synergy Search","The Blackbeard","The Hierophant","WarShipGirlsR/’ΩΩ¢…Ÿ≈ÆR mod","Warlord Emblem","Yakumo Yukari mod","[GremlinLeader]The Maniac"],"gold_per_floor":[118,136,150,160,20,20,20,46,101,125,134,152,182,210,210,310,310,337,262,286,301,322,322,322],"floor_reached":23,"language":"ZHS","playtime":999,"items_purged":[],"score":255,"play_id":"492e0ce5-bf23-449c-8ef4-1c649bd88b93","local_time":"20210212215618","is_ascension_mode":false,"campfire_choices":[{"data":"maniac:HammerStrike","floor":6.0,"key":"SMITH"},{"data":"maniac:Reforge","floor":15.0,"key":"SMITH"}],"circlet_count":0,"master_deck":["maniac:Strike+1","maniac:Strike","maniac:Strike+1","maniac:Strike","maniac:Strike","maniac:Defend","maniac:Defend","maniac:Defend+1","maniac:Defend+1","maniac:BurnBlood","maniac:AbyssShackle","Bandage Up","maniac:HammerStrike+1","maniac:Assassinate","maniac:Deal","maniac:Refine+1","maniac:Reforge+1","maniac:UndyingDesire","maniac:Blastwave"],"relics":["maniac:EnchantedAnvil","maniac:BrokenHorn","Mercury Hourglass","Whetstone","CeramicFish","Oddly Smooth Stone"],"acts_visited":["Exordium","TheCity"],"potions_floor_usage":[],"damage_taken":[{"damage":5.0,"enemies":"conspire:RoseBush","floor":1.0,"turns":4.0},{"damage":1.0,"enemies":"Cultist","floor":2.0,"turns":3.0},{"damage":2.0,"enemies":"Jaw Worm","floor":3.0,"turns":3.0},{"damage":13.0,"enemies":"Exordium Thugs","floor":4.0,"turns":4.0},{"damage":17.0,"enemies":"3 Sentries","floor":8.0,"turns":8.0},{"damage":0.0,"enemies":"Large Slime","floor":11.0,"turns":3.0},{"damage":6.0,"enemies":"Gremlin Gang","floor":12.0,"turns":3.0},{"damage":0.0,"enemies":"Gremlin Nob","floor":13.0,"turns":2.0},{"damage":0.0,"enemies":"2 Fungi Beasts","floor":14.0,"turns":2.0},{"damage":12.0,"enemies":"The Guardian","floor":16.0,"turns":6.0},{"damage":24.0,"enemies":"2 Thieves","floor":18.0,"turns":5.0},{"damage":8.0,"enemies":"3 Byrds","floor":21.0,"turns":4.0},{"damage":3.0,"enemies":"Snake Plant","floor":22.0,"turns":3.0},{"damage":0,"enemies":"Gremlin Leader","floor":23,"turns":1}],"seed_played":"3951668603480579679","potions_obtained":[{"floor":2.0,"key":"SneckoOil"},{"floor":4.0,"key":"SkillPotion"},{"floor":13.0,"key":"Energy Potion"},{"floor":14.0,"key":"Weak Potion"},{"floor":16.0,"key":"BlessingOfTheForge"},{"floor":18.0,"key":"CultistPotion"}],"is_trial":false,"path_per_floor":["M","M","M","M","$","R","$","E","T","T","M","M","E","M","R","B",null,"M","?","T","M","M","E"],"character_chosen":"THE_MANIAC","items_purchased":["maniac:Deal"],"campfire_rested":0,"item_purchase_floors":[5],"current_hp_per_floor":[75,78,80,70,70,70,70,57,57,57,61,59,59,63,63,57,80,60,60,60,56,57,57,57],"gold":322,"neow_bonus":"RANDOM_COLORLESS","is_daily":false,"chose_seed":false,"campfire_upgraded":2,"win_rate":0.0,"timestamp":1613138178,"path_taken":["M","M","?","?","$","R","$","E","T","?","M","M","E","M","R","BOSS","M","?","?","M","M","E"],"items_purchased_type":["Card"],"build_version":"2020-12-22","purchased_purges":0,"victory":false,"max_hp_per_floor":[80,80,80,80,80,80,80,80,80,80,80,80,80,80,80,80,80,80,80,80,80,80,80,80],"card_choices":[{"not_picked":["Purity","Jack Of All Trades"],"picked":"Bandage Up","floor":0.0},{"not_picked":["maniac:ShelteringEdge","maniac:Confront"],"picked":"maniac:BladeEnd","floor":1.0},{"not_picked":["maniac:MeleeStrike","maniac:UndyingDesire"],"picked":"maniac:HammerStrike","floor":2.0},{"not_picked":["maniac:Refine","maniac:TorturousScreams"],"picked":"maniac:Assassinate","floor":3.0},{"not_picked":["maniac:ColdHeart","maniac:Refine","maniac:DashForward"],"picked":"SKIP","floor":4.0},{"not_picked":["maniac:SorceryHour","maniac:Assassinate","maniac:MeleeStrike"],"picked":"SKIP","floor":8.0},{"not_picked":["maniac:Retrospect","maniac:SpectralKnives","maniac:UntravelledPath"],"picked":"SKIP","floor":11.0},{"not_picked":["maniac:TwistedEddies","maniac:ShatteredShield"],"picked":"maniac:Refine","floor":12.0},{"not_picked":["maniac:SpectralKnives","maniac:Lacerate","maniac:ShadowContact"],"picked":"SKIP","floor":13.0},{"not_picked":["maniac:BladeEnd","maniac:SpectralKnives"],"picked":"maniac:Reforge","floor":14.0},{"not_picked":["maniac:AllOutAttack","maniac:ListenToNone"],"picked":"maniac:UndyingDesire","floor":18.0},{"not_picked":["maniac:Refine","maniac:SpectralKnives","maniac:BladesInCloak"],"picked":"SKIP","floor":21.0},{"not_picked":["maniac:MeleeStrike+1","maniac:Intimidate"],"picked":"maniac:Blastwave","floor":22.0}],"player_experience":399025,"relics_obtained":[{"floor":8.0,"key":"Mercury Hourglass"},{"floor":9.0,"key":"Whetstone"},{"floor":10.0,"key":"CeramicFish"},{"floor":13.0,"key":"Oddly Smooth Stone"}],"event_choices":[{"cards_removed":["maniac:BladeEnd"],"damage_healed":0.0,"max_hp_gain":0.0,"max_hp_loss":0.0,"gold_gain":0.0,"event_name":"Beggar","player_choice":"Gave Gold","floor":19.0,"gold_loss":75.0,"damage_taken":0.0}],"is_beta":false,"boss_relics":[{"not_picked":["Calling Bell","Runic Dome"],"picked":"maniac:EnchantedAnvil"}],"items_purged_floors":[],"is_endless":false,"potions_floor_spawned":[2,4,13,14,16,18],"killed_by":"Gremlin Leader","ascension_level":0}}