{"host":"2lo6hma6kymb0g9i","time":1613155869,"event":{"mods":["BaseMod","Colored Map","DeckTracker","Minty Spire (QoL Compilation)"],"gold_per_floor":[110,110,90,103,122,122,154,164,241,391,391,287,306,338,338,409,409,421,436,454,187,137,155,170,203,230,247,247,85,102,102,102,176,176,195,195,195,549,567,442,476,45,70,83,94,94,94,124,124,124,124],"floor_reached":52,"language":"JPN","playtime":3188,"items_purged":["Doubt","Strike_R","Strike_R","Strike_R"],"score":1884,"play_id":"174be4fa-93c4-4117-9262-ee503839b21f","local_time":"20210213035109","is_ascension_mode":true,"campfire_choices":[{"data":"Bash","floor":6.0,"key":"SMITH"},{"data":"Whirlwind","floor":11.0,"key":"SMITH"},{"data":"1","floor":15.0,"key":"LIFT"},{"data":"2","floor":28.0,"key":"LIFT"},{"data":"Whirlwind","floor":32.0,"key":"SMITH"},{"data":"3","floor":47.0,"key":"LIFT"},{"data":"Armaments","floor":49.0,"key":"SMITH"}],"circlet_count":0,"master_deck":["AscendersBane","Defend_R+1","Defend_R","Defend_R","Defend_R","Bash+1","Shockwave+1","Flame Barrier","Headbutt","Second Wind","Twin Strike","Intimidate","Whirlwind+1","Pommel Strike","Flame Barrier","Body Slam","Corruption","Armaments+1","Whirlwind+1","Blood for Blood","Fiend Fire","Purity","Spot Weakness+1"],"relics":["Burning Blood","Girya","Letter Opener","PreservedInsect","Snecko Eye","Chemical X","Bottled Tornado","Anchor","Akabeko","Busted Crown","Old Coin","StrikeDummy","Bottled Flame","Orichalcum"],"acts_visited":["Exordium","TheCity","TheBeyond"],"potions_floor_usage":[],"damage_taken":[{"damage":0.0,"enemies":"Jaw Worm","floor":1.0,"turns":6.0},{"damage":3.0,"enemies":"2 Louse","floor":4.0,"turns":4.0},{"damage":1.0,"enemies":"Cultist","floor":5.0,"turns":3.0},{"damage":40.0,"enemies":"3 Sentries","floor":7.0,"turns":8.0},{"damage":6.0,"enemies":"3 Louse","floor":8.0,"turns":5.0},{"damage":1.0,"enemies":"Large Slime","floor":13.0,"turns":4.0},{"damage":10.0,"enemies":"Lagavulin","floor":14.0,"turns":6.0},{"damage":27.0,"enemies":"Slime Boss","floor":16.0,"turns":8.0},{"damage":0.0,"enemies":"3 Byrds","floor":18.0,"turns":2.0},{"damage":12.0,"enemies":"Chosen","floor":19.0,"turns":4.0},{"damage":7.0,"enemies":"3 Cultists","floor":20.0,"turns":3.0},{"damage":6.0,"enemies":"Shelled Parasite and Fungi","floor":23.0,"turns":3.0},{"damage":8.0,"enemies":"Snake Plant","floor":24.0,"turns":2.0},{"damage":7.0,"enemies":"Gremlin Leader","floor":25.0,"turns":3.0},{"damage":0.0,"enemies":"Chosen and Byrds","floor":27.0,"turns":3.0},{"damage":0.0,"enemies":"Snecko","floor":30.0,"turns":3.0},{"damage":33.0,"enemies":"Automaton","floor":33.0,"turns":8.0},{"damage":0.0,"enemies":"3 Darklings","floor":35.0,"turns":2.0},{"damage":14.0,"enemies":"2 Orb Walkers","floor":38.0,"turns":3.0},{"damage":18.0,"enemies":"3 Shapes","floor":39.0,"turns":1.0},{"damage":5.0,"enemies":"Nemesis","floor":41.0,"turns":3.0},{"damage":23.0,"enemies":"Maw","floor":44.0,"turns":5.0},{"damage":0.0,"enemies":"3 Darklings","floor":45.0,"turns":1.0},{"damage":0.0,"enemies":"Reptomancer","floor":48.0,"turns":2.0},{"damage":49,"enemies":"Time Eater","floor":50,"turns":5},{"damage":27,"enemies":"Donu and Deca","floor":51,"turns":4}],"seed_played":"-3175626730960974180","potions_obtained":[{"floor":3.0,"key":"PowerPotion"},{"floor":7.0,"key":"Regen Potion"},{"floor":13.0,"key":"Explosive Potion"},{"floor":14.0,"key":"Strength Potion"},{"floor":16.0,"key":"Fire Potion"},{"floor":27.0,"key":"CultistPotion"},{"floor":38.0,"key":"FairyPotion"}],"is_trial":false,"path_per_floor":["M","?","?","M","M","R","E","M","T","?","R","$","M","E","R","B",null,"M","M","M","$","?","M","M","E","T","M","R","$","M","$","R","B",null,"M","?","?","?","M","$","E","$","T","M","M","?","R","E","R","B","B",null],"character_chosen":"IRONCLAD","items_purchased":["Pommel Strike","Chemical X","Akabeko","Bottled Flame"],"campfire_rested":0,"item_purchase_floors":[12,21,29,42],"current_hp_per_floor":[68,48,48,51,56,56,22,22,22,22,22,22,39,35,35,14,55,61,55,54,54,54,54,52,51,51,57,57,57,63,63,63,36,60,66,56,56,48,36,36,37,37,37,20,26,53,53,53,53,10,8],"gold":124,"neow_bonus":"TRANSFORM_TWO_CARDS","is_daily":false,"chose_seed":false,"campfire_upgraded":4,"win_rate":0.0,"timestamp":1613155869,"path_taken":["M","?","?","?","M","R","E","M","T","?","R","$","M","E","R","BOSS","M","M","M","$","?","M","?","E","T","M","R","$","M","?","R","BOSS","M","?","?","?","M","$","E","$","T","M","M","?","R","E","R","BOSS","BOSS"],"items_purchased_type":["Card","Relic","Relic","Relic"],"build_version":"2020-12-22","purchased_purges":4,"victory":true,"max_hp_per_floor":[68,68,68,68,68,68,68,68,68,68,68,68,68,68,68,68,68,68,68,68,68,68,68,68,68,68,68,68,68,68,68,68,68,68,68,68,65,65,65,65,65,65,65,65,65,53,53,53,53,53,53],"card_choices":[{"not_picked":["Thunderclap","True Grit"],"picked":"Headbutt","floor":1.0},{"not_picked":["Hemokinesis","Clash"],"picked":"Second Wind","floor":4.0},{"not_picked":["Burning Pact","True Grit"],"picked":"Twin Strike","floor":5.0},{"not_picked":["Perfected Strike","Twin Strike"],"picked":"Intimidate","floor":7.0},{"not_picked":["Limit Break","Anger"],"picked":"Whirlwind","floor":8.0},{"not_picked":["Combust","Clothesline"],"picked":"Flame Barrier","floor":13.0},{"not_picked":["Iron Wave","Reckless Charge"],"picked":"Body Slam","floor":14.0},{"not_picked":["Juggernaut","Impervious"],"picked":"Corruption","floor":16.0},{"not_picked":["Pommel Strike+1","Headbutt"],"picked":"Armaments","floor":18.0},{"not_picked":["Battle Trance","Wild Strike","Thunderclap"],"picked":"SKIP","floor":19.0},{"not_picked":["Twin Strike","Armaments","Shrug It Off+1"],"picked":"SKIP","floor":20.0},{"not_picked":["True Grit+1","Armaments"],"picked":"Whirlwind","floor":23.0},{"not_picked":["Clash","Pommel Strike","Heavy Blade+1"],"picked":"SKIP","floor":24.0},{"not_picked":["Reaper","Pommel Strike","Feed"],"picked":"SKIP","floor":25.0},{"not_picked":["True Grit","Iron Wave+1","Combust"],"picked":"SKIP","floor":27.0},{"not_picked":["Flex","Infernal Blade"],"picked":"Blood for Blood","floor":30.0},{"not_picked":["Double Tap","Reaper"],"picked":"Fiend Fire","floor":33.0},{"not_picked":["Havoc+1"],"picked":"SKIP","floor":35.0},{"not_picked":[],"picked":"Purity","floor":36.0},{"not_picked":["Flex"],"picked":"SKIP","floor":39.0},{"not_picked":[],"picked":"Spot Weakness+1","floor":41.0},{"not_picked":["Thunderclap"],"picked":"SKIP","floor":44.0},{"not_picked":["Seeing Red"],"picked":"SKIP","floor":45.0},{"not_picked":["Reaper"],"picked":"SKIP","floor":48.0}],"player_experience":1179429,"relics_obtained":[{"floor":7.0,"key":"Girya"},{"floor":9.0,"key":"Letter Opener"},{"floor":14.0,"key":"PreservedInsect"},{"floor":25.0,"key":"Bottled Tornado"},{"floor":26.0,"key":"Anchor"},{"floor":38.0,"key":"Old Coin"},{"floor":41.0,"key":"StrikeDummy"},{"floor":48.0,"key":"Orichalcum"}],"event_choices":[{"damage_healed":0.0,"max_hp_gain":0.0,"max_hp_loss":0.0,"gold_gain":0.0,"event_name":"Shining Light","player_choice":"Entered Light","floor":2.0,"gold_loss":0.0,"damage_taken":20.0,"cards_upgraded":["Shockwave","Defend_R"]},{"damage_healed":0.0,"max_hp_gain":0.0,"max_hp_loss":0.0,"gold_gain":0.0,"event_name":"The Woman in Blue","player_choice":"Bought 1 Potion","floor":3.0,"gold_loss":0.0,"damage_taken":0.0},{"damage_healed":0.0,"max_hp_gain":0.0,"max_hp_loss":0.0,"gold_gain":150.0,"event_name":"Liars Game","player_choice":"AGREE","floor":10.0,"gold_loss":0.0,"damage_taken":0.0,"cards_obtained":["Doubt"]},{"damage_healed":0.0,"max_hp_gain":0.0,"max_hp_loss":0.0,"gold_gain":0.0,"event_name":"The Joust","player_choice":"Bet on Owner","floor":22.0,"gold_loss":50.0,"damage_taken":0.0},{"damage_healed":0.0,"max_hp_gain":0.0,"max_hp_loss":0.0,"gold_gain":0.0,"event_name":"SensoryStone","player_choice":"Memory 3","floor":36.0,"gold_loss":0.0,"damage_taken":10.0},{"damage_healed":0.0,"max_hp_gain":0.0,"max_hp_loss":3.0,"gold_gain":0.0,"event_name":"Winding Halls","player_choice":"Max HP","floor":37.0,"gold_loss":0.0,"damage_taken":0.0},{"damage_healed":0.0,"max_hp_gain":0.0,"max_hp_loss":0.0,"gold_gain":0.0,"event_name":"Mysterious Sphere","player_choice":"Fight","floor":38.0,"gold_loss":0.0,"damage_taken":0.0},{"damage_healed":53.0,"max_hp_gain":0.0,"max_hp_loss":12.0,"gold_gain":0.0,"event_name":"The Moai Head","player_choice":"Heal","floor":46.0,"gold_loss":0.0,"damage_taken":0.0}],"is_beta":false,"boss_relics":[{"not_picked":["Velvet Choker","Black Blood"],"picked":"Snecko Eye"},{"not_picked":["Calling Bell","Pandora\u0027s Box"],"picked":"Busted Crown"}],"items_purged_floors":[12,21,40,42],"is_endless":false,"potions_floor_spawned":[7,13,14,16,19,23,24,27,38,39],"ascension_level":20}}