{"host":"2zt55z1m1j8q763w","time":1613156631,"event":{"mods":["AchievementEnabler","BaseMod","Highlight Path","Minty Spire (QoL Compilation)","Relic Stats"],"gold_per_floor":[111,58,75,94,19,19,49,49,49,65,79,79,109,122,122,221,221,234,250,250,33,48,48,75,75,144,172,241,271,289,289,289,387,387,404,62,0,0,0,0,13,38,62,91,104,124,152,171,171,171],"floor_reached":51,"language":"ENG","playtime":5196,"items_purged":["Strike_G","Strike_G","Defend_G"],"score":945,"play_id":"538ed812-84c3-4d45-aa37-56cbccfd7686","local_time":"20210212200351","is_ascension_mode":false,"campfire_choices":[{"data":"After Image","floor":6.0,"key":"SMITH"},{"data":"Blade Dance","floor":8.0,"key":"SMITH"},{"data":"Neutralize","floor":12.0,"key":"SMITH"},{"floor":15.0,"key":"DIG"},{"floor":23.0,"key":"DIG"},{"floor":25.0,"key":"DIG"},{"data":"After Image","floor":32.0,"key":"SMITH"},{"floor":40.0,"key":"DIG"},{"floor":49.0,"key":"DIG"}],"circlet_count":0,"master_deck":["Strike_G","Strike_G","Strike_G","Defend_G","Defend_G+1","Defend_G","Defend_G","Survivor","Neutralize+1","After Image+1","Quick Slash","Blade Dance+1","Slice","Deflect","Dodge and Roll","Heel Hook","Slice","Flying Knee","Venomology","Blade Dance","Slice","Backflip+1","Dash+1","PiercingWail","After Image+1","Finisher","Burst+1","Blur+1","Dagger Spray+1","Terror+1","Slice"],"relics":["Ring of the Snake","Thread and Needle","Eternal Feather","Shovel","PreservedInsect","Black Star","MutagenicStrength","White Beast Statue","Juzu Bracelet","Gambling Chip","Shuriken","Kunai","Darkstone Periapt","CaptainsWheel","Ninja Scroll","Smiling Mask","Blood Vial","SacredBark","War Paint","Nunchaku","Red Mask","Toy Ornithopter","StoneCalendar","Bag of Marbles","TungstenRod","Centennial Puzzle","Dream Catcher","Frozen Egg 2","Vajra"],"acts_visited":["Exordium","TheCity","TheBeyond"],"potions_floor_usage":[50,50,50,50,50,50],"damage_taken":[{"damage":0.0,"enemies":"Cultist","floor":1.0,"turns":5.0},{"damage":2.0,"enemies":"Small Slimes","floor":3.0,"turns":4.0},{"damage":0.0,"enemies":"Jaw Worm","floor":4.0,"turns":3.0},{"damage":11.0,"enemies":"3 Sentries","floor":7.0,"turns":11.0},{"damage":1.0,"enemies":"Exordium Thugs","floor":10.0,"turns":6.0},{"damage":0.0,"enemies":"3 Louse","floor":11.0,"turns":4.0},{"damage":0.0,"enemies":"2 Fungi Beasts","floor":14.0,"turns":2.0},{"damage":53.0,"enemies":"Slime Boss","floor":16.0,"turns":21.0},{"damage":6.0,"enemies":"Spheric Guardian","floor":18.0,"turns":4.0},{"damage":3.0,"enemies":"2 Thieves","floor":19.0,"turns":5.0},{"damage":12.0,"enemies":"Snake Plant","floor":22.0,"turns":8.0},{"damage":2.0,"enemies":"Book of Stabbing","floor":24.0,"turns":6.0},{"damage":2.0,"enemies":"Gremlin Leader","floor":27.0,"turns":5.0},{"damage":0.0,"enemies":"Book of Stabbing","floor":29.0,"turns":3.0},{"damage":1.0,"enemies":"Snecko","floor":30.0,"turns":3.0},{"damage":0.0,"enemies":"Champ","floor":33.0,"turns":10.0},{"damage":7.0,"enemies":"3 Shapes","floor":35.0,"turns":5.0},{"damage":0.0,"enemies":"Orb Walker","floor":41.0,"turns":2.0},{"damage":0.0,"enemies":"Giant Head","floor":42.0,"turns":5.0},{"damage":0.0,"enemies":"Reptomancer","floor":44.0,"turns":2.0},{"damage":0.0,"enemies":"4 Shapes","floor":45.0,"turns":4.0},{"damage":0.0,"enemies":"Jaw Worm Horde","floor":46.0,"turns":4.0},{"damage":19.0,"enemies":"Nemesis","floor":47.0,"turns":3.0},{"damage":0.0,"enemies":"Writhing Mass","floor":48.0,"turns":4.0},{"damage":2,"enemies":"Awakened One","floor":50,"turns":8}],"seed_played":"7714736405162144536","potions_obtained":[{"floor":7.0,"key":"EntropicBrew"},{"floor":14.0,"key":"LiquidMemories"},{"floor":16.0,"key":"Dexterity Potion"},{"floor":18.0,"key":"Swift Potion"},{"floor":24.0,"key":"SneckoOil"},{"floor":27.0,"key":"SkillPotion"},{"floor":30.0,"key":"EntropicBrew"},{"floor":33.0,"key":"Dexterity Potion"},{"floor":35.0,"key":"DuplicationPotion"},{"floor":41.0,"key":"Fire Potion"},{"floor":47.0,"key":"SpeedPotion"}],"is_trial":false,"path_per_floor":["M","$","M","M","$","R","E","R","T","M","M","R","?","M","R","B",null,"M","M","?","$","M","R","E","R","T","E","T","E","M","?","R","B",null,"M","$","?","?","?","R","M","E","T","E","M","M","E","M","R","B",null],"character_chosen":"THE_SILENT","items_purchased":["Blade Dance","Slice","Infinite Blades","War Paint","Nunchaku"],"campfire_rested":0,"item_purchase_floors":[2,21,21,36,36],"current_hp_per_floor":[63,63,61,61,61,61,50,50,50,49,49,58,58,58,63,10,63,57,54,54,54,42,54,52,63,63,61,61,61,62,62,63,63,63,56,56,56,56,56,60,60,60,60,60,60,60,41,43,60,60],"gold":171,"neow_bonus":"THREE_RARE_CARDS","is_daily":false,"chose_seed":false,"campfire_upgraded":4,"win_rate":0.0,"timestamp":1613156631,"path_taken":["M","$","M","M","?","R","E","R","T","?","M","R","?","M","R","BOSS","M","M","?","$","M","R","E","R","T","E","?","E","M","?","R","BOSS","M","$","?","?","?","R","M","E","T","E","M","M","E","M","R","BOSS"],"items_purchased_type":["Card","Card","Card","Relic","Relic"],"build_version":"2020-12-22","purchased_purges":3,"victory":true,"max_hp_per_floor":[63,63,63,63,63,63,63,63,63,63,63,63,63,63,63,63,63,63,63,63,63,63,63,63,63,63,63,63,63,63,63,63,63,63,63,63,63,63,60,60,60,60,60,60,60,60,60,60,60,60],"relic_stats":{"Darkstone Periapt":0,"counters":[25,137],"Eternal Feather":59,"StoneCalendar":[52],"PreservedInsect":372,"Juzu Bracelet":1,"War Paint":["Burst","Defend_G"],"Smiling Mask":75,"Blood Vial":4,"Nunchaku":[14],"Centennial Puzzle":[6],"Dream Catcher":0,"Shovel":5,"Shuriken":[67],"Gambling Chip":[49],"Black Star":6,"Kunai":[67],"obtain_stats":[{"Darkstone Periapt":27,"SacredBark":34,"Vajra":49,"StoneCalendar":42,"Juzu Bracelet":24,"Smiling Mask":29,"Blood Vial":29,"Nunchaku":36,"Centennial Puzzle":44,"Dream Catcher":47,"Shovel":13,"Ninja Scroll":28,"Gambling Chip":24,"Red Mask":37,"Kunai":26,"Ring of the Snake":0,"Thread and Needle":7,"Eternal Feather":9,"PreservedInsect":15,"War Paint":36,"Frozen Egg 2":47,"White Beast Statue":23,"CaptainsWheel":27,"Shuriken":25,"MutagenicStrength":20,"Black Star":17,"Bag of Marbles":42,"Toy Ornithopter":40,"TungstenRod":44},{"Darkstone Periapt":13,"SacredBark":16,"Vajra":24,"StoneCalendar":19,"Juzu Bracelet":12,"Smiling Mask":14,"Blood Vial":14,"Nunchaku":17,"Centennial Puzzle":20,"Dream Catcher":23,"Shovel":6,"Ninja Scroll":13,"Gambling Chip":12,"Red Mask":17,"Kunai":12,"Ring of the Snake":0,"Thread and Needle":4,"Eternal Feather":4,"PreservedInsect":7,"War Paint":17,"Frozen Egg 2":23,"White Beast Statue":11,"CaptainsWheel":13,"Shuriken":12,"MutagenicStrength":10,"Black Star":8,"Bag of Marbles":19,"Toy Ornithopter":17,"TungstenRod":20},{"Darkstone Periapt":84,"SacredBark":100,"Vajra":129,"StoneCalendar":112,"Juzu Bracelet":79,"Smiling Mask":87,"Blood Vial":87,"Nunchaku":105,"Centennial Puzzle":114,"Dream Catcher":125,"Shovel":33,"Ninja Scroll":84,"Gambling Chip":79,"Red Mask":105,"Kunai":79,"Ring of the Snake":0,"Thread and Needle":23,"Eternal Feather":23,"PreservedInsect":35,"War Paint":105,"Frozen Egg 2":125,"White Beast Statue":73,"CaptainsWheel":84,"Shuriken":79,"MutagenicStrength":65,"Black Star":56,"Bag of Marbles":112,"Toy Ornithopter":105,"TungstenRod":114}],"Toy Ornithopter":2,"TungstenRod":2,"Ring of the Snake":[50]},"card_choices":[{"not_picked":["Wraith Form v2","Venomology"],"picked":"After Image","floor":0.0},{"not_picked":["Dagger Throw","PiercingWail"],"picked":"Quick Slash","floor":1.0},{"not_picked":["Riddle With Holes","Catalyst"],"picked":"Slice","floor":3.0},{"not_picked":["Prepared","Underhanded Strike"],"picked":"Deflect","floor":4.0},{"not_picked":["Dagger Spray","Underhanded Strike"],"picked":"Dodge and Roll","floor":7.0},{"not_picked":["Outmaneuver","Blade Dance"],"picked":"Heel Hook","floor":10.0},{"not_picked":["Underhanded Strike","Bouncing Flask"],"picked":"Slice","floor":11.0},{"not_picked":["Skewer","Acrobatics"],"picked":"Flying Knee","floor":14.0},{"not_picked":["Envenom","Bullet Time"],"picked":"Venomology","floor":16.0},{"not_picked":["Deadly Poison","Outmaneuver"],"picked":"Blade Dance","floor":18.0},{"not_picked":["Reflex","Dash","Predator+1"],"picked":"SKIP","floor":19.0},{"not_picked":["Endless Agony+1","Masterful Stab+1"],"picked":"Backflip+1","floor":22.0},{"not_picked":["Blade Dance","Outmaneuver"],"picked":"Dash+1","floor":24.0},{"not_picked":["Underhanded Strike","Poisoned Stab"],"picked":"PiercingWail","floor":27.0},{"not_picked":["Slice","Quick Slash"],"picked":"After Image","floor":29.0},{"not_picked":["Masterful Stab","Heel Hook+1"],"picked":"Finisher","floor":30.0},{"not_picked":["Die Die Die","Venomology"],"picked":"Burst","floor":33.0},{"not_picked":["Bane+1","PiercingWail+1"],"picked":"Blur+1","floor":35.0},{"not_picked":["Riddle With Holes","Sucker Punch+1"],"picked":"Dagger Spray+1","floor":41.0},{"not_picked":["Well Laid Plans","Eviscerate"],"picked":"Terror+1","floor":42.0},{"not_picked":["Prepared+1","Deadly Poison","Backflip+1"],"picked":"SKIP","floor":44.0},{"not_picked":["All Out Attack","Caltrops","Bane+1"],"picked":"SKIP","floor":45.0},{"not_picked":["Dodge and Roll","Quick Slash"],"picked":"Slice","floor":46.0},{"not_picked":["Tools of the Trade+1","Dash","Tactician"],"picked":"SKIP","floor":47.0},{"not_picked":["Underhanded Strike+1","Prepared+1","Outmaneuver+1"],"picked":"SKIP","floor":48.0}],"player_experience":79068,"relics_obtained":[{"floor":7.0,"key":"Thread and Needle"},{"floor":9.0,"key":"Eternal Feather"},{"floor":15.0,"key":"PreservedInsect"},{"floor":23.0,"key":"White Beast Statue"},{"floor":24.0,"key":"Juzu Bracelet"},{"floor":24.0,"key":"Gambling Chip"},{"floor":25.0,"key":"Shuriken"},{"floor":26.0,"key":"Kunai"},{"floor":27.0,"key":"Darkstone Periapt"},{"floor":27.0,"key":"CaptainsWheel"},{"floor":28.0,"key":"Ninja Scroll"},{"floor":29.0,"key":"Smiling Mask"},{"floor":29.0,"key":"Blood Vial"},{"floor":40.0,"key":"Toy Ornithopter"},{"floor":42.0,"key":"StoneCalendar"},{"floor":42.0,"key":"Bag of Marbles"},{"floor":44.0,"key":"TungstenRod"},{"floor":44.0,"key":"Centennial Puzzle"},{"floor":47.0,"key":"Dream Catcher"},{"floor":47.0,"key":"Frozen Egg 2"},{"floor":49.0,"key":"Vajra"}],"event_choices":[{"damage_healed":0.0,"max_hp_gain":0.0,"max_hp_loss":0.0,"gold_gain":30.0,"event_name":"Dead Adventurer","player_choice":"Searched \u00272\u0027 times","floor":13.0,"gold_loss":0.0,"damage_taken":0.0,"relics_obtained":["Shovel"]},{"damage_healed":0.0,"max_hp_gain":0.0,"max_hp_loss":0.0,"gold_gain":0.0,"event_name":"Drug Dealer","player_choice":"Inject Mutagens","floor":20.0,"gold_loss":0.0,"damage_taken":0.0,"relics_obtained":["MutagenicStrength"]},{"damage_healed":0.0,"max_hp_gain":0.0,"max_hp_loss":0.0,"gold_gain":0.0,"event_name":"Ghosts","player_choice":"Ignored","floor":31.0,"gold_loss":0.0,"damage_taken":0.0},{"damage_healed":0.0,"max_hp_gain":0.0,"max_hp_loss":0.0,"gold_gain":0.0,"event_name":"Tomb of Lord Red Mask","player_choice":"Paid","floor":37.0,"gold_loss":62.0,"damage_taken":0.0,"relics_obtained":["Red Mask"]},{"cards_removed":["Infinite Blades"],"damage_healed":0.0,"max_hp_gain":0.0,"max_hp_loss":0.0,"gold_gain":0.0,"event_name":"Falling","player_choice":"Removed Power","floor":38.0,"gold_loss":0.0,"damage_taken":0.0},{"damage_healed":0.0,"max_hp_gain":0.0,"max_hp_loss":3.0,"gold_gain":0.0,"event_name":"Winding Halls","player_choice":"Max HP","floor":39.0,"gold_loss":0.0,"damage_taken":0.0}],"is_beta":false,"boss_relics":[{"not_picked":["Runic Dome","Velvet Choker"],"picked":"Black Star"},{"not_picked":["Busted Crown","Runic Pyramid"],"picked":"SacredBark"}],"items_purged_floors":[5,21,36],"is_endless":false,"potions_floor_spawned":[7,14,16,18,22,24,27,29,30,33,35,41,42,44,45,46,47,48],"ascension_level":0}}