{"host":"yhhyog5h1q67ienp","time":1613164235,"event":{"mods":["AchievementEnabler","BaseMod","Block Reminder","Colored Map","Colored Powertips","Minty Spire (QoL Compilation)","Quick Restart","Relic Stats","StSLib","ojb\u0027s Better Paths Mod","ojb\u0027s Info Mod"],"gold_per_floor":[110,130,144,144,159,186,186,217,243,243,243],"floor_reached":10,"language":"ENG","playtime":682,"items_purged":[],"score":156,"play_id":"e1888d23-2f69-4365-ace1-3c574937b28c","local_time":"20210212181035","is_ascension_mode":true,"campfire_choices":[{"floor":7,"key":"REST"}],"circlet_count":0,"master_deck":["AscendersBane","Strike_P","Strike_P","Strike_P","Strike_P","Defend_P","Defend_P","Defend_P","Defend_P","Eruption","Vigilance","JustLucky","Consecrate","Wireheading","EmptyFist","Scrawl","Crescendo"],"relics":["PureWater","NeowsBlessing","Ginger","Oddly Smooth Stone","Centennial Puzzle"],"acts_visited":["Exordium"],"potions_floor_usage":[5,8],"damage_taken":[{"damage":0,"enemies":"Jaw Worm","floor":1,"turns":1},{"damage":0,"enemies":"Cultist","floor":2,"turns":1},{"damage":0,"enemies":"Small Slimes","floor":3,"turns":1},{"damage":21,"enemies":"Exordium Wildlife","floor":5,"turns":9},{"damage":39,"enemies":"Gremlin Nob","floor":6,"turns":4},{"damage":20,"enemies":"Lagavulin","floor":8,"turns":6},{"damage":8,"enemies":"Gremlin Nob","floor":10,"turns":2}],"seed_played":"1926758656727901699","potions_obtained":[{"floor":3,"key":"Explosive Potion"},{"floor":4,"key":"Dexterity Potion"},{"floor":6,"key":"Swift Potion"}],"is_trial":false,"path_per_floor":["M","M","M","?","M","E","R","E","T","E"],"character_chosen":"WATCHER","items_purchased":[],"campfire_rested":1,"item_purchase_floors":[],"current_hp_per_floor":[61,61,61,61,40,1,21,1,1,0,0],"gold":243,"neow_bonus":"THREE_ENEMY_KILL","is_daily":false,"chose_seed":false,"campfire_upgraded":0,"win_rate":0.0,"timestamp":1613164235,"path_taken":["M","M","M","?","M","E","R","E","T","E"],"items_purchased_type":[],"build_version":"2020-12-22","purchased_purges":0,"victory":false,"max_hp_per_floor":[68,68,68,68,68,68,68,68,68,68,68],"relic_stats":{"Centennial Puzzle":[0],"counters":[7,24],"Ginger":[0],"obtain_stats":[{"Centennial Puzzle":9,"NeowsBlessing":0,"Oddly Smooth Stone":8,"Ginger":6,"PureWater":0},{"Centennial Puzzle":6,"NeowsBlessing":0,"Oddly Smooth Stone":6,"Ginger":5,"PureWater":0},{"Centennial Puzzle":22,"NeowsBlessing":0,"Oddly Smooth Stone":22,"Ginger":16,"PureWater":0}]},"card_choices":[{"not_picked":["FlyingSleeves","SandsOfTime"],"picked":"JustLucky","floor":1},{"not_picked":["Study","PathToVictory"],"picked":"Consecrate","floor":2},{"not_picked":["SashWhip","Evaluate"],"picked":"Wireheading","floor":3},{"not_picked":["PathToVictory","Nirvana"],"picked":"EmptyFist","floor":5},{"not_picked":["ClearTheMind","Collect"],"picked":"Scrawl","floor":6},{"not_picked":["Pray","PathToVictory"],"picked":"Crescendo","floor":8}],"player_experience":1465689,"relics_obtained":[{"floor":6,"key":"Ginger"},{"floor":8,"key":"Oddly Smooth Stone"},{"floor":9,"key":"Centennial Puzzle"}],"event_choices":[{"damage_healed":0,"gold_gain":0,"player_choice":"Got Potions","damage_taken":0,"max_hp_gain":0,"max_hp_loss":0,"event_name":"Lab","floor":4,"gold_loss":0}],"is_beta":false,"boss_relics":[],"items_purged_floors":[],"is_endless":false,"potions_floor_spawned":[3,6],"killed_by":"Gremlin Nob","ascension_level":20}}