{"host":"pypglfp8rzlfgxqw","time":1613100168,"event":{"mods":["Act Like it!","BaseMod","Beaked The Cultist","BetterRewards","Conspire","Downfall","Duelist Mod","Friendly Minions","Glutton Mod","Hallownest","Hubris","Infinite Spire","Jorbs\u0027s Wanderer Trilogy","Mad Scientist","Marisa????????","Mimic Mod","Minty Spire (QoL Compilation)","READ ME - Guardian Mod","Reliquary","Replay The Spire","Shop Mod","StSLib","The Administrix","The Animator","The Blackbeard","The Bug Knight","The Construct","The Cursed","The Disciple","The Elementalist","The Gatherer","The Jungle","The Marked","The Mystic","The Runesmith","The Servant 0.9.4","WarShipGirlsR/????R mod"],"gold_per_floor":[118,132,79,134,134,169,104,104,150,150,29,29,44,63,63,163,163,181,181,197,79,94,113,113,128,179,195,195,211,231,231,231],"floor_reached":31,"language":"ENG","playtime":3413,"items_purged":[],"score":264,"play_id":"cfcac198-2033-4864-92b0-4a0920f5281f","local_time":"20210211222248","is_ascension_mode":false,"campfire_choices":[{"data":"theMarked:EmpowerWeapon","floor":8,"key":"SMITH"},{"data":"theMarked:SoldierOfQuellstein","floor":10,"key":"SMITH"},{"floor":24,"key":"REST"},{"floor":28,"key":"REST"}],"circlet_count":0,"master_deck":["theMarked:Strike","theMarked:Strike","theMarked:Strike","theMarked:Strike","theMarked:Strike","theMarked:Defend","theMarked:Defend","theMarked:Defend","theMarked:Defend","theMarked:SoldierOfQuellstein+1","theMarked:ContemptForTheProud","theMarked:EmpowerWeapon+1","theMarked:Improvise","Violence","Bandage Up+1","theMarked:EmpowerWeapon","theMarked:ParalyzingBlade"],"relics":["theMarked:ArtifactOfAir","NeowsBlessing","Bag of Marbles","hubris:Towel","MerchantsRug","PreservedInsect","Dead Branch","Black Star","Hallownest:DreamNailRelic","Membership Card","reliquary:Knoch"],"acts_visited":["Exordium","TheCity"],"potions_floor_usage":[14,16,23,27,27,30,30],"damage_taken":[{"damage":0,"enemies":"Hallownest:monsterHuskWarrior","floor":1,"turns":1},{"damage":0,"enemies":"Hallownest:monsterHuskGuard","floor":2,"turns":1},{"damage":0,"enemies":"Hallownest:eliteMossKnight","floor":6,"turns":1},{"damage":5,"enemies":"Hallownest:2_Tiktiks_and_1_Crawlid","floor":13,"turns":3},{"damage":3,"enemies":"Hallownest:Guard_and_Warrior","floor":14,"turns":5},{"damage":29,"enemies":"Hallownest:BossHornet","floor":16,"turns":10},{"damage":16,"enemies":"Spheric Guardian","floor":18,"turns":4},{"damage":2,"enemies":"Shell Parasite","floor":20,"turns":7},{"damage":38,"enemies":"Centurion and Healer","floor":22,"turns":5},{"damage":25,"enemies":"Snecko","floor":23,"turns":5},{"damage":23,"enemies":"Shelled Parasite and Fungi","floor":25,"turns":4},{"damage":25,"enemies":"Chosen and Byrds","floor":27,"turns":7},{"damage":3,"enemies":"Centurion and Healer","floor":29,"turns":6},{"damage":17,"enemies":"Cultist and Chosen","floor":30,"turns":5},{"damage":22,"enemies":"Snake Plant","floor":31,"turns":2}],"seed_played":"-1113405441738492617","potions_obtained":[{"floor":1,"key":"Ancient Potion"},{"floor":4,"key":"theMarked:ChargePotion"},{"floor":4,"key":"Dexterity Potion"},{"floor":14,"key":"FearPotion"},{"floor":16,"key":"bronze:BurnAndBuffPotion"},{"floor":22,"key":"Strength Potion"},{"floor":25,"key":"Regen Potion"},{"floor":29,"key":"Death Potion"}],"is_trial":false,"path_per_floor":["M","M","$","?","?","E","$","R","T","R","$","T","M","M","R","B",null,"M","?","M","$","M","M","R","M","T","M","R","M","M","M"],"character_chosen":"THE_DEFAULT","items_purchased":["theMarked:Improvise","MerchantsRug","ReplayTheSpireMod:ShopPack","Membership Card"],"campfire_rested":2,"item_purchase_floors":[3,7,11,21],"current_hp_per_floor":[70,70,70,42,42,42,42,42,42,42,42,42,41,42,63,40,70,54,54,58,58,26,7,28,11,11,7,28,31,20,0,0],"gold":231,"neow_bonus":"THREE_ENEMY_KILL","is_daily":false,"chose_seed":false,"campfire_upgraded":2,"win_rate":0.0,"timestamp":1613100168,"path_taken":["M","M","$","?","?","E","$","R","T","R","$","?","M","M","R","BOSS","M","?","?","$","M","M","R","M","T","M","R","M","M","M"],"items_purchased_type":["Card","Relic","Relic","Relic"],"build_version":"2020-12-22","purchased_purges":0,"victory":false,"max_hp_per_floor":[70,70,70,70,70,70,70,70,70,70,70,70,70,70,70,70,70,70,70,70,70,70,70,70,70,70,70,70,70,70,70,70],"card_choices":[{"not_picked":["theMarked:Determination","theMarked:Standoff"],"picked":"theMarked:ContemptForTheProud","floor":1},{"not_picked":["theMarked:ElectricStrings","theMarked:RepellingDischarge"],"picked":"theMarked:EmpowerWeapon","floor":2},{"not_picked":["theMarked:Improvise","theMarked:Determination","theMarked:Reabsorb"],"picked":"SKIP","floor":6},{"not_picked":["hubris:EnhanceAbility","Apotheosis"],"picked":"Violence","floor":11},{"not_picked":["hubris:Ssssneak","Metamorphosis"],"picked":"Bandage Up","floor":11},{"not_picked":["theMarked:Opportunist","theMarked:Parkour","theMarked:AttractMetal"],"picked":"SKIP","floor":13},{"not_picked":["theMarked:HeightenedSenses","theMarked:BanishingStrike"],"picked":"theMarked:EmpowerWeapon","floor":14},{"not_picked":["theMarked:GodGivenPower+1","theMarked:ElectricStrings"],"picked":"theMarked:ParalyzingBlade","floor":18},{"not_picked":["theMarked:TakeCover","theMarked:HeightenedSenses","theMarked:EmpowerWeapon"],"picked":"SKIP","floor":20},{"not_picked":["theMarked:WardOff","theMarked:Frustration","theMarked:Improvise"],"picked":"SKIP","floor":22},{"not_picked":["theMarked:WastefulAttack","theMarked:SwordAndMagic","theMarked:Overthink+1"],"picked":"SKIP","floor":23},{"not_picked":["theMarked:FavorableWinds","theMarked:Polarize","theMarked:BanishingStrike"],"picked":"SKIP","floor":25},{"not_picked":["theMarked:TakeCover","theMarked:WardOff","theMarked:Memento"],"picked":"SKIP","floor":27},{"not_picked":["theMarked:Improvise","theMarked:GodGivenPower+1","theMarked:RogueSparks"],"picked":"SKIP","floor":29},{"not_picked":["theMarked:LightningStrikesTwice","theMarked:TwofoldDefense","theMarked:Abjuration"],"picked":"SKIP","floor":30}],"player_experience":483851,"relics_obtained":[{"floor":4,"key":"Bag of Marbles"},{"floor":6,"key":"infinitespire:BottledMercury"},{"floor":9,"key":"PreservedInsect"},{"floor":12,"key":"Dead Branch"},{"floor":26,"key":"reliquary:Knoch"}],"event_choices":[],"is_beta":false,"boss_relics":[{"not_picked":["hubris:BlackHole","Tiny House"],"picked":"Black Star"}],"items_purged_floors":[],"is_endless":false,"potions_floor_spawned":[1,14,16,22,25,29],"killed_by":"Snake Plant","ascension_level":0}}