{"host":"17xjy7b7ubl548g2","time":1613115217,"event":{"mods":["2.2 Compatiblity","Act Like it!","Aspiration","Astrologer","Bard","BaseMod","Challenge The Spire","ChefMod","Colored Map","Colored Powertips","Conspire","Elementarium","Energized Spire","Gensokyo","GifTheSpireLib","Halation","Hallownest","Hermit","Hubris","Infinite Spire","Jedi Mod","Jorbs\u0027s Wanderer Trilogy","Marisa（霧雨　魔理沙）","Marked Mod","Menagerie","Minty Spire (QoL Compilation)","Permanent Neow","Reliquary","Replay The Spire","Robot Space Explorer","Spicy Shops","Spire Arcade","StSLib","Stuff the Spire","The Blue Laboratory","The Bug Knight","The Construct","The Disciple","The Exalted","The Hayseed","The Hierophant","The Marked","The Runesmith","The Sage","TheFirefly"],"gold_per_floor":[118,118,131,149,169,169,184,184,184,184,214,214,234,263,263,359,359,378,42,42,81,119,119,174,186,198,230,291,303,315,346,358,466,478,502,514,540,92,92,117,117,117,117,165,177,213,213,228,228,248],"floor_reached":51,"language":"ENG","playtime":5472,"items_purged":["Bromod:SlashDash"],"score":894,"play_id":"d6053432-6e5b-4688-8d3f-b6e4c1b981a4","local_time":"20210212023337","is_ascension_mode":true,"campfire_choices":[{"data":"Bromod:ReflexCoil","floor":6,"key":"SMITH"},{"data":"Bromod:JaggedEdge","floor":8,"key":"SMITH"},{"data":"Bromod:NoReturn","floor":15,"key":"SMITH"},{"data":"Elementarium:GildedForm","floor":23,"key":"SMITH"},{"data":"StuffTheSpire:Innocence","floor":30,"key":"SMITH"},{"floor":32,"key":"REST"},{"data":"Bromod:Berserker","floor":41,"key":"SMITH"},{"data":"Bromod:ExaltedBlade","floor":47,"key":"SMITH"},{"floor":49,"key":"REST"}],"circlet_count":0,"master_deck":["Bromod:Strike_Bro","Bromod:Strike_Bro","Bromod:Defend_Bro","Bromod:Defend_Bro","Bromod:Defend_Bro","Bromod:Defend_Bro","Bromod:SlashDash","Bromod:SlashDash","Bromod:HornetStrike","Bromod:ReflexCoil+1","Bromod:Reflection","Bromod:JaggedEdge+1","Bromod:Blaze","Bromod:HeatedCharge","Bromod:NoReturn+1","Bromod:ExaltedBlade+1","Bromod:NorthWind","Elementarium:GildedForm+1","Bromod:Reflection+1","Bromod:QuickDraw","Bromod:Vitality","StuffTheSpire:Innocence+1","Bromod:SlashDash","Bromod:QuickDraw","Bromod:HornetStrike+1","Bromod:BulletJump","Bromod:SteelFiber+1","Bromod:Berserker+1","Bromod:RadialBlind+1","Bromod:RadialBlind+1","Bromod:Vitality","Bromod:ToxicBarrage","Bromod:BulletJump+1","Bromod:EnergySiphon+1","Bromod:SteelFiber+1","Bromod:SlashDash+1"],"relics":["Bromod:Ordis","Bromod:AscarisDevice","halation:BlackBeret","reliquary:HotPoker","StuffTheSpire:ForceGauntlet","halation:EternalFortune","StrikeDummy","conspire:SlowCooker","hubris:PeanutButter","MawBank","Prayer Wheel","Bromod:ArcaneNullifier","Elementarium:ElementariumTrophy","energizedSpire:OgreHead","HollowMod:PaleOreRelic","StuffTheSpire:MayFlowers","Centennial Puzzle","sagemod:Creepy_Carousel","Shuriken","conspire:BottledYoYo"],"acts_visited":["Exordium","Menagerie:Menagerie","TheBeyond"],"potions_floor_usage":[3,11,14,27,37,38,44,48,50],"damage_taken":[{"damage":0,"enemies":"Menagerie:WhisperingWraith","floor":1,"turns":4},{"damage":1,"enemies":"Menagerie:2_RABBITS","floor":3,"turns":4},{"damage":4,"enemies":"Menagerie:StygianBoar","floor":4,"turns":3},{"damage":0,"enemies":"Menagerie:MeltingSalamander","floor":5,"turns":4},{"damage":0,"enemies":"Menagerie:Hexasnake","floor":7,"turns":4},{"damage":8,"enemies":"Menagerie:Hydra","floor":11,"turns":4},{"damage":4,"enemies":"Menagerie:MENAGERIE_WILDLIFE","floor":13,"turns":3},{"damage":5,"enemies":"Menagerie:MaskedSummoner","floor":14,"turns":5},{"damage":31,"enemies":"Menagerie:Suneater","floor":16,"turns":6},{"damage":12,"enemies":"Elementarium:MUD_AND_TAR_GOLEMS","floor":18,"turns":4},{"damage":5,"enemies":"Elementarium:Cyclone","floor":21,"turns":5},{"damage":16,"enemies":"Elementarium:VoidBeast","floor":22,"turns":5},{"damage":14,"enemies":"Elementarium:FIRE_NOBILITY","floor":24,"turns":8},{"damage":4,"enemies":"Elementarium:Hydrostalker","floor":27,"turns":6},{"damage":0,"enemies":"Nightmare","floor":28,"turns":6},{"damage":14,"enemies":"Elementarium:3_ELEMENTALS","floor":31,"turns":3},{"damage":0,"enemies":"Elementarium:GolemEmperor","floor":33,"turns":8},{"damage":15,"enemies":"Orb Walker","floor":35,"turns":4},{"damage":36,"enemies":"3 Shapes","floor":37,"turns":4},{"damage":9,"enemies":"Nemesis","floor":40,"turns":5},{"damage":0,"enemies":"Reptomancer","floor":44,"turns":7},{"damage":0,"enemies":"Maw","floor":45,"turns":6},{"damage":0,"enemies":"Sphere and 2 Shapes","floor":46,"turns":7},{"damage":0,"enemies":"3 Darklings","floor":48,"turns":4},{"damage":4,"enemies":"infinitespire:MassOfShapes","floor":50,"turns":12}],"seed_played":"-432138788993826864","potions_obtained":[{"floor":1,"key":"jedi:mysterypotion"},{"floor":3,"key":"Energy Potion"},{"floor":7,"key":"Elixir"},{"floor":11,"key":"Adrenaline Potion"},{"floor":16,"key":"sagemod:Wine"},{"floor":24,"key":"blueLaboratory:FruitPunch"},{"floor":27,"key":"SpeedPotion"},{"floor":40,"key":"Dexterity Potion"},{"floor":44,"key":"ColorlessPotion"}],"is_trial":false,"path_per_floor":["M","?","M","M","M","R","M","R","T","?","E","?","M","E","R","B",null,"M","$","?","M","M","R","E","?","T","M","NM","?","R","M","R","B",null,"M","?","M","$","?","E","R","?","T","E","M","M","R","M","R","B",null],"character_chosen":"THE_EXALTED","items_purchased":["Strawberry","hubris:PeanutButter","HollowMod:PaleOreRelic","StuffTheSpire:MayFlowers","Bromod:Vitality","Bromod:ToxicBarrage","Centennial Puzzle"],"campfire_rested":2,"item_purchase_floors":[19,19,38,38,38,38,38],"current_hp_per_floor":[54,62,61,57,57,57,57,57,57,57,49,52,48,43,43,12,78,66,73,73,68,52,52,38,38,38,36,39,24,24,10,35,35,85,70,70,34,34,34,25,25,25,25,34,37,43,43,43,68,70],"gold":248,"neow_bonus":"ONE_RARE_RELIC","is_daily":false,"chose_seed":false,"campfire_upgraded":7,"win_rate":0.0,"timestamp":1613115217,"path_taken":["M","?","?","?","M","R","M","R","T","?","E","?","M","E","R","BOSS","M","$","?","M","M","R","E","?","T","M","NM","?","R","M","R","BOSS","M","?","M","$","?","E","R","?","T","E","M","M","R","M","R","BOSS"],"items_purchased_type":["Relic","Relic","Relic","Relic","Card","Card","Relic"],"build_version":"2020-12-22","purchased_purges":1,"victory":true,"max_hp_per_floor":[75,75,75,75,75,75,75,75,75,75,75,78,78,78,78,78,78,78,85,75,75,75,75,75,75,75,77,80,85,85,85,85,85,85,85,85,85,85,81,81,81,81,81,84,84,84,84,84,84,84],"card_choices":[{"not_picked":["Bromod:KillingBlow","Bromod:SteelFiber"],"picked":"Bromod:HornetStrike","floor":1},{"not_picked":["Bromod:BodyCount","Bromod:SlipMagazine"],"picked":"Bromod:ReflexCoil","floor":3},{"not_picked":["Bromod:FastHands","Bromod:BodyCount"],"picked":"Bromod:Reflection","floor":4},{"not_picked":["Bromod:ShatteringImpact","Bromod:QuickDraw","Bromod:SlipMagazine"],"picked":"SKIP","floor":5},{"not_picked":["Bromod:Serration","Bromod:SeismicWave"],"picked":"Bromod:JaggedEdge","floor":7},{"not_picked":["Bromod:ShatteringImpact","Bromod:TargetCracker"],"picked":"Bromod:Blaze","floor":11},{"not_picked":["Bromod:Foundry","Bromod:OrganShatter"],"picked":"Bromod:HeatedCharge","floor":13},{"not_picked":["Bromod:ShatteringImpact","Bromod:FinishingTouch"],"picked":"Bromod:NoReturn","floor":14},{"not_picked":["Bromod:RendingStrike","Bromod:Blaze"],"picked":"Bromod:ExaltedBlade","floor":16},{"not_picked":["Bromod:BriefRespite","Bromod:Foundry"],"picked":"Bromod:NorthWind","floor":18},{"not_picked":["Bromod:SlipMagazine","Bromod:TargetCracker+1"],"picked":"Bromod:Reflection+1","floor":21},{"not_picked":["Bromod:BodyCount","Bromod:Redirection"],"picked":"Bromod:QuickDraw","floor":22},{"not_picked":["Bromod:HornetStrike","Bromod:Fury+1"],"picked":"Bromod:Vitality","floor":24},{"not_picked":["StuffTheSpire:Brawn","StuffTheSpire:Rapture"],"picked":"StuffTheSpire:Innocence","floor":25},{"not_picked":["Bromod:QuickDraw","Bromod:KillingBlow"],"picked":"Bromod:SlashDash","floor":27},{"not_picked":["Bromod:PointStrike","Bromod:PressurePoint"],"picked":"Bromod:QuickDraw","floor":27},{"not_picked":["Bromod:OrganShatter","Bromod:QuickDraw"],"picked":"Bromod:HornetStrike+1","floor":28},{"not_picked":["Bromod:PressurePoint","Bromod:NorthWind+1"],"picked":"Bromod:BulletJump","floor":31},{"not_picked":["Bromod:Reflection+1","Bromod:SeismicWave"],"picked":"Bromod:SteelFiber+1","floor":31},{"not_picked":["Bromod:Flow","Bromod:Blaze"],"picked":"Bromod:Berserker","floor":33},{"not_picked":["Bromod:Vitality+1","Bromod:SteelFiber+1"],"picked":"Bromod:RadialBlind+1","floor":35},{"not_picked":["Bromod:BodyCount","Bromod:PointBlank","Bromod:Redirection+1"],"picked":"SKIP","floor":35},{"not_picked":["Bromod:FastHands","Bromod:SlashDash+1"],"picked":"Bromod:RadialBlind+1","floor":37},{"not_picked":["Bromod:ContagiousSpread","Bromod:BloodRush","Bromod:Stormbringer+1"],"picked":"SKIP","floor":37},{"not_picked":["Bromod:KillingBlow+1","Bromod:BodyCount","Bromod:SlipMagazine"],"picked":"SKIP","floor":40},{"not_picked":["Bromod:NorthWind","Bromod:SlipMagazine","Bromod:Redirection"],"picked":"SKIP","floor":44},{"not_picked":["Bromod:ToxicFlight","Bromod:ShatteringImpact"],"picked":"Bromod:BulletJump+1","floor":45},{"not_picked":["Bromod:PointStrike","Bromod:Foundry+1","Bromod:BulletJump"],"picked":"SKIP","floor":45},{"not_picked":["Bromod:SteelFiber","Bromod:Fury+1"],"picked":"Bromod:EnergySiphon+1","floor":46},{"not_picked":["Bromod:PointBlank+1","Bromod:FastHands","Bromod:Stretch+1"],"picked":"SKIP","floor":46},{"not_picked":["Bromod:HeatedCharge+1","Bromod:Adaptation"],"picked":"Bromod:SteelFiber+1","floor":48},{"not_picked":["Bromod:OrganShatter","Bromod:Reflection+1"],"picked":"Bromod:SlashDash+1","floor":48}],"player_experience":2175169,"relics_obtained":[{"floor":9,"key":"reliquary:HotPoker"},{"floor":11,"key":"StuffTheSpire:ForceGauntlet"},{"floor":14,"key":"StrikeDummy"},{"floor":24,"key":"MawBank"},{"floor":26,"key":"Prayer Wheel"},{"floor":28,"key":"halation:EternalFortune"},{"floor":28,"key":"Bromod:ArcaneNullifier"},{"floor":40,"key":"sagemod:Creepy_Carousel"},{"floor":43,"key":"Shuriken"},{"floor":44,"key":"halation:EternalFortune"},{"floor":44,"key":"conspire:BottledYoYo"}],"event_choices":[{"damage_healed":0,"gold_gain":0,"player_choice":"Ignored","damage_taken":0,"max_hp_gain":0,"max_hp_loss":0,"event_name":"Menagerie:GrandMagusTower","floor":10,"gold_loss":0},{"damage_healed":0,"gold_gain":0,"player_choice":"Dive in","damage_taken":0,"max_hp_gain":0,"max_hp_loss":10,"event_name":"Elementarium:FountainOfGold","floor":20,"gold_loss":0,"cards_obtained":["Elementarium:GildedForm"]},{"damage_healed":0,"gold_gain":0,"player_choice":"Sacrifice","damage_taken":20,"max_hp_gain":5,"max_hp_loss":0,"event_name":"Elementarium:RadiantAltar","floor":29,"gold_loss":0},{"damage_healed":0,"gold_gain":0,"player_choice":"Max HP","damage_taken":0,"max_hp_gain":0,"max_hp_loss":4,"event_name":"Winding Halls","floor":39,"gold_loss":0},{"cards_removed":["Bromod:Strike_Bro"],"damage_healed":0,"gold_gain":0,"player_choice":"Removed Attack","damage_taken":0,"max_hp_gain":0,"max_hp_loss":0,"event_name":"Falling","floor":42,"gold_loss":0}],"is_beta":false,"boss_relics":[{"not_picked":["hubris:ScarierMask","SlaversCollar"],"picked":"conspire:SlowCooker"},{"not_picked":["halation:PlatinumPhoenix","Painkiller Herb"],"picked":"energizedSpire:OgreHead"}],"items_purged_floors":[38],"is_endless":false,"potions_floor_spawned":[1,3,7,11,16,24,27,33,35,40,44],"ascension_level":1}}