{"host":"cykg0g4pphyxjwkn","time":1613095965,"event":{"mods":["AchievementEnabler","BaseMod","Bestiary","Colored Map","Colored Powertips","Highlight Path","Minty Spire (QoL Compilation)","Relic Stats","SuperFastMode"],"gold_per_floor":[118,135,145,163,163,163,196,213,282,282,302,302,312,331,331,331,331],"floor_reached":16,"language":"ENG","playtime":539,"items_purged":[],"score":106,"play_id":"db39185c-4777-4d66-958e-19816fd1d7e7","local_time":"20210211211245","is_ascension_mode":false,"campfire_choices":[{"data":"Cleave","floor":6,"key":"SMITH"},{"data":"Flame Barrier","floor":10,"key":"SMITH"},{"data":"Pommel Strike","floor":12,"key":"SMITH"},{"data":"Rampage","floor":15,"key":"SMITH"}],"circlet_count":0,"master_deck":["Strike_R","Strike_R","Strike_R","Strike_R","Strike_R","Defend_R","Defend_R","Defend_R","Defend_R","Bash","Limit Break","Flame Barrier+1","Headbutt","Rampage+1","Cleave+1","Pommel Strike+1","True Grit+1","Pommel Strike"],"relics":["Burning Blood","Tiny Chest","Toxic Egg 2"],"acts_visited":["Exordium"],"potions_floor_usage":[7,7],"damage_taken":[{"damage":11,"enemies":"Jaw Worm","floor":1,"turns":3},{"damage":3,"enemies":"2 Louse","floor":2,"turns":4},{"damage":1,"enemies":"Cultist","floor":3,"turns":4},{"damage":44,"enemies":"Gremlin Gang","floor":4,"turns":7},{"damage":22,"enemies":"Lagavulin","floor":7,"turns":6},{"damage":1,"enemies":"3 Louse","floor":8,"turns":3},{"damage":0,"enemies":"Lots of Slimes","floor":11,"turns":1},{"damage":1,"enemies":"Exordium Wildlife","floor":13,"turns":2},{"damage":10,"enemies":"Gremlin Gang","floor":14,"turns":4},{"damage":39,"enemies":"The Guardian","floor":16,"turns":6}],"seed_played":"6277477719094039958","potions_obtained":[{"floor":1,"key":"FearPotion"},{"floor":2,"key":"HeartOfIron"},{"floor":3,"key":"DuplicationPotion"}],"is_trial":false,"path_per_floor":["M","M","M","M","?","R","E","M","T","R","M","R","M","M","R","B"],"character_chosen":"IRONCLAD","items_purchased":[],"campfire_rested":0,"item_purchase_floors":[],"current_hp_per_floor":[75,78,80,42,42,42,26,31,31,31,37,37,42,38,38,0,0],"gold":331,"neow_bonus":"ONE_RANDOM_RARE_CARD","is_daily":false,"chose_seed":false,"campfire_upgraded":4,"win_rate":0.0,"timestamp":1613095965,"path_taken":["M","M","M","M","?","R","E","M","T","R","M","R","M","M","R","BOSS"],"items_purchased_type":[],"build_version":"2020-12-22","purchased_purges":0,"victory":false,"max_hp_per_floor":[80,80,80,80,80,80,80,80,80,80,80,80,80,80,80,80,80],"relic_stats":{"counters":[10,40],"Tiny Chest":0,"obtain_stats":[{"Tiny Chest":7,"Toxic Egg 2":9,"Burning Blood":0},{"Tiny Chest":5,"Toxic Egg 2":6,"Burning Blood":0},{"Tiny Chest":24,"Toxic Egg 2":27,"Burning Blood":0}],"Burning Blood":51},"card_choices":[{"not_picked":["Warcry","Body Slam"],"picked":"Flame Barrier","floor":1},{"not_picked":["Warcry","Iron Wave"],"picked":"Headbutt","floor":2},{"not_picked":["Iron Wave","Body Slam"],"picked":"Rampage","floor":3},{"not_picked":["Flex","Uppercut"],"picked":"Cleave","floor":4},{"not_picked":["Anger","True Grit"],"picked":"Pommel Strike","floor":7},{"not_picked":["True Grit","Wild Strike","Body Slam"],"picked":"SKIP","floor":8},{"not_picked":["Sword Boomerang","Feel No Pain"],"picked":"True Grit+1","floor":11},{"not_picked":["Body Slam","Twin Strike"],"picked":"Pommel Strike","floor":13},{"not_picked":["Anger","Rampage","Sword Boomerang"],"picked":"SKIP","floor":14}],"player_experience":40394,"relics_obtained":[{"floor":7,"key":"Tiny Chest"},{"floor":9,"key":"Toxic Egg 2"}],"event_choices":[{"damage_healed":0,"gold_gain":0,"player_choice":"Ignored","damage_taken":0,"max_hp_gain":0,"max_hp_loss":0,"event_name":"Liars Game","floor":5,"gold_loss":0}],"is_beta":false,"boss_relics":[],"items_purged_floors":[],"is_endless":false,"potions_floor_spawned":[1,2,3],"killed_by":"The Guardian","ascension_level":0}}