{"host":"raai0vtvcfkt8csp","time":1613115930,"event":{"mods":["2.2 Compatiblity","BaseMod","Beaked The Cultist","Block Reminder","Booster Modes","Clockwork Mod","Custom Start","DeckTracker","Defective Defect","Defuse TimeMaze Blight","Dio Mod","GifTheSpireLib","Infinite Spire","Minty Spire (QoL Compilation)","Quick Restart","Random Character Button","Rare Cards Sparkle","StSLib","The Marked","Unceasing Turn Reminder"],"gold_per_floor":[110,127,137,155,165,194,194,219,219,238,268,284,284,314,314,415,415,426,445,447,462,462,500,548,579,647,656,695,695,713,740,740,852,852,871,921,921,921,937,937,973,986,1012,1041,1041,1041,1050,1088,1088,1088],"floor_reached":51,"language":"ENG","playtime":2821,"items_purged":[],"score":1203,"play_id":"feb49172-f9ad-4ff6-b5fe-00f291cbb307","local_time":"20210212084530","is_ascension_mode":true,"campfire_choices":[{"data":"theMarked:TurnInvisible","floor":7,"key":"SMITH"},{"floor":15,"key":"REST"},{"data":"theMarked:GodGivenPower","floor":15,"key":"SMITH"},{"floor":29,"key":"REST"},{"data":"theMarked:DispelDoubt","floor":29,"key":"SMITH"},{"floor":32,"key":"REST"},{"data":"theMarked:Electrocute","floor":32,"key":"SMITH"},{"data":"theMarked:FavorableWinds","floor":40,"key":"SMITH"},{"data":"theMarked:TakeOffHeels","floor":45,"key":"SMITH"},{"data":"theMarked:Levitate","floor":49,"key":"SMITH"}],"circlet_count":0,"master_deck":["theMarked:HeightenedSenses","theMarked:HeightenedSenses","theMarked:HeightenedSenses","theMarked:HeightenedSenses","theMarked:Polarize+1","theMarked:Polarize+1","theMarked:Polarize+1","theMarked:Polarize+1","theMarked:Polarize+1","theMarked:GodGivenPower+1","theMarked:AttractMetal","theMarked:Electrocute+1","theMarked:TurnInvisible+1","theMarked:Aftermath","theMarked:Overcharge","theMarked:DispelDoubt+1","CurseOfTheBell","theMarked:Generate+1","theMarked:Overcharge","Good Instincts","theMarked:Overcharge+1","theMarked:Generate+1","theMarked:FavorableWinds+1","theMarked:TakeOffHeels+1","infinitespire:UltimateForm+1","theMarked:Levitate+1"],"relics":["theMarked:ArtifactOfAir","Juzu Bracelet","Frozen Egg 2","White Beast Statue","infinitespire:Eraser","Torii","infinitespire:Magic Flask","Calling Bell","Pen Nib","infinitespire:Midas Blood","TungstenRod","Ancient Tea Set","CeramicFish","Vajra","HornCleat","Akabeko","Coffee Dripper","Unceasing Top","FossilizedHelix","Dream Catcher","Calipers","Ornamental Fan"],"acts_visited":["Exordium","TheCity","TheBeyond"],"potions_floor_usage":[21,21,23,25,28,35,41,48,50],"damage_taken":[{"damage":1,"enemies":"infinitespire:Voidling","floor":1,"turns":2},{"damage":0,"enemies":"2 Louse","floor":2,"turns":3},{"damage":0,"enemies":"Jaw Worm","floor":3,"turns":3},{"damage":0,"enemies":"Large Slime","floor":4,"turns":3},{"damage":0,"enemies":"Exordium Thugs","floor":5,"turns":3},{"damage":10,"enemies":"Gremlin Nob","floor":6,"turns":3},{"damage":0,"enemies":"Lagavulin","floor":8,"turns":3},{"damage":0,"enemies":"3 Louse","floor":10,"turns":4},{"damage":0,"enemies":"Gremlin Nob","floor":11,"turns":3},{"damage":1,"enemies":"Large Slime","floor":12,"turns":3},{"damage":0,"enemies":"Lagavulin","floor":14,"turns":3},{"damage":6,"enemies":"Hexaghost","floor":16,"turns":3},{"damage":0,"enemies":"Spheric Guardian","floor":18,"turns":4},{"damage":0,"enemies":"Chosen","floor":19,"turns":3},{"damage":0,"enemies":"Snecko","floor":21,"turns":3},{"damage":24,"enemies":"Slavers","floor":23,"turns":5},{"damage":5,"enemies":"Book of Stabbing","floor":25,"turns":2},{"damage":24,"enemies":"Gremlin Leader","floor":28,"turns":4},{"damage":0,"enemies":"3 Cultists","floor":30,"turns":4},{"damage":16,"enemies":"Shelled Parasite and Fungi","floor":31,"turns":5},{"damage":0,"enemies":"Automaton","floor":33,"turns":5},{"damage":9,"enemies":"Orb Walker","floor":35,"turns":2},{"damage":0,"enemies":"Mind Bloom Boss Battle","floor":36,"turns":2},{"damage":0,"enemies":"3 Darklings","floor":39,"turns":6},{"damage":0,"enemies":"Giant Head","floor":41,"turns":4},{"damage":0,"enemies":"Writhing Mass","floor":42,"turns":4},{"damage":0,"enemies":"Nightmare","floor":44,"turns":4},{"damage":0,"enemies":"Giant Head","floor":48,"turns":2},{"damage":0,"enemies":"Awakened One","floor":50,"turns":5}],"seed_played":"-6440024199285913559","potions_obtained":[{"floor":2,"key":"GamblersBrew"},{"floor":10,"key":"SkillPotion"},{"floor":11,"key":"DuplicationPotion"},{"floor":21,"key":"theMarked:ChargePotion"},{"floor":23,"key":"Regen Potion"},{"floor":25,"key":"Fire Potion"},{"floor":28,"key":"DuplicationPotion"},{"floor":30,"key":"Strength Potion"},{"floor":35,"key":"SteroidPotion"},{"floor":38,"key":"Block Potion"},{"floor":41,"key":"GamblersBrew"},{"floor":48,"key":"Fruit Juice"}],"is_trial":true,"path_per_floor":["M","M","M","M","M","E","R","E","T","M","E","M","?","E","R","B",null,"M","M","?","M","?","E","T","E","T","?","E","R","M","M","R","B",null,"M","?","?","?","M","R","E","M","T","NM","R","?","AVR","E","R","B",null],"character_chosen":"THE_DEFAULT","items_purchased":[],"campfire_rested":3,"item_purchase_floors":[],"current_hp_per_floor":[69,69,69,69,69,59,59,59,59,59,59,58,25,25,46,40,70,70,70,54,54,54,30,30,25,25,25,6,27,27,11,32,32,70,61,61,61,61,61,61,61,61,61,61,61,61,61,66,66,66],"gold":1088,"neow_bonus":"","is_daily":false,"chose_seed":false,"campfire_upgraded":7,"win_rate":0.0,"timestamp":1613115930,"path_taken":["M","M","M","?","M","E","R","E","T","M","E","M","?","E","R","BOSS","M","M","?","M","?","E","?","E","T","?","E","R","M","M","R","BOSS","M","?","?","?","M","R","E","M","T","NM","R","?","AVR","E","R","BOSS"],"items_purchased_type":[],"build_version":"2020-12-22","purchased_purges":0,"victory":true,"max_hp_per_floor":[70,70,70,70,70,70,70,70,70,70,70,70,70,70,70,70,70,70,70,70,70,70,70,70,70,70,70,70,70,70,70,70,70,70,70,70,70,70,70,70,70,70,70,70,70,70,70,75,75,75],"card_choices":[{"not_picked":["theMarked:TheMission","theMarked:Frustration"],"picked":"theMarked:AttractMetal","floor":1},{"not_picked":["theMarked:TheMission","theMarked:Determination","theMarked:BanishingStrike"],"picked":"SKIP","floor":2},{"not_picked":["theMarked:MuscleMemory","theMarked:Parkour","theMarked:StartUp"],"picked":"SKIP","floor":3},{"not_picked":["theMarked:Frustration","theMarked:CreepingChasm","theMarked:Memento"],"picked":"SKIP","floor":4},{"not_picked":["theMarked:Convert","theMarked:Frustration"],"picked":"theMarked:Electrocute","floor":5},{"not_picked":["theMarked:Convert","theMarked:TwofoldDefense"],"picked":"theMarked:TurnInvisible","floor":6},{"not_picked":["theMarked:Electrocute","theMarked:ElectricStrings","theMarked:Aftermath"],"picked":"SKIP","floor":8},{"not_picked":["theMarked:Parkour","theMarked:HeightenedSenses"],"picked":"theMarked:Aftermath","floor":10},{"not_picked":["theMarked:FavorableWinds","theMarked:Memento","theMarked:WastefulAttack"],"picked":"SKIP","floor":11},{"not_picked":["theMarked:ContemptForTheProud","theMarked:ChannelForce","theMarked:Parkour"],"picked":"SKIP","floor":12},{"not_picked":["theMarked:Aftermath","theMarked:ContemptForTheProud"],"picked":"theMarked:Overcharge","floor":14},{"not_picked":["theMarked:BindingBlade","theMarked:ThrowWeapon"],"picked":"theMarked:DispelDoubt","floor":16},{"not_picked":["theMarked:TwofoldDefense","theMarked:Overthink"],"picked":"theMarked:Generate+1","floor":18},{"not_picked":["theMarked:Electrocute","theMarked:Parkour"],"picked":"theMarked:Overcharge","floor":19},{"not_picked":["infinitespire:SevenWalls","infinitespire:Starlight"],"picked":"infinitespire:Gouge","floor":20},{"not_picked":["theMarked:ElectricStrings","theMarked:Pokerface+1","theMarked:Improvise+1"],"picked":"SKIP","floor":21},{"not_picked":["theMarked:ShockingTouch","theMarked:WardOff+1","theMarked:ChannelForce"],"picked":"SKIP","floor":23},{"not_picked":["theMarked:WastefulAttack","theMarked:Frustration","theMarked:OneWithTheBlade+1"],"picked":"SKIP","floor":25},{"not_picked":["theMarked:Challenge","theMarked:EmpowerWeapon"],"picked":"theMarked:Overcharge+1","floor":28},{"not_picked":["theMarked:ChainLightning","theMarked:ElectricStrings","theMarked:TwofoldDefense"],"picked":"SKIP","floor":30},{"not_picked":["theMarked:AttractMetal+1","theMarked:WastefulAttack"],"picked":"theMarked:Generate+1","floor":31},{"not_picked":["theMarked:Defy","theMarked:Challenge"],"picked":"theMarked:FavorableWinds","floor":33},{"not_picked":["theMarked:ShockingTouch+1","theMarked:HeightenedSenses","theMarked:Improvise+1"],"picked":"SKIP","floor":35},{"not_picked":["theMarked:OneWithTheBlade+1","theMarked:Frustration","theMarked:SwordAndMagic+1"],"picked":"SKIP","floor":39},{"not_picked":["theMarked:EmpowerWeapon+1","theMarked:ChainLightning+1"],"picked":"theMarked:TakeOffHeels","floor":41},{"not_picked":["theMarked:Parry+1","theMarked:ContemptForTheProud","theMarked:BanishingStrike+1"],"picked":"SKIP","floor":42},{"not_picked":["theMarked:TwofoldDefense","theMarked:AttractMetal+1","theMarked:SwordAndMagic"],"picked":"SKIP","floor":44},{"not_picked":["theMarked:Frustration","theMarked:Memento"],"picked":"theMarked:Levitate","floor":48}],"player_experience":956161,"relics_obtained":[{"floor":6,"key":"Juzu Bracelet"},{"floor":8,"key":"Frozen Egg 2"},{"floor":9,"key":"White Beast Statue"},{"floor":11,"key":"infinitespire:Eraser"},{"floor":14,"key":"infinitespire:Magic Flask"},{"floor":17,"key":"Pen Nib"},{"floor":17,"key":"infinitespire:Midas Blood"},{"floor":17,"key":"TungstenRod"},{"floor":23,"key":"Ancient Tea Set"},{"floor":24,"key":"CeramicFish"},{"floor":25,"key":"Vajra"},{"floor":26,"key":"HornCleat"},{"floor":28,"key":"Akabeko"},{"floor":36,"key":"Unceasing Top"},{"floor":41,"key":"FossilizedHelix"},{"floor":43,"key":"Dream Catcher"},{"floor":44,"key":"Calipers"},{"floor":48,"key":"Ornamental Fan"}],"event_choices":[{"damage_healed":0,"gold_gain":0,"player_choice":"Success","damage_taken":33,"relics_obtained":["Torii"],"max_hp_gain":0,"max_hp_loss":0,"event_name":"Scrap Ooze","floor":13,"gold_loss":0},{"damage_healed":0,"gold_gain":0,"player_choice":"Simplicity","damage_taken":0,"max_hp_gain":0,"max_hp_loss":0,"event_name":"Back to Basics","floor":22,"gold_loss":0,"cards_upgraded":[]},{"damage_healed":0,"gold_gain":0,"player_choice":"1 cards matched","damage_taken":0,"max_hp_gain":0,"max_hp_loss":0,"event_name":"Match and Keep!","floor":27,"gold_loss":0,"cards_obtained":["Good Instincts"]},{"damage_healed":0,"gold_gain":0,"player_choice":"Fight","damage_taken":0,"max_hp_gain":0,"max_hp_loss":0,"event_name":"MindBloom","floor":36,"gold_loss":0},{"cards_removed":["infinitespire:Gouge"],"damage_healed":0,"gold_gain":0,"player_choice":"Removed Attack","damage_taken":0,"max_hp_gain":0,"max_hp_loss":0,"event_name":"Falling","floor":37,"gold_loss":0},{"damage_healed":0,"gold_gain":0,"player_choice":"Got Potions","damage_taken":0,"max_hp_gain":0,"max_hp_loss":0,"event_name":"Lab","floor":38,"gold_loss":0},{"damage_healed":0,"gold_gain":0,"player_choice":"Ignored","damage_taken":0,"max_hp_gain":0,"max_hp_loss":0,"event_name":"Tomb of Lord Red Mask","floor":46,"gold_loss":0}],"is_beta":false,"boss_relics":[{"not_picked":["theMarked:SpiritSword","Runic Pyramid"],"picked":"Calling Bell"},{"not_picked":["Philosopher\u0027s Stone","theMarked:BronzeBlade"],"picked":"Coffee Dripper"}],"items_purged_floors":[],"is_endless":false,"potions_floor_spawned":[2,10,11,12,14,16,18,19,21,23,25,28,30,31,33,35,36,39,41,42,44,48],"ascension_level":1}}