{"host":"b4v9fzk04eo0kg41","time":1613109481,"event":{"mods":["AchievementEnabler","BaseMod","Minty Spire (QoL Compilation)"],"gold_per_floor":[112,127,127,127,138,170,18,0,24,42,60,71,71,89,89,191,191,203,214,214,214],"floor_reached":20,"language":"ENG","playtime":1084,"items_purged":[],"score":178,"play_id":"d871e4cf-d884-4242-bc0c-cd3771f5e52f","local_time":"20210211235801","is_ascension_mode":false,"campfire_choices":[{"floor":13,"key":"REST"},{"floor":15,"key":"REST"}],"circlet_count":0,"master_deck":["Strike_P","Strike_P","Strike_P","Strike_P","Defend_P","Defend_P","Defend_P","Defend_P","Eruption","Vigilance","DeceiveReality","JustLucky","Consecrate","Judgement","Evaluate","JustLucky","Swivel","Crescendo","DeusExMachina","InnerPeace+1","BattleHymn"],"relics":["PureWater","Vajra","Medical Kit","Black Star"],"acts_visited":["Exordium","TheCity"],"potions_floor_usage":[5,12,12,16],"damage_taken":[{"damage":0,"enemies":"Small Slimes","floor":1,"turns":2},{"damage":2,"enemies":"Jaw Worm","floor":2,"turns":3},{"damage":0,"enemies":"2 Louse","floor":5,"turns":1},{"damage":49,"enemies":"3 Sentries","floor":6,"turns":7},{"damage":5,"enemies":"Looter","floor":10,"turns":4},{"damage":11,"enemies":"Exordium Thugs","floor":11,"turns":3},{"damage":3,"enemies":"Large Slime","floor":12,"turns":4},{"damage":0,"enemies":"Blue Slaver","floor":14,"turns":2},{"damage":17,"enemies":"Slime Boss","floor":16,"turns":9},{"damage":15,"enemies":"Shell Parasite","floor":18,"turns":6},{"damage":25,"enemies":"Chosen","floor":19,"turns":6},{"damage":44,"enemies":"Snake Plant","floor":20,"turns":4}],"seed_played":"-2620408006865242852","potions_obtained":[{"floor":1,"key":"AttackPotion"},{"floor":6,"key":"PowerPotion"},{"floor":10,"key":"Fruit Juice"},{"floor":12,"key":"Block Potion"},{"floor":14,"key":"DuplicationPotion"},{"floor":19,"key":"GamblersBrew"}],"is_trial":false,"path_per_floor":["M","M","?","?","M","E","$","?","T","M","M","M","R","M","R","B",null,"M","M","M"],"character_chosen":"WATCHER","items_purchased":["Medical Kit"],"campfire_rested":2,"item_purchase_floors":[7],"current_hp_per_floor":[79,77,77,77,77,28,28,28,28,23,12,14,39,39,64,47,84,69,44,0,0],"gold":214,"neow_bonus":"TEN_PERCENT_HP_BONUS","is_daily":false,"chose_seed":false,"campfire_upgraded":0,"win_rate":0.0,"timestamp":1613109481,"path_taken":["M","M","?","?","?","E","$","?","T","M","M","M","R","M","R","BOSS","M","M","M"],"items_purchased_type":["Relic"],"build_version":"2020-12-22","purchased_purges":0,"victory":false,"max_hp_per_floor":[79,79,79,79,79,79,79,79,79,79,79,84,84,84,84,84,84,84,84,84,84],"card_choices":[{"not_picked":["Study","Evaluate"],"picked":"DeceiveReality","floor":1},{"not_picked":["Indignation","Weave"],"picked":"JustLucky","floor":2},{"not_picked":["Evaluate","Sanctity"],"picked":"Consecrate","floor":5},{"not_picked":["CutThroughFate","MentalFortress"],"picked":"Judgement","floor":6},{"not_picked":["BowlingBash","EmptyBody"],"picked":"Evaluate","floor":10},{"not_picked":["WaveOfTheHand","BowlingBash"],"picked":"JustLucky","floor":11},{"not_picked":["MentalFortress","Study"],"picked":"Swivel","floor":12},{"not_picked":["JustLucky","ConjureBlade"],"picked":"Crescendo","floor":14},{"not_picked":["Blasphemy","Omniscience"],"picked":"DeusExMachina","floor":16},{"not_picked":["FlurryOfBlows","EmptyFist"],"picked":"InnerPeace+1","floor":18},{"not_picked":["SashWhip","SignatureMove"],"picked":"BattleHymn","floor":19}],"player_experience":444415,"relics_obtained":[{"floor":6,"key":"Vajra"}],"event_choices":[{"damage_healed":0,"gold_gain":0,"player_choice":"Ignored","damage_taken":0,"max_hp_gain":0,"max_hp_loss":0,"event_name":"Liars Game","floor":3,"gold_loss":0},{"damage_healed":0,"gold_gain":0,"player_choice":"Ignored","damage_taken":0,"max_hp_gain":0,"max_hp_loss":0,"event_name":"Golden Idol","floor":4,"gold_loss":0},{"damage_healed":0,"gold_gain":0,"player_choice":"Left Gold","damage_taken":0,"max_hp_gain":0,"max_hp_loss":0,"event_name":"World of Goop","floor":8,"gold_loss":18}],"is_beta":false,"boss_relics":[{"not_picked":["Snecko Eye","Busted Crown"],"picked":"Black Star"}],"items_purged_floors":[],"is_endless":false,"potions_floor_spawned":[1,6,10,12,14,19],"killed_by":"Snake Plant","ascension_level":0}}