{"host":"0kk91h4bq4kgfj0u","time":1613088511,"event":{"mods":["BaseMod","Bestiary","Block Reminder","Colored Map","Colored Powertips","Curses Come First","Downfall","Highlight Path","Minty Spire (QoL Compilation)","Relic Stats","StSLib"],"gold_per_floor":[99,113,113,132,189,202,202,212,228,228,248,248,258,270,281,281,281,281],"floor_reached":16,"language":"ENG","playtime":1280,"items_purged":[],"score":98,"play_id":"b330213d-c651-45f5-b423-1df0f39b517f","local_time":"20210211190831","is_ascension_mode":false,"campfire_choices":[{"data":"bronze:Goto","floor":1,"key":"SMITH"},{"floor":12,"key":"REST"}],"circlet_count":0,"master_deck":["bronze:Strike","bronze:Strike","bronze:Strike","bronze:Strike","bronze:Defend","bronze:Defend","bronze:Defend","bronze:Defend","bronze:Replicate","bronze:Goto+1","bronze:WhirlingStrike","bronze:WhirlingStrike","bronze:Shield","bronze:DelayedSlice","bronze:Repair","bronze:Turbo","bronze:Frontload","bronze:BronzeOrb","bronze:Frontload","bronze:SpaghettiCode","bronze:Fortify"],"relics":["bronze:BronzeCore","Tiny Chest","Pantograph"],"acts_visited":["Exordium"],"potions_floor_usage":[5,5,16,16,16],"damage_taken":[{"damage":7,"enemies":"2 Louse","floor":2,"turns":3},{"damage":1,"enemies":"Cultist","floor":4,"turns":3},{"damage":46,"enemies":"Lagavulin Event","floor":5,"turns":8},{"damage":1,"enemies":"Jaw Worm","floor":6,"turns":3},{"damage":5,"enemies":"Lots of Slimes","floor":8,"turns":3},{"damage":0,"enemies":"2 Fungi Beasts","floor":9,"turns":2},{"damage":11,"enemies":"Large Slime","floor":11,"turns":10},{"damage":0,"enemies":"3 Louse","floor":13,"turns":1},{"damage":5,"enemies":"Exordium Thugs","floor":14,"turns":6},{"damage":0,"enemies":"Lots of Slimes","floor":15,"turns":2},{"damage":136,"enemies":"DF_ARCHETYPE_STREAMLINE","floor":16,"turns":17}],"seed_played":"4884302785077823230","potions_obtained":[{"floor":2,"key":"DistilledChaos"},{"floor":4,"key":"Fire Potion"},{"floor":8,"key":"Slimebound:ThreeZeroPotion"},{"floor":9,"key":"Weak Potion"},{"floor":11,"key":"Explosive Potion"}],"is_trial":false,"path_per_floor":["R","M","?","M","?","M","T","M","M","?","M","R","M","M","M","B"],"character_chosen":"THE_AUTOMATON","items_purchased":[],"campfire_rested":1,"item_purchase_floors":[],"current_hp_per_floor":[77,70,70,69,23,22,22,17,17,17,13,36,36,38,45,0,0,0],"gold":281,"neow_bonus":"TEN_PERCENT_HP_BONUS","is_daily":false,"chose_seed":false,"campfire_upgraded":1,"win_rate":0.0,"timestamp":1613088511,"path_taken":["R","M","?","?","?","M","T","M","M","?","M","R","M","?","M","BOSS"],"items_purchased_type":[],"build_version":"2020-12-22","purchased_purges":0,"victory":false,"max_hp_per_floor":[77,77,77,77,77,77,77,77,77,77,77,77,77,77,77,77,77,77],"relic_stats":{"counters":[11,58],"Pantograph":25,"Tiny Chest":0,"obtain_stats":[{"bronze:BronzeCore":0,"Pantograph":7,"Tiny Chest":5},{"bronze:BronzeCore":0,"Pantograph":4,"Tiny Chest":3},{"bronze:BronzeCore":0,"Pantograph":17,"Tiny Chest":14}]},"card_choices":[{"not_picked":["bronze:Philosophize","bronze:BugBarrage"],"picked":"bronze:WhirlingStrike","floor":2},{"not_picked":["bronze:Invalidate","bronze:CutThrough"],"picked":"bronze:Shield","floor":4},{"not_picked":["bronze:Invalidate","bronze:Virus"],"picked":"bronze:DelayedSlice","floor":5},{"not_picked":["bronze:Overheat","bronze:FineTuning"],"picked":"bronze:Repair","floor":6},{"not_picked":["bronze:CutThrough","bronze:FineTuning"],"picked":"bronze:Turbo","floor":8},{"not_picked":["bronze:DelayedSlice","bronze:ForLoop"],"picked":"bronze:Frontload","floor":9},{"not_picked":["bronze:Turbo","bronze:NullPointer"],"picked":"bronze:BronzeOrb","floor":11},{"not_picked":["bronze:Repulsor","bronze:Deprecate"],"picked":"bronze:Frontload","floor":13},{"not_picked":["bronze:Frontload","bronze:Return"],"picked":"bronze:SpaghettiCode","floor":14},{"not_picked":["bronze:GetLatest","bronze:Iterate"],"picked":"bronze:Fortify","floor":15}],"player_experience":920712,"relics_obtained":[{"floor":5,"key":"Tiny Chest"},{"floor":7,"key":"Pantograph"}],"event_choices":[{"damage_healed":0,"gold_gain":0,"player_choice":"Ignored","damage_taken":0,"max_hp_gain":0,"max_hp_loss":0,"event_name":"NoteForYourself","floor":10,"gold_loss":0}],"is_beta":false,"boss_relics":[],"items_purged_floors":[],"is_endless":false,"potions_floor_spawned":[2,4,8,9,11,15],"killed_by":"DF_ARCHETYPE_STREAMLINE","ascension_level":0}}