{"host":"yhhyog5h1q67ienp","time":1613099985,"event":{"mods":["AchievementEnabler","BaseMod","Block Reminder","Colored Map","Colored Powertips","Minty Spire (QoL Compilation)","Quick Restart","Relic Stats","StSLib","Weighted Paths","ojb\u0027s Better Paths Mod","ojb\u0027s Info Mod"],"gold_per_floor":[361,373,389,409,424,452,602,630,630,630,630,630],"floor_reached":11,"language":"ENG","playtime":839,"items_purged":[],"score":170,"play_id":"caaf65f7-3af2-40aa-bc44-eeae94a27908","local_time":"20210212001945","is_ascension_mode":true,"campfire_choices":[],"circlet_count":0,"master_deck":["AscendersBane","Strike_P","Strike_P","Strike_P","Strike_P","Defend_P","Defend_P","Defend_P","Defend_P","Eruption","Vigilance","ThirdEye","EmptyFist","EmptyFist","FlurryOfBlows","CutThroughFate","Crescendo","Doubt","DeusExMachina"],"relics":["PureWater","StrikeDummy","Juzu Bracelet","Turnip","Golden Idol"],"acts_visited":["Exordium"],"potions_floor_usage":[6],"damage_taken":[{"damage":0,"enemies":"2 Louse","floor":1,"turns":2},{"damage":0,"enemies":"Jaw Worm","floor":2,"turns":5},{"damage":6,"enemies":"Cultist","floor":3,"turns":4},{"damage":9,"enemies":"Blue Slaver","floor":4,"turns":3},{"damage":6,"enemies":"Looter","floor":5,"turns":4},{"damage":6,"enemies":"Gremlin Nob","floor":6,"turns":3},{"damage":10,"enemies":"Lagavulin","floor":8,"turns":7},{"damage":6,"enemies":"Gremlin Nob","floor":11,"turns":2}],"seed_played":"-8951050112628002653","potions_obtained":[{"floor":1,"key":"Explosive Potion"},{"floor":5,"key":"SneckoOil"}],"is_trial":false,"path_per_floor":["M","M","M","M","M","E","?","E","T","?","E"],"character_chosen":"WATCHER","items_purchased":[],"campfire_rested":0,"item_purchase_floors":[],"current_hp_per_floor":[43,43,37,28,22,16,16,6,6,6,0,0],"gold":630,"neow_bonus":"TWO_FIFTY_GOLD","is_daily":false,"chose_seed":false,"campfire_upgraded":0,"win_rate":0.0,"timestamp":1613099985,"path_taken":["M","M","M","M","M","E","?","E","T","?","E"],"items_purchased_type":[],"build_version":"2020-12-22","purchased_purges":0,"victory":false,"max_hp_per_floor":[68,68,68,68,68,68,68,68,68,62,62,62],"relic_stats":{"counters":[8,30],"Golden Idol":0,"Turnip":[0],"Juzu Bracelet":0,"obtain_stats":[{"Golden Idol":10,"Turnip":9,"Juzu Bracelet":8,"PureWater":0,"StrikeDummy":6},{"Golden Idol":7,"Turnip":7,"Juzu Bracelet":7,"PureWater":0,"StrikeDummy":6},{"Golden Idol":28,"Turnip":28,"Juzu Bracelet":28,"PureWater":0,"StrikeDummy":21}]},"card_choices":[{"not_picked":["WreathOfFlame","Evaluate"],"picked":"ThirdEye","floor":1},{"not_picked":["ThirdEye","Fasting2"],"picked":"EmptyFist","floor":2},{"not_picked":["ClearTheMind","Worship"],"picked":"EmptyFist","floor":3},{"not_picked":["Crescendo","Consecrate"],"picked":"FlurryOfBlows","floor":4},{"not_picked":["FlyingSleeves","Protect"],"picked":"CutThroughFate","floor":5},{"not_picked":["LikeWater","FollowUp"],"picked":"Crescendo","floor":6},{"not_picked":["BowlingBash","Protect"],"picked":"DeusExMachina","floor":8}],"player_experience":1461237,"relics_obtained":[{"floor":6,"key":"StrikeDummy"},{"floor":8,"key":"Juzu Bracelet"},{"floor":9,"key":"Turnip"}],"event_choices":[{"damage_healed":0,"gold_gain":150,"player_choice":"AGREE","damage_taken":0,"max_hp_gain":0,"max_hp_loss":0,"event_name":"Liars Game","floor":7,"gold_loss":0,"cards_obtained":["Doubt"]},{"damage_healed":0,"gold_gain":0,"player_choice":"Lose Max HP","damage_taken":0,"relics_obtained":["Golden Idol"],"max_hp_gain":0,"max_hp_loss":6,"event_name":"Golden Idol","floor":10,"gold_loss":0}],"is_beta":false,"boss_relics":[],"items_purged_floors":[],"is_endless":false,"potions_floor_spawned":[1,5],"killed_by":"Gremlin Nob","ascension_level":20}}