{"host":"nwd160me4iqdtr8u","time":1613157078,"event":{"mods":["AchievementEnabler","Act Like it!","BaseMod","Colored Map","DeckTracker","Keyboard Shortcuts","Minty Spire (QoL Compilation)","Quick Restart","Rare Cards Sparkle","Smile Girya","StSLib","SuperFastMode","everything is the same but u backflip on backflip"],"gold_per_floor":[211,221,33,33,44,74,87,87,168,24,38,38,50,64,64,161,161,175,190,190,210,125,125,2,101,101,101,114,148,148,164,164,164,164],"floor_reached":33,"language":"KOR","playtime":1536,"items_purged":["Strike_R"],"score":336,"play_id":"167fe1fb-062c-4fd8-b082-eb8e008658c8","local_time":"20210213041118","is_ascension_mode":true,"campfire_choices":[{"data":"Uppercut","floor":8.0,"key":"SMITH"},{"data":"Wallop","floor":12.0,"key":"SMITH"},{"data":"Flame Barrier","floor":15.0,"key":"SMITH"},{"data":"Apotheosis","floor":23.0,"key":"SMITH"},{"floor":27.0,"key":"REST"},{"floor":30.0,"key":"REST"},{"data":"Study","floor":32.0,"key":"SMITH"}],"circlet_count":0,"master_deck":["Strike_R","Strike_R","Defend_R","Defend_R","Defend_R","Defend_R","Bash","Flame Barrier+1","Thunderclap","Uppercut+1","Dagger Spray","Aggregate","Wallop+1","Escape Plan","ReachHeaven","Apotheosis+1","Conclude+1","Conserve Battery+1","Hologram+1","Second Wind","Combust","Evolve","Madness","BowlingBash","Evaluate+1","Malaise+1","Shrug It Off+1","Study+1"],"relics":["Burning Blood","PrismaticShard","Prayer Wheel","Art of War","Bottled Lightning","Lantern","SacredBark","Juzu Bracelet","Toxic Egg 2","Bird Faced Urn"],"acts_visited":["Exordium","TheCity"],"potions_floor_usage":[33],"damage_taken":[{"damage":13.0,"enemies":"2 Louse","floor":1.0,"turns":3.0},{"damage":2.0,"enemies":"Jaw Worm","floor":2.0,"turns":4.0},{"damage":0.0,"enemies":"Cultist","floor":5.0,"turns":3.0},{"damage":33.0,"enemies":"3 Sentries","floor":6.0,"turns":9.0},{"damage":2.0,"enemies":"2 Fungi Beasts","floor":7.0,"turns":3.0},{"damage":7.0,"enemies":"Blue Slaver","floor":11.0,"turns":4.0},{"damage":0.0,"enemies":"Looter","floor":13.0,"turns":2.0},{"damage":0.0,"enemies":"3 Louse","floor":14.0,"turns":2.0},{"damage":46.0,"enemies":"The Guardian","floor":16.0,"turns":13.0},{"damage":18.0,"enemies":"Shell Parasite","floor":18.0,"turns":7.0},{"damage":17.0,"enemies":"Spheric Guardian","floor":19.0,"turns":5.0},{"damage":0.0,"enemies":"Centurion and Healer","floor":21.0,"turns":4.0},{"damage":3.0,"enemies":"Cultist and Chosen","floor":28.0,"turns":4.0},{"damage":38.0,"enemies":"Book of Stabbing","floor":29.0,"turns":7.0},{"damage":23.0,"enemies":"Snake Plant","floor":31.0,"turns":4.0},{"damage":73,"enemies":"Collector","floor":33,"turns":11}],"seed_played":"-5256847268789577107","potions_obtained":[{"floor":2.0,"key":"Fire Potion"},{"floor":5.0,"key":"FearPotion"},{"floor":6.0,"key":"Weak Potion"},{"floor":16.0,"key":"Ancient Potion"},{"floor":29.0,"key":"Fruit Juice"}],"is_trial":false,"path_per_floor":["M","M","$","?","M","E","M","R","T","$","M","R","M","M","R","B",null,"M","M","?","M","?","R","$","?","T","R","M","E","R","M","R","B"],"character_chosen":"IRONCLAD","items_purchased":["PrismaticShard","Uppercut","Lantern","Strength Potion"],"campfire_rested":2,"item_purchase_floors":[3,3,10,24],"current_hp_per_floor":[73,77,77,74,80,53,57,57,57,57,56,56,62,68,68,28,67,55,44,44,50,50,50,50,50,50,74,77,55,82,67,67,0,0],"gold":164,"neow_bonus":"HUNDRED_GOLD","is_daily":false,"chose_seed":false,"campfire_upgraded":5,"win_rate":0.0,"timestamp":1613157078,"path_taken":["M","M","$","?","M","E","M","R","T","?","M","R","M","?","R","BOSS","M","M","?","M","?","R","$","?","T","R","M","E","R","M","R","BOSS"],"items_purchased_type":["Relic","Card","Relic","Potion"],"build_version":"2020-12-22","purchased_purges":1,"victory":false,"max_hp_per_floor":[80,80,80,80,80,80,80,80,80,80,80,80,80,80,80,80,80,80,80,80,80,80,80,80,80,80,80,80,90,90,90,90,90,90],"card_choices":[{"not_picked":["Sword Boomerang","Clash"],"picked":"Flame Barrier","floor":1.0},{"not_picked":["Armaments","Cleave"],"picked":"Thunderclap","floor":2.0},{"not_picked":["Choke","Beam Cell","Heavy Blade"],"picked":"SKIP","floor":5.0},{"not_picked":["Iron Wave","Flechettes","Rage"],"picked":"SKIP","floor":5.0},{"not_picked":["Headbutt","Prepared"],"picked":"Dagger Spray","floor":6.0},{"not_picked":["Violence","Sweeping Beam"],"picked":"Aggregate","floor":7.0},{"not_picked":["Sanctity","Gash","Rupture"],"picked":"SKIP","floor":7.0},{"not_picked":["Heatsinks","Streamline"],"picked":"Wallop","floor":11.0},{"not_picked":["Sucker Punch","Barrage","Protect"],"picked":"SKIP","floor":11.0},{"not_picked":["Weave","Omniscience"],"picked":"Escape Plan","floor":13.0},{"not_picked":["Reflex","Ball Lightning","Discovery"],"picked":"SKIP","floor":13.0},{"not_picked":["Deadly Poison","Cold Snap"],"picked":"ReachHeaven","floor":14.0},{"not_picked":["Sentinel","Go for the Eyes","Tempest"],"picked":"SKIP","floor":14.0},{"not_picked":["Bludgeon","LessonLearned"],"picked":"Apotheosis","floor":16.0},{"not_picked":["Dagger Throw","Cloak And Dagger"],"picked":"Conclude+1","floor":18.0},{"not_picked":["FlyingSleeves+1","Nirvana"],"picked":"Conserve Battery+1","floor":18.0},{"not_picked":["CutThroughFate","Adaptation"],"picked":"Hologram+1","floor":19.0},{"not_picked":["Loop","PathToVictory"],"picked":"Second Wind","floor":19.0},{"not_picked":["Body Slam","Cold Snap+1"],"picked":"Madness","floor":21.0},{"not_picked":["Infinite Blades","Unload"],"picked":"BowlingBash","floor":21.0},{"not_picked":["Setup+1","Collect+1"],"picked":"Evaluate+1","floor":28.0},{"not_picked":["Cloak And Dagger+1","Intimidate+1","Self Repair+1"],"picked":"SKIP","floor":28.0},{"not_picked":["Shrug It Off+1","Anger"],"picked":"Malaise+1","floor":29.0},{"not_picked":["Dropkick","Barrage"],"picked":"Shrug It Off+1","floor":31.0},{"not_picked":["Cold Snap","Tempest+1"],"picked":"Study","floor":31.0}],"player_experience":414281,"relics_obtained":[{"floor":6.0,"key":"Art of War"},{"floor":9.0,"key":"Bottled Lightning"},{"floor":26.0,"key":"Toxic Egg 2"},{"floor":29.0,"key":"Bird Faced Urn"}],"event_choices":[{"damage_healed":0.0,"max_hp_gain":0.0,"max_hp_loss":0.0,"gold_gain":0.0,"event_name":"Scrap Ooze","player_choice":"Success","floor":4.0,"gold_loss":0.0,"damage_taken":3.0,"relics_obtained":["Prayer Wheel"]},{"damage_healed":0.0,"max_hp_gain":0.0,"max_hp_loss":0.0,"gold_gain":0.0,"cards_transformed":["Strike_R","Strike_R"],"event_name":"Drug Dealer","player_choice":"Became Test Subject","floor":20.0,"gold_loss":0.0,"damage_taken":0.0,"cards_obtained":["Combust","Evolve"]},{"damage_healed":0.0,"max_hp_gain":0.0,"max_hp_loss":0.0,"gold_gain":0.0,"event_name":"Addict","player_choice":"Obtained Relic","floor":22.0,"gold_loss":85.0,"damage_taken":0.0,"relics_obtained":["Juzu Bracelet"]},{"damage_healed":0.0,"max_hp_gain":0.0,"max_hp_loss":0.0,"gold_gain":99.0,"event_name":"Nest","player_choice":"Stole From Cult","floor":25.0,"gold_loss":0.0,"damage_taken":0.0}],"is_beta":false,"boss_relics":[{"not_picked":["Black Blood","Tiny House"],"picked":"SacredBark"}],"items_purged_floors":[24],"is_endless":false,"potions_floor_spawned":[2,5,6,16,29],"killed_by":"Collector","ascension_level":5}}