{"host":"bg0cyinkrjnqf173","time":1613170965,"event":{"mods":["BaseMod","Colored Map","Minty Spire (QoL Compilation)","StSLib","Together in Spire"],"gold_per_floor":[110,127,127,141,141,141,169,169,196,196,210,225,245,287,287,399,399,421,363,387,189,213,213,234,278,330,330,349,166,166,179,179,179,179],"floor_reached":33,"language":"ENG","playtime":1153,"items_purged":[],"score":279,"play_id":"f07ca6ef-b39e-4dd0-afc4-470ee1b614a9","local_time":"20210212180245","is_ascension_mode":false,"campfire_choices":[{"data":"Eruption","floor":6.0,"key":"SMITH"},{"data":"Pray","floor":8.0,"key":"SMITH"},{"floor":10.0,"key":"RECALL"},{"data":"Crescendo","floor":15.0,"key":"SMITH"},{"data":"Ragnarok","floor":23.0,"key":"SMITH"},{"data":"Vault","floor":27.0,"key":"SMITH"},{"data":"DevaForm","floor":32.0,"key":"SMITH"}],"circlet_count":0,"master_deck":["Strike_P","Strike_P","Strike_P","Strike_P","Defend_P","Defend_P","Defend_P","Defend_P","Eruption+1","Vigilance","Crescendo+1","Crescendo","Consecrate","Pray+1","Prostrate","FlyingSleeves","JustLucky","Brilliance+1","Pray+1","Ragnarok+1","Consecrate+1","Vault+1","Ragnarok+1","EmptyBody","Sanctity","CutThroughFate","DevaForm+1","Prostrate"],"relics":["PureWater","NeowsBlessing","NlothsMask","White Beast Statue","Orichalcum","CeramicFish","Runic Dome","DollysMirror","Strawberry","Anchor","Whetstone"],"acts_visited":[],"potions_floor_usage":[],"damage_taken":[{"damage":0.0,"enemies":"Small Slimes","floor":1.0,"turns":1.0},{"damage":0.0,"enemies":"Cultist","floor":2.0,"turns":1.0},{"damage":0.0,"enemies":"2 Louse","floor":4.0,"turns":1.0},{"damage":0.0,"enemies":"Gremlin Nob","floor":7.0,"turns":2.0},{"damage":0.0,"enemies":"Looter","floor":11.0,"turns":2.0},{"damage":3.0,"enemies":"Gremlin Gang","floor":12.0,"turns":2.0},{"damage":0.0,"enemies":"Red Slaver","floor":13.0,"turns":1.0},{"damage":12.0,"enemies":"3 Sentries","floor":14.0,"turns":4.0},{"damage":17.0,"enemies":"Hexaghost","floor":16.0,"turns":5.0},{"damage":0.0,"enemies":"3 Byrds","floor":18.0,"turns":2.0},{"damage":15.0,"enemies":"2 Thieves","floor":20.0,"turns":2.0},{"damage":4.0,"enemies":"Cultist and Chosen","floor":22.0,"turns":3.0},{"damage":0.0,"enemies":"3 Cultists","floor":24.0,"turns":2.0},{"damage":0.0,"enemies":"Slavers","floor":25.0,"turns":3.0},{"damage":1.0,"enemies":"Snake Plant","floor":28.0,"turns":2.0},{"damage":0.0,"enemies":"Centurion and Healer","floor":31.0,"turns":2.0},{"damage":0,"enemies":"Champ","floor":33,"turns":1}],"seed_played":"-224470253499547333","potions_obtained":[{"floor":2.0,"key":"SteroidPotion"},{"floor":11.0,"key":"BlessingOfTheForge"},{"floor":12.0,"key":"Regen Potion"},{"floor":28.0,"key":"Ambrosia"}],"is_trial":false,"path_per_floor":["M","M","?","M","T","R","E","R","T","R","M","M","M","E","R","B",null,"M","$","M","$","M","R","M","E","T","R","M","$","?","M","R","B"],"character_chosen":"WATCHER","items_purchased":["Ragnarok","Vault","DollysMirror","Prostrate","Whetstone"],"campfire_rested":0,"item_purchase_floors":[19,21,21,29,29],"current_hp_per_floor":[72,72,72,72,72,72,72,72,72,72,72,69,69,57,57,40,72,72,72,57,57,53,53,53,60,60,60,59,59,79,79,79,79,79],"gold":179,"neow_bonus":"THREE_ENEMY_KILL","is_daily":false,"chose_seed":false,"campfire_upgraded":6,"win_rate":0.0,"timestamp":1613170965,"path_taken":["M","M","?","?","?","R","E","R","T","R","M","M","M","E","R","BOSS","M","?","M","$","M","R","M","E","T","R","M","$","?","M","R","BOSS"],"items_purchased_type":["Card","Card","Relic","Card","Relic"],"build_version":"2020-12-22","purchased_purges":0,"victory":false,"max_hp_per_floor":[72,72,72,72,72,72,72,72,72,72,72,72,72,72,72,72,72,72,72,72,72,72,72,72,79,79,79,79,79,79,79,79,79,79],"card_choices":[{"not_picked":["EmptyFist","SignatureMove"],"picked":"Crescendo","floor":1.0},{"not_picked":["CrushJoints","Consecrate"],"picked":"Crescendo","floor":2.0},{"not_picked":["ClearTheMind","Evaluate"],"picked":"Consecrate","floor":4.0},{"not_picked":["CrushJoints","Perseverance"],"picked":"Pray","floor":7.0},{"not_picked":["ThirdEye","MasterReality","Fasting2"],"picked":"SKIP","floor":11.0},{"not_picked":["FearNoEvil","Vengeance"],"picked":"Prostrate","floor":12.0},{"not_picked":["PathToVictory","LikeWater"],"picked":"FlyingSleeves","floor":13.0},{"not_picked":["Collect","Vengeance"],"picked":"JustLucky","floor":14.0},{"not_picked":["DevaForm","ConjureBlade"],"picked":"Brilliance","floor":16.0},{"not_picked":["Protect","CutThroughFate"],"picked":"Pray+1","floor":18.0},{"not_picked":["Sanctity","Crescendo"],"picked":"Consecrate+1","floor":20.0},{"not_picked":["PathToVictory+1","SashWhip"],"picked":"EmptyBody","floor":22.0},{"not_picked":["Halt","FlyingSleeves"],"picked":"Sanctity","floor":24.0},{"not_picked":["FearNoEvil","CarveReality"],"picked":"CutThroughFate","floor":25.0},{"not_picked":["Evaluate","Weave"],"picked":"DevaForm","floor":28.0},{"not_picked":["CarveReality","Fasting2","Swivel"],"picked":"SKIP","floor":31.0}],"player_experience":575306,"relics_obtained":[{"floor":7.0,"key":"White Beast Statue"},{"floor":9.0,"key":"Orichalcum"},{"floor":14.0,"key":"CeramicFish"},{"floor":25.0,"key":"Strawberry"},{"floor":26.0,"key":"Anchor"}],"event_choices":[{"damage_healed":0.0,"max_hp_gain":0.0,"max_hp_loss":0.0,"gold_gain":0.0,"event_name":"FaceTrader","player_choice":"Trade","floor":3.0,"gold_loss":0.0,"damage_taken":0.0,"relics_obtained":["NlothsMask"]},{"damage_healed":26.0,"max_hp_gain":0.0,"max_hp_loss":0.0,"gold_gain":0.0,"event_name":"The Library","player_choice":"Heal","floor":30.0,"gold_loss":0.0,"damage_taken":0.0}],"is_beta":false,"boss_relics":[{"not_picked":["Coffee Dripper","Velvet Choker"],"picked":"Runic Dome"}],"items_purged_floors":[],"is_endless":false,"potions_floor_spawned":[2,11,12,13,14,16,18,20,22,24,25,28,31],"killed_by":"Champ","ascension_level":0}}