{"host":"y2kfqdipa4rrljwb","time":1613119402,"event":{"mods":["ATMod(°¢èªMod)","AchievementEnabler","Act Like it!","Aspiration","BaseMod","Bossed Relics","Colored Powertips","Energized Spire","Friendly Minions","Infinite Spire","Minty Spire (QoL Compilation)","Random Character Button","Random Character Mod","Relic Stats","Reliquary","Replay The Spire","RumiaBox-Â¶Ã×æ«µÄÉñÃØºÐ×Ó","StSLib","TestMod","¡¾¹¦ÄÜMod¡¿»ìãçÖ®»·ÐÞ¸´²¹¶¡","¡¾ÒÅÎï¿¨ÅÆ¡¿REMEMod"],"gold_per_floor":[118,136,153,203,215,227,272,4,4,4,19,100,100,166,166,217,217],"floor_reached":16,"language":"ZHS","playtime":1253,"items_purged":["Amnesia"],"score":143,"play_id":"72108cc9-90c5-4d23-b3e5-773840576bca","local_time":"20210212164322","is_ascension_mode":true,"campfire_choices":[{"data":"Creative AI","floor":6.0,"key":"SMITH"},{"data":"Coolheaded","floor":10.0,"key":"SMITH"},{"data":"REME_Whirling","floor":13.0,"key":"SMITH"},{"data":"Recycle","floor":15.0,"key":"SMITH"}],"circlet_count":0,"master_deck":["Strike_B","Strike_B","Strike_B","Defend_B","Defend_B","Defend_B","Defend_B","Zap","Dualcast+1","REME_Whirling+1","Coolheaded+1","Creative AI+1","Barrage","Chaos+1","Regret","Fusion","Compile Driver","ReplayTheSpireMod:Doomed","Recycle+1","Clumsy"],"relics":["Cracked Core","REME_ComplimentaryCards","AT_ATBox","testmod-TestBox","ReplayTheSpireMod:Ring of Collecting","Ring of Greed","Replay:Wax Seal","MawBank","testmod-Acrobat","ReplayTheSpireMod:Ring of Challenge","aspiration:ChemicalBlood","Ginger","Matryoshka"],"acts_visited":[],"potions_floor_usage":[16,16,16],"damage_taken":[{"damage":1.0,"enemies":"Cultist","floor":1.0,"turns":3.0},{"damage":7.0,"enemies":"Small Slimes","floor":2.0,"turns":2.0},{"damage":7.0,"enemies":"Jaw Worm","floor":3.0,"turns":3.0},{"damage":18.0,"enemies":"3 Sentries","floor":7.0,"turns":3.0},{"damage":8.0,"enemies":"Blue Slaver","floor":11.0,"turns":5.0},{"damage":59.0,"enemies":"Gremlin Nob","floor":12.0,"turns":5.0},{"damage":20.0,"enemies":"2 Fungi Beasts","floor":14.0,"turns":6.0},{"damage":18,"enemies":"Fading Forest","floor":16,"turns":3}],"seed_played":"-8282304103475446759","potions_obtained":[{"floor":1.0,"key":"FairyPotion"},{"floor":12.0,"key":"Regen Potion"},{"floor":14.0,"key":"DuplicationPotion"}],"is_trial":false,"path_per_floor":["M","M","M","?","?","R","E","$","T","R","M","E","R","M","R","B"],"character_chosen":"DEFECT","items_purchased":["Chaos+1","testmod-Acrobat"],"campfire_rested":0,"item_purchase_floors":[8,8],"current_hp_per_floor":[67,60,53,53,53,53,35,35,35,35,27,21,21,16,16,0,0],"gold":217,"neow_bonus":"RANDOM_EVENT","is_daily":false,"chose_seed":false,"campfire_upgraded":4,"win_rate":0.0,"timestamp":1613119402,"path_taken":["M","M","M","?","?","R","E","$","T","R","?","E","R","M","R","BOSS"],"items_purchased_type":["Card","Relic"],"build_version":"2020-12-22","purchased_purges":1,"victory":false,"max_hp_per_floor":[75,75,75,75,75,75,75,75,75,75,75,75,75,75,75,75,75],"relic_stats":{"counters":[8,30],"Ginger":[0],"MawBank":48,"obtain_stats":[{"AT_ATBox":0,"testmod-TestBox":0,"Ring of Greed":4,"Ginger":11,"MawBank":4,"reliquary:FerryPass":7,"Matryoshka":12,"ReplayTheSpireMod:Ring of Collecting":4,"testmod-Acrobat":8,"Replay:Wax Seal":4,"ReplayTheSpireMod:Ring of Challenge":9,"Cracked Core":0,"REME_ComplimentaryCards":0,"aspiration:ChemicalBlood":9},{"AT_ATBox":0,"testmod-TestBox":0,"Ring of Greed":3,"Ginger":5,"MawBank":3,"reliquary:FerryPass":4,"Matryoshka":6,"ReplayTheSpireMod:Ring of Collecting":3,"testmod-Acrobat":4,"Replay:Wax Seal":3,"ReplayTheSpireMod:Ring of Challenge":4,"Cracked Core":0,"REME_ComplimentaryCards":0,"aspiration:ChemicalBlood":4},{"AT_ATBox":0,"testmod-TestBox":0,"Ring of Greed":8,"Ginger":16,"MawBank":8,"reliquary:FerryPass":11,"Matryoshka":21,"ReplayTheSpireMod:Ring of Collecting":8,"testmod-Acrobat":11,"Replay:Wax Seal":8,"ReplayTheSpireMod:Ring of Challenge":11,"Cracked Core":0,"REME_ComplimentaryCards":0,"aspiration:ChemicalBlood":11}]},"card_choices":[{"not_picked":["ReplaySort","FIFO Queue","Sweeping Beam"],"picked":"SKIP","floor":1.0},{"not_picked":["Rebound","Barrage"],"picked":"Coolheaded","floor":2.0},{"not_picked":["Barrage","BootSequence"],"picked":"Creative AI","floor":3.0},{"not_picked":["Machine Learning","Darkness"],"picked":"Barrage","floor":7.0},{"not_picked":["Tempest","FTL"],"picked":"Fusion","floor":11.0},{"not_picked":["AT_HeatAcrobatics","FTL"],"picked":"Compile Driver","floor":12.0},{"not_picked":["Hologram","Beam Cell"],"picked":"Recycle","floor":14.0}],"player_experience":220883,"relics_obtained":[{"floor":4.0,"key":"ReplayTheSpireMod:Ring of Collecting"},{"floor":4.0,"key":"Ring of Greed"},{"floor":4.0,"key":"Replay:Wax Seal"},{"floor":4.0,"key":"MawBank"},{"floor":7.0,"key":"reliquary:FerryPass"},{"floor":9.0,"key":"ReplayTheSpireMod:Ring of Challenge"},{"floor":9.0,"key":"aspiration:ChemicalBlood"},{"floor":11.0,"key":"Ginger"},{"floor":12.0,"key":"Matryoshka"}],"event_choices":[{"damage_healed":0.0,"max_hp_gain":0.0,"max_hp_loss":0.0,"gold_gain":0.0,"cards_transformed":["Strike_B"],"event_name":"Living Wall","player_choice":"Change","floor":0.0,"gold_loss":0.0,"damage_taken":0.0,"cards_obtained":["REME_Whirling"]},{"damage_healed":0.0,"max_hp_gain":0.0,"max_hp_loss":0.0,"gold_gain":0.0,"event_name":"Accursed Blacksmith","player_choice":"Forge","floor":5.0,"gold_loss":0.0,"damage_taken":0.0,"cards_upgraded":["Dualcast"]}],"is_beta":false,"boss_relics":[],"items_purged_floors":[8],"is_endless":false,"potions_floor_spawned":[1,12,14],"killed_by":"Fading Forest","ascension_level":6}}