{"host":"zwb5naz29bygj01b","time":1613107973,"event":{"mods":["2.2 Compatiblity","AchievementEnabler","BaseMod","Bestiary","Better Altar","Better Match","Better Note","Better Sensory Stone","Better Skull","Better Third Choice","Better-Laid Plans","BetterRewards","Block Reminder","Card Forge","Colored Map","Colored Powertips","Custom Start","Dark Map","DeckTracker","Downfall","Filter the Spire","Hermit","Highlight Path","Minty Spire (QoL Compilation)","Practice Mode","Quick Restart","Random Character Button","Rare Cards Sparkle","Shade Mod","Spicy Shops","StSLib","The Bug Knight","The Cursed","The Disciple","The Hierophant","The IronCluck","Transform Curses"],"gold_per_floor":[118,118,136,147,147,147,176,176,176,194,194,217,252,9,9,111,111,125,3,3,0,0,32,32,32,32,65,78,89,105,121,121,220,220,237,237,256,303,4,4,4,21,73,73,89,89,109,121,121,121],"floor_reached":51,"language":"ENG","playtime":1993,"items_purged":[],"score":931,"play_id":"3704887f-bf5d-49c2-825d-7249f33735f8","local_time":"20210211233253","is_ascension_mode":true,"campfire_choices":[{"floor":6,"key":"REST"},{"floor":8,"key":"REST"},{"data":"FlurryOfBlows","floor":15,"key":"SMITH"},{"data":"DevaForm","floor":25,"key":"SMITH"},{"floor":32,"key":"REST"},{"floor":40,"key":"REST"},{"floor":44,"key":"REST"},{"floor":46,"key":"REST"},{"floor":49,"key":"REST"}],"circlet_count":0,"master_deck":["Strike_P+1","Strike_P+1","Strike_P","Strike_P","Defend_P","Defend_P","Defend_P","Defend_P+1","Eruption","Vigilance","Dramatic Entrance","Wallop","Sanctity+1","CutThroughFate","EmptyMind","FollowUp","FlurryOfBlows","ThirdEye","SignatureMove","DeusExMachina","Prostrate+1","FlurryOfBlows+1","Apotheosis+1","Omniscience+1","FlurryOfBlows","Ragnarok","DevaForm+1","EmptyBody+1","EmptyBody+1","Indignation+1","Crescendo+1","Wish+1","Crescendo+1","CutThroughFate","InnerPeace+1","DeusExMachina+1","MentalFortress+1","Fasting2+1","FollowUp+1","FearNoEvil","Prostrate+1","CutThroughFate+1","Prostrate+1","SignatureMove+1","SandsOfTime","CutThroughFate","Evaluate+1","JustLucky+1","SpiritShield+1","ClearTheMind+1","Worship+1","Wireheading+1"],"relics":["PureWater","Hammer of Thor","Seething Fire","Anvil of the Gods","Membership Card","Prayer Wheel","Damaru","Sling","Bird Faced Urn","Blue Candle","Sundial","Toxic Egg 2","MealTicket","Centennial Puzzle","Incense Burner","VioletLotus","Ginger","Yang","Orichalcum","CultistMask","Ancient Tea Set","Whetstone","Astrolabe","WingedGreaves","Vajra","HollowMod:LifeEnderRelic","ClockworkSouvenir","HollowMod:PaleOreRelic"],"acts_visited":["Exordium","TheCity","TheBeyond"],"potions_floor_usage":[16,31,33,42,45,50],"damage_taken":[{"damage":0,"enemies":"Cultist","floor":1,"turns":2},{"damage":0,"enemies":"Small Slimes","floor":3,"turns":1},{"damage":0,"enemies":"Jaw Worm","floor":4,"turns":2},{"damage":0,"enemies":"Gremlin Nob","floor":7,"turns":1},{"damage":8,"enemies":"Large Slime","floor":10,"turns":5},{"damage":6,"enemies":"3 Sentries","floor":13,"turns":4},{"damage":13,"enemies":"Hexaghost","floor":16,"turns":6},{"damage":0,"enemies":"3 Byrds","floor":18,"turns":5},{"damage":16,"enemies":"Book of Stabbing","floor":23,"turns":4},{"damage":0,"enemies":"Slavers","floor":27,"turns":2},{"damage":0,"enemies":"Chosen","floor":28,"turns":3},{"damage":15,"enemies":"Shelled Parasite and Fungi","floor":29,"turns":3},{"damage":0,"enemies":"Centurion and Healer","floor":30,"turns":2},{"damage":18,"enemies":"Sentry and Sphere","floor":31,"turns":4},{"damage":26,"enemies":"Collector","floor":33,"turns":6},{"damage":0,"enemies":"Orb Walker","floor":35,"turns":3},{"damage":20,"enemies":"3 Shapes","floor":37,"turns":6},{"damage":16,"enemies":"2 Orb Walkers","floor":38,"turns":3},{"damage":69,"enemies":"Transient","floor":42,"turns":5},{"damage":6,"enemies":"Writhing Mass","floor":45,"turns":4},{"damage":0,"enemies":"Jaw Worm Horde","floor":47,"turns":2},{"damage":0,"enemies":"Spire Growth","floor":48,"turns":2},{"damage":17,"enemies":"Donu and Deca","floor":50,"turns":4}],"seed_played":"3392391548572694834","potions_obtained":[{"floor":3,"key":"Explosive Potion"},{"floor":7,"key":"Fire Potion"},{"floor":29,"key":"StancePotion"},{"floor":31,"key":"PowerPotion"},{"floor":35,"key":"Fire Potion"},{"floor":41,"key":"CultistPotion"},{"floor":42,"key":"Fruit Juice"},{"floor":48,"key":"ColorlessPotion"}],"is_trial":false,"path_per_floor":["M","?","M","M","?","R","E","R","T","M","?","T","E","$","R","B",null,"M","$","?","?","?","E","?","R","T","E","M","M","M","M","R","B",null,"M","?","M","?","$","R","?","M","T","R","M","R","M","M","R","B",null],"character_chosen":"WATCHER","items_purchased":["Membership Card","Dramatic Entrance","Wallop","Sanctity","Prayer Wheel","Damaru","Sling","CutThroughFate","BottledMiracle","Swift Potion","Apotheosis+1","Incense Burner","Ginger","Yang","Vajra","SandsOfTime","HollowMod:LifeEnderRelic","ClockworkSouvenir"],"campfire_rested":7,"item_purchase_floors":[0,0,0,0,0,0,0,0,0,0,14,14,19,19,39,39,39,39],"current_hp_per_floor":[40,26,26,26,21,42,42,63,63,55,60,60,54,69,69,56,77,77,77,62,62,62,48,48,48,48,48,52,37,39,23,46,24,77,77,70,52,38,53,76,76,8,8,31,34,58,58,58,82,65],"gold":121,"neow_bonus":"","is_daily":false,"chose_seed":false,"campfire_upgraded":2,"win_rate":0.0,"timestamp":1613107973,"path_taken":["M","?","M","M","?","R","E","R","T","M","?","?","E","$","R","BOSS","M","$","?","?","?","E","?","R","T","E","M","M","M","?","R","BOSS","M","?","?","?","$","R","?","M","T","R","M","R","M","M","R","BOSS"],"items_purchased_type":["Relic","Card","Card","Card","Relic","Relic","Relic","Card","Potion","Potion","Card","Relic","Relic","Relic","Relic","Card","Relic","Relic"],"build_version":"2020-12-22","purchased_purges":0,"victory":true,"max_hp_per_floor":[72,72,72,72,72,72,72,72,72,72,77,77,77,77,77,77,77,77,77,77,77,77,77,77,77,77,77,77,77,77,77,77,77,77,77,77,77,77,77,77,77,77,77,77,82,82,82,82,82,82],"card_choices":[{"not_picked":["EmptyBody","Evaluate"],"picked":"EmptyMind","floor":1},{"not_picked":["CutThroughFate","CrushJoints"],"picked":"FollowUp","floor":1},{"not_picked":["Crescendo","FlyingSleeves"],"picked":"FlurryOfBlows","floor":3},{"not_picked":["Perseverance","EmptyBody"],"picked":"ThirdEye","floor":3},{"not_picked":["BowlingBash","MentalFortress"],"picked":"SignatureMove","floor":4},{"not_picked":["CutThroughFate","Evaluate"],"picked":"JustLucky","floor":4},{"not_picked":["WheelKick","Blasphemy"],"picked":"DeusExMachina","floor":7},{"not_picked":["Swivel+1","Protect+1"],"picked":"Prostrate+1","floor":10},{"not_picked":["Collect+1","FearNoEvil"],"picked":"FlurryOfBlows","floor":10},{"not_picked":["SashWhip","Adaptation"],"picked":"JustLucky","floor":13},{"not_picked":["LessonLearned","Brilliance"],"picked":"Omniscience+1","floor":16},{"not_picked":["Protect+1","SashWhip"],"picked":"FlurryOfBlows","floor":18},{"not_picked":["Nirvana","Indignation+1"],"picked":"Ragnarok","floor":18},{"not_picked":["CutThroughFate","SashWhip"],"picked":"EmptyBody+1","floor":23},{"not_picked":["Ragnarok","BattleHymn+1"],"picked":"FearNoEvil+1","floor":27},{"not_picked":["Protect+1","CrushJoints+1"],"picked":"EmptyBody+1","floor":28},{"not_picked":["SashWhip","BowlingBash","PathToVictory+1"],"picked":"SKIP","floor":28},{"not_picked":["CarveReality","Meditate+1"],"picked":"Indignation+1","floor":29},{"not_picked":["FearNoEvil","EmptyFist+1"],"picked":"Crescendo+1","floor":29},{"not_picked":["EmptyBody+1","SashWhip+1"],"picked":"Wish+1","floor":30},{"not_picked":["CrushJoints","Consecrate"],"picked":"Crescendo+1","floor":30},{"not_picked":["BowlingBash","Consecrate"],"picked":"CutThroughFate","floor":31},{"not_picked":["PathToVictory+1","BattleHymn"],"picked":"InnerPeace+1","floor":31},{"not_picked":["Devotion","DevaForm"],"picked":"DeusExMachina+1","floor":33},{"not_picked":["FlyingSleeves","Weave"],"picked":"FearNoEvil","floor":35},{"not_picked":["Protect+1","Evaluate+1"],"picked":"Prostrate+1","floor":35},{"not_picked":["Study","PathToVictory+1"],"picked":"CutThroughFate+1","floor":37},{"not_picked":["BattleHymn+1","CrushJoints+1"],"picked":"Prostrate+1","floor":37},{"not_picked":["Adaptation","Halt+1"],"picked":"SignatureMove+1","floor":38},{"not_picked":["MentalFortress","Nirvana+1"],"picked":"CutThroughFate","floor":42},{"not_picked":["SashWhip","Meditate+1"],"picked":"Evaluate+1","floor":42},{"not_picked":["InnerPeace+1","Evaluate+1"],"picked":"JustLucky+1","floor":45},{"not_picked":["WindmillStrike+1","CrushJoints+1"],"picked":"SpiritShield+1","floor":45},{"not_picked":["Evaluate+1","EmptyFist+1"],"picked":"ClearTheMind+1","floor":47},{"not_picked":["FollowUp","EmptyFist","Halt+1"],"picked":"SKIP","floor":47},{"not_picked":["PathToVictory+1","Indignation+1"],"picked":"Worship+1","floor":48},{"not_picked":["CrushJoints","Perseverance+1"],"picked":"Wireheading+1","floor":48}],"player_experience":45587,"relics_obtained":[{"floor":7,"key":"Sundial"},{"floor":9,"key":"Toxic Egg 2"},{"floor":12,"key":"MealTicket"},{"floor":13,"key":"Centennial Puzzle"},{"floor":23,"key":"Orichalcum"},{"floor":26,"key":"Ancient Tea Set"},{"floor":27,"key":"Whetstone"},{"floor":38,"key":"WingedGreaves"},{"floor":43,"key":"HollowMod:PaleOreRelic"}],"event_choices":[{"damage_healed":40,"gold_gain":0,"player_choice":"Upgrade","damage_taken":14,"max_hp_gain":0,"max_hp_loss":72,"event_name":"betterThird:BetterShining","floor":2,"gold_loss":0,"cards_upgraded":["Defend_P","Sanctity"]},{"damage_healed":0,"gold_gain":0,"player_choice":"Donut","damage_taken":0,"max_hp_gain":5,"max_hp_loss":0,"event_name":"Big Fish","floor":11,"gold_loss":0},{"damage_healed":0,"gold_gain":2,"player_choice":"2","damage_taken":0,"max_hp_gain":0,"max_hp_loss":15,"event_name":"betterStone:BetterStone","floor":20,"gold_loss":0},{"damage_healed":0,"gold_gain":0,"player_choice":"Paid Fearfully","damage_taken":0,"max_hp_gain":0,"max_hp_loss":0,"event_name":"Masked Bandits","floor":21,"gold_loss":3},{"damage_healed":0,"gold_gain":0,"player_choice":"Ignored","damage_taken":0,"max_hp_gain":0,"max_hp_loss":0,"event_name":"Ghosts","floor":22,"gold_loss":0},{"damage_healed":0,"gold_gain":0,"player_choice":"Trade","damage_taken":0,"relics_obtained":["CultistMask"],"max_hp_gain":0,"max_hp_loss":0,"event_name":"FaceTrader","floor":24,"gold_loss":0},{"damage_healed":0,"gold_gain":0,"player_choice":"Damaged","damage_taken":7,"max_hp_gain":0,"max_hp_loss":0,"event_name":"Wheel of Change","floor":36,"gold_loss":0},{"damage_healed":0,"gold_gain":0,"player_choice":"Fight","damage_taken":0,"max_hp_gain":0,"max_hp_loss":0,"event_name":"Mysterious Sphere","floor":38,"gold_loss":0},{"damage_healed":0,"gold_gain":0,"player_choice":"Got Potions","damage_taken":0,"max_hp_gain":0,"max_hp_loss":0,"event_name":"Lab","floor":41,"gold_loss":0}],"is_beta":false,"boss_relics":[{"not_picked":["Fusion Hammer","Velvet Choker"],"picked":"VioletLotus"},{"not_picked":["Sozu","Coffee Dripper"],"picked":"Astrolabe"}],"items_purged_floors":[],"is_endless":false,"potions_floor_spawned":[3,7,23,29,30,31,35,42,48],"ascension_level":1}}