{"host":"cepa1iaiubs928mn","time":1613117382,"event":{"mods":["Bard","BaseMod","Conspire","Gremlin Mod","Hermit","Hero for Fun","Hubris","KinomotoSakuraMod(Ÿ Ò˝‹‚?)","Luminous","Mimic Mod","Minty Spire (QoL Compilation)","Quick Restart","Replay The Spire","Robot Space Explorer","Shop Mod","StSLib","The Alterego","The Bug Knight","The Construct","The Cursed","The Disciple","The Hierophant","The Marked","The Necromancer","The Poker Player","The Senshi","The Servant 0.9.4","The Spell Scribe","The Witch","Yuri Mod"],"gold_per_floor":[119,44,57,68,101,101,115,131,131,142,142,142,142,162,162,173,173,277,377,387,143,153,166,166,166],"floor_reached":24,"language":"KOR","playtime":1358,"items_purged":["alterego_mod:Defend","alterego_mod:Impale"],"score":192,"play_id":"3d76678f-4f02-4c11-ba37-6573e5bb873b","local_time":"20210212170942","is_ascension_mode":false,"campfire_choices":[{"data":"alterego_mod:BiFurious","floor":6,"key":"SMITH"},{"floor":17,"key":"REST"}],"circlet_count":0,"master_deck":["alterego_mod:Strike","alterego_mod:Strike","alterego_mod:Strike","alterego_mod:Strike","alterego_mod:Defend","alterego_mod:Defend","alterego_mod:Defend","alterego_mod:BigMeatyClaws+1","alterego_mod:BrynhildrsRune","alterego_mod:GoddessCore","alterego_mod:Bounce","alterego_mod:BiFurious+1","alterego_mod:TrickOrTreatment","alterego_mod:Bounce","alterego_mod:Birthday","alterego_mod:TrashNCrash+1","alterego_mod:IdEs","alterego_mod:Maid","alterego_mod:Complex+1","alterego_mod:MagicResistance"],"relics":["alterego_mod:MasochisticConstitution","NeowsBlessing","Centennial Puzzle","hubris:ToyBattleship","Replay:Wanted Poster","Pen Nib"],"acts_visited":["Exordium","TheCity"],"potions_floor_usage":[10,16,18,24],"damage_taken":[{"damage":6,"enemies":"Cultist","floor":1,"turns":3},{"damage":0,"enemies":"Small Slimes","floor":3,"turns":1},{"damage":5,"enemies":"2 Louse","floor":4,"turns":2},{"damage":12,"enemies":"Blue Slaver","floor":5,"turns":9},{"damage":18,"enemies":"Blue Slaver","floor":7,"turns":4},{"damage":6,"enemies":"2 Fungi Beasts","floor":8,"turns":3},{"damage":7,"enemies":"Lots of Slimes","floor":10,"turns":4},{"damage":13,"enemies":"Red Slaver","floor":14,"turns":2},{"damage":4,"enemies":"Blue Slaver","floor":16,"turns":4},{"damage":19,"enemies":"Hexaghost","floor":18,"turns":5},{"damage":2,"enemies":"Chosen","floor":20,"turns":3},{"damage":21,"enemies":"Spheric Guardian","floor":22,"turns":3},{"damage":32,"enemies":"3 Cultists","floor":23,"turns":4},{"damage":36,"enemies":"Chosen and Byrds","floor":24,"turns":4}],"seed_played":"-1187479329054814605","potions_obtained":[{"floor":7,"key":"EssenceOfSteel"},{"floor":8,"key":"Energy Potion"},{"floor":10,"key":"Dexterity Potion"},{"floor":18,"key":"ColorlessPotion"},{"floor":20,"key":"Energy Potion"},{"floor":22,"key":"Strength Potion"}],"is_trial":false,"path_per_floor":["M","$","M","M","MIM","R","M","M","T","M","PTL","PTL","?","M","?","M","R","B",null,"M","$","M","M","M"],"character_chosen":"The_Alterego","items_purchased":["Pen Nib"],"campfire_rested":1,"item_purchase_floors":[21],"current_hp_per_floor":[65,65,65,61,50,50,40,35,35,31,31,31,31,21,21,20,43,27,79,80,80,62,33,0,0],"gold":166,"neow_bonus":"THREE_ENEMY_KILL","is_daily":false,"chose_seed":false,"campfire_upgraded":1,"win_rate":0.0,"timestamp":1613117382,"path_taken":["M","$","M","M","?","R","M","M","T","M","PTL","PTL","?","M","?","M","R","BOSS","M","$","M","M","M"],"items_purchased_type":["Relic"],"build_version":"2020-12-22","purchased_purges":2,"victory":false,"max_hp_per_floor":[71,71,71,72,73,73,74,75,75,76,76,76,76,77,77,78,78,79,79,80,80,81,82,82,82],"card_choices":[{"not_picked":["alterego_mod:Skirt","alterego_mod:Mirror"],"picked":"alterego_mod:GoddessCore","floor":1},{"not_picked":["alterego_mod:Punishment","alterego_mod:Bounce","alterego_mod:MagicResistance"],"picked":"SKIP","floor":3},{"not_picked":["alterego_mod:Punishment","alterego_mod:MagicResistance"],"picked":"alterego_mod:Bounce","floor":3},{"not_picked":["alterego_mod:Punishment","alterego_mod:Undulate"],"picked":"alterego_mod:BiFurious","floor":4},{"not_picked":["alterego_mod:Clones","alterego_mod:GoddessCore"],"picked":"alterego_mod:TrickOrTreatment","floor":5},{"not_picked":["alterego_mod:Maid","alterego_mod:Rip"],"picked":"alterego_mod:Bounce","floor":7},{"not_picked":["alterego_mod:1TonWallop","alterego_mod:Complex"],"picked":"alterego_mod:Birthday","floor":8},{"not_picked":["alterego_mod:GoddessCore","alterego_mod:BusterCard","alterego_mod:BeGentle"],"picked":"SKIP","floor":10},{"not_picked":["alterego_mod:Santa","alterego_mod:Mirror"],"picked":"alterego_mod:TrashNCrash","floor":14},{"not_picked":["alterego_mod:Swimsuit","alterego_mod:Crossover","alterego_mod:SakuraLabyrinth"],"picked":"SKIP","floor":16},{"not_picked":["alterego_mod:VirginLaserPalladion","alterego_mod:RingBreak"],"picked":"alterego_mod:IdEs","floor":18},{"not_picked":["alterego_mod:Clones","alterego_mod:Support"],"picked":"alterego_mod:Maid","floor":20},{"not_picked":["alterego_mod:Bunnysuit","alterego_mod:PerceptionDisorder"],"picked":"alterego_mod:Complex+1","floor":22},{"not_picked":["alterego_mod:BiFurious","alterego_mod:Lingerie+1"],"picked":"alterego_mod:MagicResistance","floor":23}],"player_experience":1489,"relics_obtained":[{"floor":5,"key":"Centennial Puzzle"},{"floor":9,"key":"hubris:ToyBattleship"}],"event_choices":[],"is_beta":false,"boss_relics":[{"not_picked":["hubris:ScarierMask","hubris:CrackedHourglass"],"picked":"Replay:Wanted Poster"}],"items_purged_floors":[2,21],"is_endless":false,"potions_floor_spawned":[7,8,10,18,20,22],"killed_by":"Chosen and Byrds","ascension_level":0}}