{"host":"15ff3ltgpietarej","time":1613151340,"event":{"mods":["BaseMod","Bestiary","Downfall","Highlight Path","Minty Spire (QoL Compilation)","Relic Stats","StSLib"],"gold_per_floor":[0,20,38,23,173,191,243,243,272,287,187,218,245,257,288,300,300,300],"floor_reached":16,"language":"ENG","playtime":2063,"items_purged":[],"score":148,"play_id":"874112a4-c63a-455b-ab58-67135c7f5510","local_time":"20210212183540","is_ascension_mode":true,"campfire_choices":[{"data":"Guardian:MultiBeam","floor":1.0,"key":"SMITH"},{"floor":8.0,"key":"RECALL"},{"floor":11,"key":"REST"}],"circlet_count":0,"master_deck":["Guardian:Strike_Guardian","Guardian:Strike_Guardian","Guardian:Strike_Guardian","Guardian:Defend_Guardian","Guardian:Defend_Guardian","Guardian:Defend_Guardian","Guardian:CurlUp","Guardian:TwinSlam","Guardian:MultiBeam+1","Guardian:Preprogram","Guardian:Incinerate","Guardian:Planning","Guardian:VentSteam","Guardian:GemFinder","Guardian:Preprogram","Guardian:TimeCapacitor","Guardian:Gem_Purple","Guardian:Gem_Blue"],"relics":["Guardian:ModeShifter","Guardian:DefensiveModeMoreBlock","Odd Mushroom","downfall:HeartBlessingRed","MawBank"],"acts_visited":["Exordium"],"potions_floor_usage":[10,10,12],"damage_taken":[{"damage":0.0,"enemies":"Small Slimes","floor":2.0,"turns":3.0},{"damage":4.0,"enemies":"Jaw Worm","floor":3.0,"turns":4.0},{"damage":5.0,"enemies":"downfall:FleeingMerchant","floor":4.0,"turns":4.0},{"damage":0.0,"enemies":"2 Louse","floor":6.0,"turns":1.0},{"damage":7.0,"enemies":"The Mushroom Lair","floor":9.0,"turns":3.0},{"damage":18,"enemies":"Large Slime","floor":10,"turns":4},{"damage":20,"enemies":"3 Sentries","floor":12,"turns":4},{"damage":16,"enemies":"Blue Slaver","floor":13,"turns":3},{"damage":4,"enemies":"Lots of Slimes","floor":15,"turns":2},{"damage":31,"enemies":"WA_ARCHETYPE_RETAIN","floor":16,"turns":6}],"seed_played":"1510766358856178102","potions_obtained":[{"floor":2.0,"key":"sneckomod:MuddlingPotion"},{"floor":6.0,"key":"Energy Potion"},{"floor":9.0,"key":"champ:CounterPotion"}],"is_trial":false,"path_per_floor":["R","M","M","$","?","M","T","R","?","M","R","E","M","?","M","B"],"character_chosen":"GUARDIAN","items_purchased":[],"campfire_rested":1,"item_purchase_floors":[],"current_hp_per_floor":[72,72,68,63,63,63,63,63,56,38,62,42,26,26,22,0,0,0],"gold":300,"neow_bonus":"TRANSFORM_TWO_CARDS","is_daily":false,"chose_seed":false,"campfire_upgraded":1,"win_rate":0.0,"timestamp":1613151340,"path_taken":["R","M","M","$","?","M","T","R","?","?","R","E","M","?","M","BOSS"],"items_purchased_type":[],"build_version":"2020-12-22","purchased_purges":0,"victory":false,"max_hp_per_floor":[80,80,80,80,80,80,80,80,80,80,80,80,80,80,80,80,80,80],"relic_stats":{"counters":[10,34],"MawBank":48,"obtain_stats":[{"Guardian:DefensiveModeMoreBlock":7,"downfall:HeartBlessingRed":11,"Guardian:ModeShifter":0,"Odd Mushroom":9,"MawBank":12},{"Guardian:DefensiveModeMoreBlock":4,"downfall:HeartBlessingRed":6,"Guardian:ModeShifter":0,"Odd Mushroom":5,"MawBank":7},{"Guardian:DefensiveModeMoreBlock":12,"downfall:HeartBlessingRed":19,"Guardian:ModeShifter":0,"Odd Mushroom":15,"MawBank":23}]},"card_choices":[{"not_picked":["Guardian:DonusPower","Guardian:TimeBomb"],"picked":"Guardian:Incinerate","floor":2.0},{"not_picked":["Guardian:DonusPower","Guardian:TemporalShield"],"picked":"Guardian:Planning","floor":3.0},{"not_picked":["Guardian:Clone","Guardian:RefractedBeam"],"picked":"Guardian:VentSteam","floor":4.0},{"not_picked":["Guardian:PrismaticBeam","Guardian:TemporalStrike"],"picked":"Guardian:Gem_Green","floor":6.0},{"not_picked":["Guardian:MultiBeam","Guardian:WalkerClaw"],"picked":"Guardian:GemFinder","floor":9.0},{"not_picked":["Guardian:Gem_Green","Guardian:Gem_Lightblue"],"picked":"Guardian:Gem_Red","floor":10},{"not_picked":["Guardian:DecasProtection","Guardian:Planning","Guardian:RollAttack"],"picked":"SKIP","floor":10},{"not_picked":["Guardian:Gem_Lightblue","Guardian:Gem_Green"],"picked":"Guardian:Gem_Red","floor":12},{"not_picked":["Guardian:RefractedBeam","Guardian:HyperBeam_Guardian"],"picked":"Guardian:Preprogram","floor":12},{"not_picked":["Guardian:Gem_Red","Guardian:Gem_Lightblue"],"picked":"Guardian:Gem_Cyan","floor":13},{"not_picked":["Guardian:Incinerate","Guardian:Gem_Lightblue"],"picked":"Guardian:TimeCapacitor","floor":13},{"not_picked":["Guardian:Planning","Guardian:Gem_Lightblue"],"picked":"Guardian:Gem_Blue","floor":15}],"player_experience":457951,"relics_obtained":[{"floor":7.0,"key":"Guardian:DefensiveModeMoreBlock"},{"floor":9.0,"key":"Odd Mushroom"},{"floor":12,"key":"MawBank"}],"event_choices":[{"damage_healed":0.0,"max_hp_gain":0.0,"max_hp_loss":0.0,"gold_gain":0.0,"event_name":"Mushrooms","player_choice":"Fought Mushrooms","floor":9.0,"gold_loss":0.0,"damage_taken":0.0}],"is_beta":false,"boss_relics":[],"items_purged_floors":[],"is_endless":false,"potions_floor_spawned":[2,6,9],"killed_by":"WA_ARCHETYPE_RETAIN","ascension_level":9}}