{"host":"vyjryxuuuxkt43k4","time":1613141578,"event":{"mods":["AchievementEnabler","BaseMod","Colored Map","DeckTracker","Keyboard Shortcuts","Minty Spire (QoL Compilation)","Permanent Neow","Quick Restart","Rare Cards Sparkle","StSLib","SuperFastMode","everything is the same but u backflip on backflip"],"gold_per_floor":[114,127,277,293,59,59,73,104,177,209,284,284,311,54,54,127,127,143,177,177,15,15,15],"floor_reached":22,"language":"KOR","playtime":876,"items_purged":["Doubt","Strike_R"],"score":400,"play_id":"f38c33ef-5340-4ed0-8275-32bbf5a162c5","local_time":"20210212235258","is_ascension_mode":true,"campfire_choices":[{"data":"Immolate","floor":6.0,"key":"SMITH"},{"data":"Burning Pact","floor":12.0,"key":"SMITH"},{"floor":15.0,"key":"REST"}],"circlet_count":0,"master_deck":["AscendersBane","Strike_R","Strike_R","Defend_R","Defend_R","Defend_R","Defend_R","Bash","Inflame","Carnage","Power Through","Immolate+1","Burning Pact+1","Shrug It Off","Dual Wield","Offering","Shockwave","Evolve"],"relics":["Burning Blood","Pocketwatch","Question Card","Potion Belt","Dead Branch","Pen Nib","Coffee Dripper","Red Mask","Strange Spoon"],"acts_visited":["Exordium","TheCity"],"potions_floor_usage":[16,19],"damage_taken":[{"damage":7.0,"enemies":"Jaw Worm","floor":1.0,"turns":3.0},{"damage":8.0,"enemies":"2 Louse","floor":2.0,"turns":4.0},{"damage":11.0,"enemies":"Cultist","floor":4.0,"turns":4.0},{"damage":3.0,"enemies":"Blue Slaver","floor":7.0,"turns":3.0},{"damage":21.0,"enemies":"Gremlin Nob","floor":8.0,"turns":4.0},{"damage":10.0,"enemies":"3 Sentries","floor":10.0,"turns":5.0},{"damage":15.0,"enemies":"Lagavulin","floor":13.0,"turns":5.0},{"damage":41,"enemies":"Slime Boss","floor":16,"turns":8},{"damage":22,"enemies":"Shell Parasite","floor":18,"turns":3},{"damage":14,"enemies":"Masked Bandits","floor":19,"turns":3},{"damage":38,"enemies":"Spheric Guardian","floor":22,"turns":5}],"seed_played":"-8771173219652404993","potions_obtained":[{"floor":2.0,"key":"Dexterity Potion"},{"floor":8.0,"key":"FearPotion"},{"floor":10.0,"key":"SteroidPotion"},{"floor":18,"key":"BlessingOfTheForge"}],"is_trial":false,"path_per_floor":["M","M","?","M","$","R","M","E","T","E","?","R","E","$","R","B",null,"M","?","?","$","M"],"character_chosen":"IRONCLAD","items_purchased":["Immolate","Burning Pact","Pen Nib","Strange Spoon"],"campfire_rested":1,"item_purchase_floors":[5,5,14,21],"current_hp_per_floor":[67,65,65,60,60,60,63,48,48,44,33,33,24,24,44,9,53,37,29,29,29,0,0],"gold":15,"neow_bonus":"REMOVE_TWO","is_daily":false,"chose_seed":false,"campfire_upgraded":2,"win_rate":0.0,"timestamp":1613141578,"path_taken":["M","M","?","M","$","R","M","E","T","E","?","R","E","$","R","BOSS","M","?","?","$","?"],"items_purchased_type":["Card","Card","Relic","Relic"],"build_version":"2020-12-22","purchased_purges":2,"victory":false,"max_hp_per_floor":[68,68,68,68,68,68,68,68,68,68,68,68,68,68,68,68,68,68,68,68,68,68,68],"card_choices":[{"not_picked":["Perfected Strike","Twin Strike"],"picked":"Inflame","floor":1.0},{"not_picked":["Uppercut","Clothesline"],"picked":"Carnage","floor":2.0},{"not_picked":["Wild Strike","Twin Strike"],"picked":"Power Through","floor":4.0},{"not_picked":["Carnage","Armaments"],"picked":"Shrug It Off","floor":7.0},{"not_picked":["Exhume","Warcry"],"picked":"Dual Wield","floor":8.0},{"not_picked":["Wild Strike","Pummel","Uppercut","Spot Weakness"],"picked":"SKIP","floor":10.0},{"not_picked":["Iron Wave","Wild Strike","Burning Pact","Headbutt"],"picked":"SKIP","floor":13.0},{"not_picked":["Bludgeon","Juggernaut","Brutality"],"picked":"Offering","floor":16},{"not_picked":["True Grit","Headbutt","Clash"],"picked":"Shockwave","floor":18},{"not_picked":["Headbutt","Pommel Strike","Uppercut"],"picked":"Evolve","floor":19}],"player_experience":966203,"relics_obtained":[{"floor":8.0,"key":"Pocketwatch"},{"floor":9.0,"key":"Question Card"},{"floor":10.0,"key":"Potion Belt"},{"floor":13.0,"key":"Dead Branch"},{"floor":19,"key":"Red Mask"}],"event_choices":[{"damage_healed":0.0,"max_hp_gain":0.0,"max_hp_loss":0.0,"gold_gain":150.0,"event_name":"Liars Game","player_choice":"AGREE","floor":3.0,"gold_loss":0.0,"damage_taken":0.0,"cards_obtained":["Doubt"]},{"damage_healed":0.0,"max_hp_gain":0.0,"max_hp_loss":0.0,"gold_gain":75.0,"event_name":"World of Goop","player_choice":"Gather Gold","floor":11.0,"gold_loss":0.0,"damage_taken":11.0},{"damage_healed":0,"gold_gain":0,"player_choice":"Fought Bandits","damage_taken":0,"max_hp_gain":0,"max_hp_loss":0,"event_name":"Masked Bandits","floor":19,"gold_loss":0},{"damage_healed":0,"gold_gain":0,"player_choice":"Ignored","damage_taken":0,"max_hp_gain":0,"max_hp_loss":0,"event_name":"N\u0027loth","floor":20,"gold_loss":0}],"is_beta":false,"boss_relics":[{"not_picked":["Ectoplasm","Tiny House"],"picked":"Coffee Dripper"}],"items_purged_floors":[5,14],"is_endless":false,"potions_floor_spawned":[2,8,10,18],"killed_by":"Spheric Guardian","ascension_level":20}}