{"host":"farxtl2u8hmkbdo2","time":1613088481,"event":{"mods":["A Magickal Journey","BaseMod","Better Altar","Better Note","Better Sensory Stone","Better Skull","Better Third Choice","Challenge The Spire","Colored Map","Colored Powertips","Current Relic Mod","Downfall","Energized Spire","Fox Events","Gremlin Mod","Hermit","Hubris","Mimic Mod","Minty Spire (QoL Compilation)","Quick Restart","READ ME - Guardian Mod","Rare Cards Sparkle","StSLib","The Bladedancer","The Bug Knight","The Cursed","The Disciple","The Hierophant","The Marked","The Necromancer","The Runesmith","Transform Curses"],"gold_per_floor":[99,111,130,144,144,159,159,185,196,96,159,159,193,211,228,332,332,332,342,359,373,391,425,460,489,500,516,532,566,674,690,703,703,703,703],"floor_reached":33,"language":"SPA","playtime":3189,"items_purged":[],"score":427,"play_id":"2ba4ab52-b0cb-436a-88e7-616f68b48a36","local_time":"20210211210801","is_ascension_mode":false,"campfire_choices":[{"data":"sneckomod:Unknown","floor":1,"key":"SMITH"},{"data":"sneckomod:UnknownExhaust","floor":12,"key":"SMITH"},{"data":"sneckomod:Unknown0Cost","floor":18,"key":"SMITH"}],"circlet_count":0,"master_deck":["sneckomod:TailWhip","sneckomod:SnekBite+1","sneckomod:Unknown","sneckomod:UnknownCommonSkill","sneckomod:UnknownExhaust+1","sneckomod:WideSting","sneckomod:Unknown1Cost","sneckomod:UnknownCommonAttack","sneckomod:QuickMove","hubris:DuctTapeCard","sneckomod:UnknownUncommonAttack","sneckomod:SoulCleanse","sneckomod:UnendingSupply","sneckomod:SoulExchange","sneckomod:DiceBlock","sneckomod:UnknownUncommonAttack","sneckomod:UnknownDraw","sneckomod:Restock","sneckomod:SlitherStrike","sneckomod:Unknown0Cost+1","sneckomod:WideSting+1","sneckomod:DiceCrush+1","sneckomod:Unknown2Cost+1","sneckomod:UnknownExhaust","sneckomod:SoulRoll","sneckomod:UnknownUncommonSkill+1","sneckomod:SnakeSap+1","sneckomod:UnknownClassBLUE","sneckomod:UnknownCommonSkill+1","sneckomod:UnknownVulnerable+1","sneckomod:DiceCrush+1","sneckomod:ImprovisedGuard+1","sneckomod:UnknownDraw+1"],"relics":["sneckomod:SneckoSoul","Dead Branch","hubris:SlimyHat","downfall:HeartBlessingGreen","hubris:DuctTape","Oddly Smooth Stone","Pandora\u0027s Box","HollowMod:StagPassRelic","Bottled Lightning","Bag of Marbles","Happy Flower","Orichalcum"],"acts_visited":["Exordium","TheCity"],"potions_floor_usage":[6,9,19,21,21,25,33,33],"damage_taken":[{"damage":5,"enemies":"Small Slimes","floor":2,"turns":3},{"damage":4,"enemies":"Cultist","floor":3,"turns":4},{"damage":15,"enemies":"Jaw Worm","floor":4,"turns":4},{"damage":28,"enemies":"Exordium Thugs","floor":6,"turns":6},{"damage":3,"enemies":"Lagavulin","floor":8,"turns":3},{"damage":2,"enemies":"2 Fungi Beasts","floor":9,"turns":3},{"damage":3,"enemies":"Lagavulin Event","floor":11,"turns":5},{"damage":9,"enemies":"3 Sentries","floor":13,"turns":4},{"damage":0,"enemies":"Lots of Slimes","floor":14,"turns":1},{"damage":20,"enemies":"Exordium Thugs","floor":15,"turns":4},{"damage":0,"enemies":"SI_SHIV_ARCHETYPE","floor":16,"turns":6},{"damage":3,"enemies":"Shell Parasite","floor":19,"turns":3},{"damage":0,"enemies":"Centurion and Healer","floor":20,"turns":2},{"damage":15,"enemies":"Snake Plant","floor":21,"turns":4},{"damage":5,"enemies":"Snecko","floor":22,"turns":3},{"damage":0,"enemies":"Slavers","floor":23,"turns":3},{"damage":2,"enemies":"Sentry and Sphere","floor":24,"turns":4},{"damage":7,"enemies":"Book of Stabbing","floor":25,"turns":5},{"damage":0,"enemies":"Sentry and Sphere","floor":26,"turns":1},{"damage":0,"enemies":"Cultist and Chosen","floor":27,"turns":1},{"damage":0,"enemies":"Snake Plant","floor":28,"turns":1},{"damage":3,"enemies":"Slavers","floor":29,"turns":2},{"damage":0,"enemies":"Snecko","floor":31,"turns":1},{"damage":0,"enemies":"Cultist and Chosen","floor":32,"turns":1},{"damage":32,"enemies":"DF_ARCHETYPE_CLAW","floor":33,"turns":3}],"seed_played":"1360329144287399071","potions_obtained":[{"floor":2,"key":"sneckomod:OffclassReductionPotion"},{"floor":6,"key":"Energy Potion"},{"floor":9,"key":"GamblersBrew"},{"floor":15,"key":"Weak Potion"},{"floor":16,"key":"Swift Potion"},{"floor":19,"key":"SpeedPotion"},{"floor":22,"key":"hexamod:SoulburnPotion"},{"floor":25,"key":"Fire Potion"},{"floor":27,"key":"Block Potion"}],"is_trial":false,"path_per_floor":["R","M","M","M","?","M","T","E","M","R","?","R","E","M","M","B",null,"R","M","M","M","M","E","MIM","E","M","M","M","E","?","M","M","B"],"character_chosen":"THE_SNECKO","items_purchased":[],"campfire_rested":0,"item_purchase_floors":[],"current_hp_per_floor":[99,94,90,75,75,47,47,44,42,42,39,39,30,30,10,10,99,99,96,96,81,83,83,81,74,74,74,74,71,25,25,25,0,0,0],"gold":703,"neow_bonus":"TEN_PERCENT_HP_BONUS","is_daily":false,"chose_seed":false,"campfire_upgraded":3,"win_rate":0.0,"timestamp":1613088481,"path_taken":["R","M","M","M","?","?","T","E","M","R","?","R","E","M","M","BOSS","R","M","M","M","M","E","MIM","E","M","M","M","E","?","M","M","BOSS"],"items_purchased_type":[],"build_version":"2020-12-22","purchased_purges":0,"victory":false,"max_hp_per_floor":[99,99,99,99,99,99,99,99,99,99,99,99,99,99,99,99,99,99,99,99,99,99,99,99,99,99,99,99,99,99,99,99,99,99,99],"card_choices":[{"not_picked":["sneckomod:UnknownDraw","sneckomod:DiceBlock"],"picked":"sneckomod:UnknownCommonSkill","floor":2},{"not_picked":["sneckomod:UnknownCommonSkill","sneckomod:QuickBite"],"picked":"sneckomod:UnknownExhaust","floor":3},{"not_picked":["sneckomod:UnknownCommonSkill","sneckomod:SoulCleanse"],"picked":"sneckomod:WideSting","floor":4},{"not_picked":["sneckomod:RainOfDice","sneckomod:MasterEye"],"picked":"sneckomod:Unknown1Cost","floor":6},{"not_picked":["sneckomod:UnendingSupply","sneckomod:Unknown1Cost"],"picked":"sneckomod:UnknownRareAttack","floor":8},{"not_picked":["sneckomod:DiceBlock","sneckomod:SnakeSap"],"picked":"sneckomod:UnknownCommonAttack","floor":9},{"not_picked":["sneckomod:DefensiveFlair","sneckomod:DiceCrush"],"picked":"sneckomod:QuickMove","floor":11},{"not_picked":["sneckomod:SerpentMind","sneckomod:RainOfDice"],"picked":"sneckomod:UnknownUncommonAttack","floor":13},{"not_picked":["sneckomod:UnknownCommonSkill","sneckomod:Nope"],"picked":"sneckomod:SoulCleanse","floor":14},{"not_picked":["sneckomod:UnknownCommonAttack","sneckomod:CheapStock"],"picked":"sneckomod:UnendingSupply","floor":15},{"not_picked":["sneckomod:DangerNoodle","sneckomod:UnknownRareSkill"],"picked":"sneckomod:SoulExchange","floor":16},{"not_picked":["sneckomod:IronFang","sneckomod:UnknownCommonSkill"],"picked":"sneckomod:WideSting+1","floor":19},{"not_picked":["sneckomod:UnknownUncommonSkill","sneckomod:SlitherStrike"],"picked":"sneckomod:DiceCrush+1","floor":20},{"not_picked":["sneckomod:CheapStock","sneckomod:DiceBoulder"],"picked":"sneckomod:Unknown2Cost","floor":21},{"not_picked":["sneckomod:QuickMove","sneckomod:QuickBite"],"picked":"sneckomod:UnknownExhaust","floor":22},{"not_picked":["sneckomod:SlitherStrike","sneckomod:UnknownVulnerable"],"picked":"sneckomod:SoulRoll","floor":23},{"not_picked":["sneckomod:UnknownClassMARKED_PURPLE_COLOR","sneckomod:SoulDraw"],"picked":"sneckomod:UnknownUncommonSkill+1","floor":24},{"not_picked":["sneckomod:UnknownCommonAttack","sneckomod:TrashToTreasure"],"picked":"sneckomod:SnakeSap+1","floor":25},{"not_picked":["sneckomod:SlitherStrike","sneckomod:UnknownCommonSkill"],"picked":"sneckomod:UnknownClassBLUE","floor":26},{"not_picked":["sneckomod:WideSting","sneckomod:SerpentIdol"],"picked":"sneckomod:UnknownCommonSkill+1","floor":27},{"not_picked":["sneckomod:UnknownExhaust","sneckomod:Unknown0Cost"],"picked":"sneckomod:UnknownVulnerable+1","floor":28},{"not_picked":["sneckomod:UnknownVulnerable","sneckomod:DangerNoodle"],"picked":"sneckomod:DiceCrush+1","floor":29},{"not_picked":["sneckomod:UnknownCommonSkill+1","sneckomod:SnekBeam"],"picked":"sneckomod:ImprovisedGuard+1","floor":31},{"not_picked":["sneckomod:UnknownClassBLUE+1","sneckomod:UnknownCommonSkill"],"picked":"sneckomod:UnknownDraw+1","floor":32}],"player_experience":2115934,"relics_obtained":[{"floor":7,"key":"Dead Branch"},{"floor":8,"key":"hubris:SlimyHat"},{"floor":11,"key":"hubris:DuctTape"},{"floor":13,"key":"Oddly Smooth Stone"},{"floor":23,"key":"HollowMod:StagPassRelic"},{"floor":24,"key":"Bottled Lightning"},{"floor":25,"key":"Bag of Marbles"},{"floor":29,"key":"Happy Flower"}],"event_choices":[{"damage_healed":0,"gold_gain":108,"player_choice":"GO UP RE ","damage_taken":51,"relics_obtained":["Orichalcum"],"max_hp_gain":0,"max_hp_loss":0,"event_name":"betterSkull:BetterSkull","floor":30,"gold_loss":0,"cards_upgraded":["sneckomod:Unknown2Cost"]}],"is_beta":false,"boss_relics":[{"not_picked":["hubris:RunicObelisk","Coffee Dripper"],"picked":"Pandora\u0027s Box"}],"items_purged_floors":[],"is_endless":false,"potions_floor_spawned":[2,6,9,15,16,19,22,25,27,28,32],"killed_by":"DF_ARCHETYPE_CLAW","ascension_level":0}}