{"host":"bbmxo8e8cdq8htg1","time":1613113390,"event":{"mods":["AchievementEnabler","BaseMod","Better Match","Better Third Choice","BetterRewards","Colored Powertips","DeckTracker","Dota2Spire","Mimic Mod","Minty Spire (QoL Compilation)","Permanent Neow","Quick Restart","Rare Cards Sparkle","Relic Stats","Replay The Spire","Shop Mod","Spicy Shops","StSLib","SuperFastMode","The Blue Laboratory","The Forsaken","The Jungle"],"gold_per_floor":[216,228,35,50,50,75,75,86,86,99,99,99,109,125,125,125,125],"floor_reached":16,"language":"ENG","playtime":425,"items_purged":[],"score":120,"play_id":"25a24dbd-9df0-44fe-b039-7f57d5c9adaf","local_time":"20210212100310","is_ascension_mode":true,"campfire_choices":[{"floor":7,"key":"REST"},{"data":"Perfected Strike","floor":11,"key":"SMITH"},{"data":"Thunderclap","floor":15,"key":"SMITH"}],"circlet_count":0,"master_deck":["Strike_R","Strike_R","Strike_R","Strike_R","Strike_R","Defend_R","Defend_R","Defend_R","Bash","Entrench","Thunderclap","Intimidate","Thunderclap+1","Perfected Strike+1"],"relics":["Burning Blood","Nunchaku","ReplayTheSpireMod:Lightbulb","Dota2Spire:DrumOfEndurance"],"acts_visited":["Exordium"],"potions_floor_usage":[6,6,16,16],"damage_taken":[{"damage":0,"enemies":"Small Slimes","floor":1,"turns":3},{"damage":7,"enemies":"2 Louse","floor":2,"turns":3},{"damage":5,"enemies":"Cultist","floor":4,"turns":4},{"damage":40,"enemies":"Lagavulin","floor":6,"turns":6},{"damage":26,"enemies":"2 Fungi Beasts","floor":8,"turns":5},{"damage":4,"enemies":"Red Slaver","floor":10,"turns":3},{"damage":1,"enemies":"Blue Slaver","floor":13,"turns":2},{"damage":0,"enemies":"3 Louse","floor":14,"turns":2},{"damage":58,"enemies":"Hexaghost","floor":16,"turns":8}],"seed_played":"-6237558135536298214","potions_obtained":[{"floor":1,"key":"blueLaboratory:LouseDecoction"},{"floor":2,"key":"AttackPotion"},{"floor":4,"key":"blueLaboratory:BottleOfRum"},{"floor":8,"key":"blueLaboratory:FruitPunch"}],"is_trial":false,"path_per_floor":["M","M","$","M","?","E","R","M","T","M","R","?","M","M","R","B"],"character_chosen":"IRONCLAD","items_purchased":["Nunchaku","Entrench"],"campfire_rested":1,"item_purchase_floors":[3,3],"current_hp_per_floor":[80,79,79,80,80,46,70,50,50,52,52,45,50,56,56,0,0],"gold":125,"neow_bonus":"HUNDRED_GOLD","is_daily":false,"chose_seed":false,"campfire_upgraded":2,"win_rate":0.0,"timestamp":1613113390,"path_taken":["M","M","$","M","?","E","R","M","T","M","R","?","M","M","R","BOSS"],"items_purchased_type":["Relic","Card"],"build_version":"2020-12-22","purchased_purges":0,"victory":false,"max_hp_per_floor":[80,80,80,80,80,80,80,80,80,80,80,80,80,80,80,82,82],"relic_stats":{"Nunchaku":[6],"counters":[9,36],"obtain_stats":[{"Nunchaku":3,"Dota2Spire:DrumOfEndurance":9,"ReplayTheSpireMod:Lightbulb":6,"Burning Blood":0},{"Nunchaku":2,"Dota2Spire:DrumOfEndurance":5,"ReplayTheSpireMod:Lightbulb":4,"Burning Blood":0},{"Nunchaku":6,"Dota2Spire:DrumOfEndurance":21,"ReplayTheSpireMod:Lightbulb":16,"Burning Blood":0}],"Burning Blood":42},"card_choices":[{"not_picked":["Combust","Wild Strike","Battle Trance"],"picked":"SKIP","floor":1},{"not_picked":["Headbutt","Warcry","Barricade"],"picked":"SKIP","floor":2},{"not_picked":["True Grit","Pommel Strike"],"picked":"Thunderclap","floor":4},{"not_picked":["Pummel","Flex"],"picked":"Intimidate","floor":6},{"not_picked":["Twin Strike","Anger"],"picked":"Thunderclap","floor":8},{"not_picked":["Replay:Undeath\u0027s Touch","Twin Strike"],"picked":"Perfected Strike","floor":10},{"not_picked":["Anger","Clothesline","Shrug It Off"],"picked":"SKIP","floor":13},{"not_picked":["Flame Barrier","Headbutt","Armaments"],"picked":"SKIP","floor":14}],"player_experience":12876,"relics_obtained":[{"floor":6,"key":"ReplayTheSpireMod:Lightbulb"},{"floor":9,"key":"Dota2Spire:DrumOfEndurance"}],"event_choices":[{"damage_healed":0,"gold_gain":0,"player_choice":"Ignored","damage_taken":50,"max_hp_gain":0,"max_hp_loss":0,"event_name":"betterThird:BetterSerpent","floor":5,"gold_loss":0},{"cards_removed":["Defend_R"],"damage_healed":0,"gold_gain":0,"player_choice":"Card Removal","damage_taken":7,"max_hp_gain":0,"max_hp_loss":0,"event_name":"Golden Wing","floor":12,"gold_loss":0}],"is_beta":false,"boss_relics":[],"items_purged_floors":[],"is_endless":false,"potions_floor_spawned":[1,2,4,8],"killed_by":"Hexaghost","ascension_level":3}}