{"host":"28p8ce41sjwa6lzf","time":1613158322,"event":{"mods":["BaseMod","Bestiary","Colored Map","Colored Powertips","Dark Map","Highlight Path","Minty Spire (QoL Compilation)","Permanent Neow","Quick Restart","Random Character Button","Rare Cards Sparkle","Relic Stats","StSLib","Unceasing Turn Reminder"],"gold_per_floor":[116,128,142,161,178,211,228,228,252,264,274,293,293,312,312,388,388,407,407,322,338,355,355,389,405,456,456,482,482,482],"floor_reached":29,"language":"ENG","playtime":2125,"items_purged":[],"score":546,"play_id":"0f38c543-dc41-47d1-8626-98cca5f7ddbf","local_time":"20210212133202","is_ascension_mode":true,"campfire_choices":[{"data":"Scrawl","floor":8.0,"key":"SMITH"},{"floor":13.0,"key":"REST"},{"data":"Halt","floor":15.0,"key":"SMITH"},{"data":"Scrawl","floor":23.0,"key":"SMITH"},{"floor":27.0,"key":"REST"}],"circlet_count":0,"master_deck":["AscendersBane","Strike_P","Strike_P","Strike_P","Strike_P","Defend_P","Defend_P","Defend_P","Defend_P","Eruption","Vigilance","Scrawl+1","ThirdEye","EmptyFist","Protect","Adaptation","DevaForm","Halt","FlurryOfBlows","Adaptation","Nirvana","Halt+1","FearNoEvil","Scrawl+1","Prostrate","Tantrum","TalkToTheHand","Sanctity","Wallop","ThirdEye","EmptyMind"],"relics":["PureWater","Centennial Puzzle","Toy Ornithopter","VioletLotus","Strawberry","Bag of Preparation","Smiling Mask"],"acts_visited":["Exordium","TheCity"],"potions_floor_usage":[],"damage_taken":[{"damage":0.0,"enemies":"Cultist","floor":1.0,"turns":2.0},{"damage":1.0,"enemies":"Small Slimes","floor":2.0,"turns":5.0},{"damage":4.0,"enemies":"2 Louse","floor":3.0,"turns":2.0},{"damage":18.0,"enemies":"Lots of Slimes","floor":4.0,"turns":6.0},{"damage":2.0,"enemies":"2 Fungi Beasts","floor":5.0,"turns":4.0},{"damage":3.0,"enemies":"Lagavulin","floor":6.0,"turns":7.0},{"damage":6.0,"enemies":"Blue Slaver","floor":7.0,"turns":5.0},{"damage":12.0,"enemies":"Exordium Thugs","floor":10.0,"turns":8.0},{"damage":13.0,"enemies":"Large Slime","floor":11.0,"turns":4.0},{"damage":2.0,"enemies":"Looter","floor":12.0,"turns":4.0},{"damage":0.0,"enemies":"2 Fungi Beasts","floor":14.0,"turns":3.0},{"damage":13.0,"enemies":"The Guardian","floor":16.0,"turns":12.0},{"damage":0.0,"enemies":"Spheric Guardian","floor":18.0,"turns":3.0},{"damage":7.0,"enemies":"Chosen","floor":21.0,"turns":4.0},{"damage":12.0,"enemies":"Shelled Parasite and Fungi","floor":22.0,"turns":4.0},{"damage":22.0,"enemies":"Book of Stabbing","floor":24.0,"turns":4.0},{"damage":17.0,"enemies":"Snake Plant","floor":25.0,"turns":4.0},{"damage":32.0,"enemies":"Slavers","floor":28.0,"turns":6.0},{"damage":67,"enemies":"Chosen and Byrds","floor":29,"turns":7}],"seed_played":"607561665797595030","potions_obtained":[{"floor":4.0,"key":"BlessingOfTheForge"},{"floor":5.0,"key":"Strength Potion"},{"floor":11.0,"key":"Explosive Potion"},{"floor":12.0,"key":"FearPotion"},{"floor":14.0,"key":"AttackPotion"},{"floor":22.0,"key":"LiquidBronze"},{"floor":24.0,"key":"FairyPotion"}],"is_trial":false,"path_per_floor":["M","M","M","M","M","E","M","R","T","M","M","M","R","M","R","B",null,"M","?","?","M","M","R","E","M","T","R","E","M"],"character_chosen":"WATCHER","items_purchased":[],"campfire_rested":2,"item_purchase_floors":[],"current_hp_per_floor":[61,60,56,38,36,33,27,27,27,15,7,5,25,30,30,17,55,55,55,62,65,53,53,36,19,19,41,9,0,0],"gold":482,"neow_bonus":"ONE_RANDOM_RARE_CARD","is_daily":false,"chose_seed":false,"campfire_upgraded":3,"win_rate":0.0,"timestamp":1613158322,"path_taken":["M","M","M","M","?","E","M","R","T","?","?","M","R","?","R","BOSS","M","?","?","M","M","R","E","M","T","R","E","M"],"items_purchased_type":[],"build_version":"2020-12-22","purchased_purges":0,"victory":false,"max_hp_per_floor":[68,68,68,68,68,68,68,68,68,68,68,68,68,68,68,68,68,68,68,75,75,75,75,75,75,75,75,75,75,75],"relic_stats":{"Centennial Puzzle":[33],"counters":[19,94],"VioletLotus":[12],"Bag of Preparation":[6],"Smiling Mask":0,"obtain_stats":[{"Centennial Puzzle":6,"Strawberry":20,"VioletLotus":17,"Bag of Preparation":24,"PureWater":0,"Smiling Mask":28,"Toy Ornithopter":9},{"Centennial Puzzle":6,"Strawberry":13,"VioletLotus":12,"Bag of Preparation":16,"PureWater":0,"Smiling Mask":18,"Toy Ornithopter":7},{"Centennial Puzzle":26,"Strawberry":65,"VioletLotus":62,"Bag of Preparation":77,"PureWater":0,"Smiling Mask":87,"Toy Ornithopter":31}],"Toy Ornithopter":25},"card_choices":[{"not_picked":["CrushJoints","Meditate"],"picked":"ThirdEye","floor":1.0},{"not_picked":["Halt","BattleHymn"],"picked":"EmptyFist","floor":2.0},{"not_picked":["MentalFortress","JustLucky"],"picked":"Protect","floor":3.0},{"not_picked":["SignatureMove","EmptyFist"],"picked":"Adaptation","floor":4.0},{"not_picked":["ThirdEye","FlurryOfBlows"],"picked":"DevaForm","floor":5.0},{"not_picked":["CrushJoints","FlyingSleeves"],"picked":"Halt","floor":6.0},{"not_picked":["SashWhip","EmptyBody"],"picked":"FlurryOfBlows","floor":7.0},{"not_picked":["Weave","Consecrate"],"picked":"Adaptation","floor":10.0},{"not_picked":["Study","ReachHeaven"],"picked":"Nirvana","floor":11.0},{"not_picked":["WindmillStrike","BowlingBash"],"picked":"Halt","floor":12.0},{"not_picked":["Crescendo","EmptyMind"],"picked":"FearNoEvil","floor":14.0},{"not_picked":["Judgement","Wish"],"picked":"Scrawl","floor":16.0},{"not_picked":["FlurryOfBlows","SashWhip+1"],"picked":"Prostrate","floor":18.0},{"not_picked":["BowlingBash","Weave"],"picked":"TalkToTheHand","floor":21.0},{"not_picked":["WindmillStrike","FlurryOfBlows"],"picked":"Sanctity","floor":22.0},{"not_picked":["Wireheading","JustLucky"],"picked":"Wallop","floor":24.0},{"not_picked":["SandsOfTime","Protect"],"picked":"ThirdEye","floor":25.0},{"not_picked":["SignatureMove","EmptyFist"],"picked":"EmptyMind","floor":28.0}],"player_experience":1353332,"relics_obtained":[{"floor":6.0,"key":"Centennial Puzzle"},{"floor":9.0,"key":"Toy Ornithopter"},{"floor":24.0,"key":"Bag of Preparation"},{"floor":28.0,"key":"Smiling Mask"}],"event_choices":[{"damage_healed":0.0,"max_hp_gain":0.0,"max_hp_loss":0.0,"gold_gain":0.0,"event_name":"The Library","player_choice":"Read","floor":19.0,"gold_loss":0.0,"damage_taken":0.0,"cards_obtained":["Tantrum"]},{"damage_healed":0.0,"max_hp_gain":0.0,"max_hp_loss":0.0,"gold_gain":0.0,"event_name":"Addict","player_choice":"Obtained Relic","floor":20.0,"gold_loss":85.0,"damage_taken":0.0,"relics_obtained":["Strawberry"]}],"is_beta":false,"boss_relics":[{"not_picked":["SacredBark","Calling Bell"],"picked":"VioletLotus"}],"items_purged_floors":[],"is_endless":false,"potions_floor_spawned":[4,5,11,12,14,16,18,22,24],"killed_by":"Chosen and Byrds","ascension_level":20}}