{"host":"3hzk4hwwdropes3d","time":1613113949,"event":{"mods":["BaseMod","Downfall","Hermit","Minty Spire (QoL Compilation)","StSLib"],"gold_per_floor":[99,99,50,50,50,50,50,35,35,35,53,73,73,104,115,115,115,115],"floor_reached":16,"language":"ENG","playtime":635,"items_purged":[],"score":110,"play_id":"94252bac-cd32-4410-81db-1eadf3f46d7e","local_time":"20210211231229","is_ascension_mode":true,"campfire_choices":[{"floor":1,"key":"RECALL"},{"data":"champ:Taunt","floor":6,"key":"SMITH"},{"data":"champ:StanceDance","floor":10,"key":"SMITH"},{"data":"champ:BerserkersShout","floor":13,"key":"SMITH"}],"circlet_count":0,"master_deck":["champ:Strike+1","champ:Strike","champ:Strike+1","champ:Strike","champ:Defend","champ:Defend","champ:Defend","champ:Defend","champ:Execute","champ:Taunt+1","champ:FanOfKnives","champ:PreciseThrust+1","champ:StanceDance+1","downfall:Malfunctioning","champ:SwordSigil","champ:FaceSlap","champ:BerserkersShout+1","champ:ArenaPreparation"],"relics":["champ:ChampionCrown","downfall:HeartsMalice","champ:LiftRelic","Ancient Tea Set"],"acts_visited":["Exordium"],"potions_floor_usage":[16,16],"damage_taken":[{"damage":0,"enemies":"Small Slimes","floor":2,"turns":1},{"damage":0,"enemies":"downfall:FleeingMerchant","floor":3,"turns":1},{"damage":0,"enemies":"Jaw Worm","floor":5,"turns":1},{"damage":25,"enemies":"downfall:FleeingMerchant","floor":8,"turns":4},{"damage":0,"enemies":"2 Louse","floor":11,"turns":1},{"damage":24,"enemies":"Exordium Thugs","floor":12,"turns":3},{"damage":65,"enemies":"3 Sentries","floor":14,"turns":5},{"damage":15,"enemies":"3 Louse","floor":15,"turns":2},{"damage":40,"enemies":"IC_STATUS_ARCHETYPE","floor":16,"turns":6}],"seed_played":"6757255347216681989","potions_obtained":[{"floor":11,"key":"Ancient Potion"},{"floor":12,"key":"EssenceOfSteel"},{"floor":14,"key":"AttackPotion"},{"floor":15,"key":"SkillPotion"}],"is_trial":false,"path_per_floor":["R","M","$","?","M","R","T","$","?","R","M","M","R","E","M","B"],"character_chosen":"THE_CHAMP","items_purchased":["champ:StanceDance"],"campfire_rested":0,"item_purchase_floors":[3],"current_hp_per_floor":[90,90,90,90,90,90,90,80,80,80,80,71,71,31,26,1,1,1],"gold":115,"neow_bonus":"THREE_ENEMY_KILL","is_daily":false,"chose_seed":false,"campfire_upgraded":3,"win_rate":0.0,"timestamp":1613113949,"path_taken":["R","M","$","?","M","R","T","$","?","R","M","M","R","E","M","BOSS"],"items_purchased_type":["Card"],"build_version":"2020-12-22","purchased_purges":0,"victory":false,"max_hp_per_floor":[90,90,90,90,90,90,90,90,90,90,90,90,90,90,90,90,90,90],"card_choices":[{"not_picked":["champ:Duel","champ:BerserkersShout"],"picked":"champ:FanOfKnives","floor":2},{"not_picked":["champ:Circumvent","champ:IronFortress"],"picked":"champ:PreciseThrust","floor":3},{"not_picked":["champ:Circumvent","champ:RapidStrikes","champ:PerfectedStrike"],"picked":"SKIP","floor":5},{"not_picked":["champ:RapidStrikes","champ:HeavySlash"],"picked":"champ:SwordSigil","floor":8},{"not_picked":["champ:PerfectedStrike","champ:RecklessLeap"],"picked":"champ:FaceSlap","floor":11},{"not_picked":["champ:Backstep","champ:SetATrap"],"picked":"champ:BerserkersShout","floor":12},{"not_picked":["champ:Haymaker","champ:FanOfKnives"],"picked":"champ:ArenaPreparation","floor":14},{"not_picked":["champ:CrownThrow","champ:Endure","champ:DefensiveStyle"],"picked":"SKIP","floor":15}],"player_experience":388298,"relics_obtained":[{"floor":14,"key":"Ancient Tea Set"}],"event_choices":[],"is_beta":false,"boss_relics":[],"items_purged_floors":[],"is_endless":false,"potions_floor_spawned":[11,12,14,15],"killed_by":"IC_STATUS_ARCHETYPE","ascension_level":3}}