{"host":"dnvpprmy3abbf89m","time":1613090720,"event":{"mods":["BaseMod","Colored Map","Minty Spire (QoL Compilation)","StSLib"],"gold_per_floor":[112,124,138,213,213,213,233,261,285,298,298,312,346,361,361,466,466,477,477,477,490,262,262,280,280,280,280,380,380,399,428,428,531,531,547,84,134,149,167,167,167,178,203,230,248,248,248,248,248,248],"floor_reached":51,"language":"ENG","playtime":4438,"items_purged":["Strike_R"],"score":1111,"play_id":"2881356b-d50a-451c-af3b-0507d919d076","local_time":"20210212014520","is_ascension_mode":true,"campfire_choices":[{"data":"Shrug It Off","floor":6.0,"key":"SMITH"},{"data":"Immolate","floor":11.0,"key":"SMITH"},{"data":"Rampage","floor":15.0,"key":"SMITH"},{"data":"Entrench","floor":23.0,"key":"SMITH"},{"data":"Limit Break","floor":25.0,"key":"SMITH"},{"data":"Inflame","floor":27.0,"key":"SMITH"},{"data":"Bash","floor":29.0,"key":"SMITH"},{"data":"Juggernaut","floor":32.0,"key":"SMITH"},{"data":"Rage","floor":40.0,"key":"SMITH"},{"data":"Double Tap","floor":47,"key":"SMITH"},{"data":"Flame Barrier","floor":49,"key":"SMITH"}],"circlet_count":0,"master_deck":["Strike_R","Strike_R","Strike_R","Strike_R","Defend_R","Defend_R","Defend_R","Defend_R","Metallicize+1","Battle Trance","Shrug It Off+1","Rampage+1","Immolate+1","Burning Pact","Entrench+1","Limit Break+1","Intimidate+1","Sword Boomerang+1","Inflame+1","Juggernaut+1","Feed+1","Iron Wave","Rage+1","Dark Shackles","Dual Wield","Shockwave+1","Double Tap+1","Flame Barrier+1","Discovery","Secret Technique"],"relics":["Burning Blood","Odd Mushroom","Blood Vial","Vajra","Coffee Dripper","ClockworkSouvenir","Gambling Chip","CaptainsWheel","Paper Frog","Thread and Needle","SlaversCollar","FossilizedHelix","Peace Pipe","Bronze Scales","PreservedInsect"],"acts_visited":["Exordium","TheCity","TheBeyond"],"potions_floor_usage":[50],"damage_taken":[{"damage":10.0,"enemies":"Small Slimes","floor":1.0,"turns":5.0},{"damage":0.0,"enemies":"2 Louse","floor":2.0,"turns":4.0},{"damage":9.0,"enemies":"Jaw Worm","floor":3.0,"turns":3.0},{"damage":20.0,"enemies":"Exordium Thugs","floor":7.0,"turns":8.0},{"damage":9.0,"enemies":"The Mushroom Lair","floor":8.0,"turns":6.0},{"damage":4.0,"enemies":"3 Louse","floor":10.0,"turns":2.0},{"damage":9.0,"enemies":"Red Slaver","floor":12.0,"turns":4.0},{"damage":10.0,"enemies":"3 Sentries","floor":13.0,"turns":5.0},{"damage":9.0,"enemies":"Blue Slaver","floor":14.0,"turns":3.0},{"damage":0.0,"enemies":"Slime Boss","floor":16.0,"turns":4.0},{"damage":0.0,"enemies":"Spheric Guardian","floor":18.0,"turns":3.0},{"damage":3.0,"enemies":"Chosen","floor":21.0,"turns":4.0},{"damage":2.0,"enemies":"Centurion and Healer","floor":24.0,"turns":7.0},{"damage":0.0,"enemies":"Colosseum Slavers","floor":28.0,"turns":3.0},{"damage":28.0,"enemies":"Colosseum Nobs","floor":28.0,"turns":5.0},{"damage":5.0,"enemies":"Snecko","floor":30.0,"turns":4.0},{"damage":5.0,"enemies":"Book of Stabbing","floor":31.0,"turns":4.0},{"damage":3.0,"enemies":"Collector","floor":33.0,"turns":7.0},{"damage":19.0,"enemies":"3 Darklings","floor":35.0,"turns":3.0},{"damage":0.0,"enemies":"Mind Bloom Boss Battle","floor":37.0,"turns":3.0},{"damage":0.0,"enemies":"Orb Walker","floor":38.0,"turns":2.0},{"damage":0.0,"enemies":"Jaw Worm Horde","floor":39.0,"turns":3.0},{"damage":4.0,"enemies":"Maw","floor":42.0,"turns":6.0},{"damage":0.0,"enemies":"Giant Head","floor":44.0,"turns":6.0},{"damage":11.0,"enemies":"Writhing Mass","floor":45.0,"turns":5.0},{"damage":50,"enemies":"Awakened One","floor":50,"turns":10}],"seed_played":"-8835454729454989946","potions_obtained":[{"floor":3.0,"key":"ColorlessPotion"},{"floor":8.0,"key":"SteroidPotion"},{"floor":10.0,"key":"PowerPotion"},{"floor":13.0,"key":"SpeedPotion"},{"floor":14.0,"key":"AttackPotion"},{"floor":16.0,"key":"SteroidPotion"},{"floor":18.0,"key":"AttackPotion"},{"floor":30.0,"key":"Weak Potion"},{"floor":31.0,"key":"ColorlessPotion"},{"floor":35.0,"key":"Energy Potion"},{"floor":45.0,"key":"Explosive Potion"}],"is_trial":false,"path_per_floor":["M","M","M","?","?","R","M","?","T","M","R","M","E","M","R","B",null,"M","?","?","M","$","R","M","R","T","R","?","R","M","E","R","B",null,"M","$","?","M","M","R","?","M","T","E","M","?","R","?","R","B",null],"character_chosen":"IRONCLAD","items_purchased":["ClockworkSouvenir","Rage","Dark Shackles","FossilizedHelix"],"campfire_rested":0,"item_purchase_floors":[22,36,36,36],"current_hp_per_floor":[68,74,71,60,60,60,46,43,43,47,47,46,44,43,43,51,73,80,80,65,70,70,70,76,76,76,76,63,63,66,69,69,74,82,71,71,79,88,91,91,91,91,91,91,86,81,81,81,81,39],"gold":248,"neow_bonus":"THREE_CARDS","is_daily":false,"chose_seed":false,"campfire_upgraded":11,"win_rate":0.0,"timestamp":1613090720,"path_taken":["M","M","M","?","?","R","M","?","T","M","R","M","E","M","R","BOSS","M","?","?","M","$","R","M","R","T","R","?","R","?","E","R","BOSS","M","$","?","M","M","R","?","?","T","E","M","?","R","?","R","BOSS"],"items_purchased_type":["Relic","Card","Card","Relic"],"build_version":"2020-12-22","purchased_purges":1,"victory":true,"max_hp_per_floor":[80,80,80,80,80,80,80,80,80,80,80,80,80,80,80,80,80,80,80,85,85,85,85,85,85,85,85,85,85,85,85,85,85,85,85,85,85,88,91,91,91,91,91,91,91,91,91,91,91,91],"card_choices":[{"not_picked":["Headbutt","Inflame"],"picked":"Metallicize","floor":0.0},{"not_picked":["Iron Wave","Havoc"],"picked":"Battle Trance","floor":1.0},{"not_picked":["Cleave","Fire Breathing","Combust"],"picked":"SKIP","floor":2.0},{"not_picked":["Clothesline","Blood for Blood"],"picked":"Shrug It Off","floor":3.0},{"not_picked":["Pommel Strike","Heavy Blade"],"picked":"Rampage","floor":7.0},{"not_picked":["Armaments","Flex"],"picked":"Immolate","floor":8.0},{"not_picked":["Thunderclap","Shrug It Off"],"picked":"Burning Pact","floor":10.0},{"not_picked":["Burning Pact","Clash","Second Wind"],"picked":"SKIP","floor":12.0},{"not_picked":["Wild Strike","Flex","True Grit"],"picked":"SKIP","floor":13.0},{"not_picked":["Bloodletting","Clothesline"],"picked":"Entrench","floor":14.0},{"not_picked":["Offering","Berserk"],"picked":"Limit Break","floor":16.0},{"not_picked":["Thunderclap+1","Twin Strike"],"picked":"Intimidate+1","floor":18.0},{"not_picked":["Searing Blow+1","Flex"],"picked":"Sword Boomerang+1","floor":21.0},{"not_picked":["Clothesline","Pommel Strike+1"],"picked":"Inflame","floor":24.0},{"not_picked":["Burning Pact","Reckless Charge+1","Warcry"],"picked":"SKIP","floor":30.0},{"not_picked":["Dual Wield","Iron Wave"],"picked":"Juggernaut","floor":31.0},{"not_picked":["Fiend Fire","Bludgeon"],"picked":"Feed","floor":33.0},{"not_picked":["Clothesline","Anger+1"],"picked":"Iron Wave","floor":35.0},{"not_picked":["Twin Strike+1","Clash+1"],"picked":"Dual Wield","floor":37.0},{"not_picked":["Fire Breathing+1","Warcry+1"],"picked":"Shockwave+1","floor":38.0},{"not_picked":["Perfected Strike","Wild Strike+1","Carnage+1"],"picked":"SKIP","floor":39.0},{"not_picked":["Clash+1","Seeing Red+1"],"picked":"Double Tap","floor":42.0},{"not_picked":["Armaments+1","Feel No Pain","Battle Trance+1"],"picked":"SKIP","floor":44.0},{"not_picked":["Anger+1","Iron Wave"],"picked":"Flame Barrier","floor":45.0},{"not_picked":["Trip","The Bomb"],"picked":"Discovery","floor":46},{"not_picked":["Apotheosis","Purity"],"picked":"Secret Technique","floor":46}],"player_experience":840364,"relics_obtained":[{"floor":8.0,"key":"Odd Mushroom"},{"floor":9.0,"key":"Blood Vial"},{"floor":13.0,"key":"Vajra"},{"floor":26.0,"key":"Gambling Chip"},{"floor":28.0,"key":"CaptainsWheel"},{"floor":28.0,"key":"Paper Frog"},{"floor":31.0,"key":"Thread and Needle"},{"floor":37.0,"key":"Peace Pipe"},{"floor":43.0,"key":"Bronze Scales"},{"floor":44.0,"key":"PreservedInsect"}],"event_choices":[{"damage_healed":0.0,"max_hp_gain":0.0,"max_hp_loss":0.0,"gold_gain":75.0,"event_name":"World of Goop","player_choice":"Gather Gold","floor":4.0,"gold_loss":0.0,"damage_taken":11.0},{"damage_healed":0.0,"max_hp_gain":0.0,"max_hp_loss":0.0,"gold_gain":0.0,"event_name":"Living Wall","player_choice":"Grow","floor":5.0,"gold_loss":0.0,"damage_taken":0.0,"cards_upgraded":["Metallicize"]},{"damage_healed":0.0,"max_hp_gain":0.0,"max_hp_loss":0.0,"gold_gain":0.0,"event_name":"Mushrooms","player_choice":"Fought Mushrooms","floor":8.0,"gold_loss":0.0,"damage_taken":0.0},{"damage_healed":0.0,"max_hp_gain":0.0,"max_hp_loss":0.0,"gold_gain":0.0,"event_name":"Ghosts","player_choice":"Ignored","floor":19.0,"gold_loss":0.0,"damage_taken":0.0},{"damage_healed":0.0,"max_hp_gain":5.0,"max_hp_loss":0.0,"gold_gain":0.0,"event_name":"Forgotten Altar","player_choice":"Shed Blood","floor":20.0,"gold_loss":0.0,"damage_taken":20.0},{"damage_healed":0.0,"max_hp_gain":0.0,"max_hp_loss":0.0,"gold_gain":0.0,"event_name":"Colosseum","player_choice":"Fight","floor":28.0,"gold_loss":0.0,"damage_taken":0.0},{"damage_healed":0.0,"max_hp_gain":0.0,"max_hp_loss":0.0,"gold_gain":0.0,"event_name":"Colosseum","player_choice":"Fought Nobs","floor":28.0,"gold_loss":0.0,"damage_taken":0.0},{"damage_healed":0.0,"max_hp_gain":0.0,"max_hp_loss":0.0,"gold_gain":0.0,"event_name":"MindBloom","player_choice":"Fight","floor":37.0,"gold_loss":0.0,"damage_taken":0.0},{"damage_healed":0.0,"max_hp_gain":0.0,"max_hp_loss":0.0,"gold_gain":0.0,"event_name":"Upgrade Shrine","player_choice":"Upgraded","floor":41.0,"gold_loss":0.0,"damage_taken":0.0,"cards_upgraded":["Feed"]},{"damage_healed":0,"gold_gain":0,"player_choice":"Memory 2","damage_taken":5,"max_hp_gain":0,"max_hp_loss":0,"event_name":"SensoryStone","floor":46,"gold_loss":0},{"cards_removed":["Bash"],"damage_healed":0,"gold_gain":0,"player_choice":"Removed Attack","damage_taken":0,"max_hp_gain":0,"max_hp_loss":0,"event_name":"Falling","floor":48,"gold_loss":0}],"is_beta":false,"boss_relics":[{"not_picked":["Mark of Pain","Runic Dome"],"picked":"Coffee Dripper"},{"not_picked":["Cursed Key","Empty Cage"],"picked":"SlaversCollar"}],"items_purged_floors":[22],"is_endless":false,"potions_floor_spawned":[3,8,10,13,14,16,18,30,31,35,45],"ascension_level":8}}