{"host":"a9gsz7kv8aebwp1f","time":1613093106,"event":{"mods":["AchievementEnabler","BaseMod","Minty Spire (QoL Compilation)"],"gold_per_floor":[114,79,79,99,113,113,37,37,37,69,69,69,85,97,97,194,194,210,230,4,4,4,4,23,34,34,34,34,34,34,34],"floor_reached":30,"language":"KOR","playtime":852,"items_purged":[],"score":384,"play_id":"596fe7a3-8509-4a9d-a202-930c2cd5b905","local_time":"20210212102506","is_ascension_mode":true,"campfire_choices":[{"data":"1","floor":6,"key":"LIFT"},{"data":"2","floor":8,"key":"LIFT"},{"data":"3","floor":12,"key":"LIFT"},{"floor":15,"key":"REST"},{"data":"Armaments","floor":23,"key":"SMITH"},{"floor":28,"key":"REST"}],"circlet_count":0,"master_deck":["AscendersBane","Strike_R","Strike_R+1","Strike_R","Strike_R","Strike_R+1","Defend_R","Defend_R","Defend_R","Defend_R","Bash","Clash","Twin Strike","Armaments+1","Cleave","Shrug It Off","Anger","Flex","Headbutt","Demon Form+1","Power Through+1","True Grit","Armaments+1","Flex","True Grit","Anger+1"],"relics":["Burning Blood","Girya","Ornamental Fan","Paper Frog","SlaversCollar","Sling","Lantern"],"acts_visited":["Exordium","TheCity"],"potions_floor_usage":[10,29,29],"damage_taken":[{"damage":12,"enemies":"Small Slimes","floor":1,"turns":3},{"damage":4,"enemies":"2 Louse","floor":4,"turns":3},{"damage":12,"enemies":"Jaw Worm","floor":5,"turns":2},{"damage":9,"enemies":"3 Sentries","floor":10,"turns":5},{"damage":11,"enemies":"Lots of Slimes","floor":13,"turns":3},{"damage":18,"enemies":"Large Slime","floor":14,"turns":2},{"damage":57,"enemies":"Hexaghost","floor":16,"turns":8},{"damage":12,"enemies":"Chosen","floor":18,"turns":2},{"damage":7,"enemies":"Spheric Guardian","floor":19,"turns":4},{"damage":36,"enemies":"Centurion and Healer","floor":24,"turns":8},{"damage":24,"enemies":"Snake Plant","floor":25,"turns":2},{"damage":23,"enemies":"Slavers","floor":29,"turns":5},{"damage":19,"enemies":"Chosen and Byrds","floor":30,"turns":7}],"seed_played":"8450774593080169467","potions_obtained":[{"floor":1,"key":"Dexterity Potion"},{"floor":14,"key":"Ancient Potion"},{"floor":16,"key":"GamblersBrew"},{"floor":18,"key":"SmokeBomb"}],"is_trial":false,"path_per_floor":["M","?","?","M","M","R","$","R","T","E","?","R","M","M","R","B",null,"M","M","$","$","?","R","M","M","T","?","R","E","M"],"character_chosen":"IRONCLAD","items_purchased":["Cleave","Shrug It Off","Sling","Armaments","Flex"],"campfire_rested":2,"item_purchase_floors":[7,7,20,20,20],"current_hp_per_floor":[66,80,64,66,60,60,60,60,60,57,57,57,52,40,64,13,63,57,56,56,56,56,56,26,8,8,8,32,15,0,0],"gold":34,"neow_bonus":"ONE_RARE_RELIC","is_daily":false,"chose_seed":false,"campfire_upgraded":1,"win_rate":0.0,"timestamp":1613093106,"path_taken":["M","?","?","M","M","R","$","R","T","E","?","R","?","M","R","BOSS","M","M","?","$","?","R","?","M","T","?","R","E","?"],"items_purchased_type":["Card","Card","Relic","Card","Card"],"build_version":"2020-12-22","purchased_purges":0,"victory":false,"max_hp_per_floor":[80,80,80,80,80,80,80,80,80,80,80,80,80,80,80,80,80,80,80,80,80,80,80,80,80,80,80,80,80,80,80],"card_choices":[{"not_picked":["Havoc","Clothesline"],"picked":"Clash","floor":1},{"not_picked":["Intimidate","Rampage"],"picked":"Twin Strike","floor":4},{"not_picked":["Clash","Anger"],"picked":"Armaments","floor":5},{"not_picked":["Dropkick","Thunderclap"],"picked":"Anger","floor":10},{"not_picked":["Sentinel","Wild Strike"],"picked":"Flex","floor":13},{"not_picked":["Pommel Strike","Corruption"],"picked":"Headbutt","floor":14},{"not_picked":["Exhume","Offering"],"picked":"Demon Form","floor":16},{"not_picked":["Shrug It Off","Burning Pact"],"picked":"Power Through+1","floor":18},{"not_picked":["Thunderclap","Warcry+1"],"picked":"True Grit","floor":19},{"not_picked":["Pummel","Pommel Strike"],"picked":"True Grit","floor":24},{"not_picked":["Cleave","Rampage"],"picked":"Anger+1","floor":25}],"player_experience":457090,"relics_obtained":[{"floor":9,"key":"Ornamental Fan"},{"floor":10,"key":"Paper Frog"},{"floor":26,"key":"Lantern"}],"event_choices":[{"damage_healed":20,"gold_gain":0,"player_choice":"Healed","damage_taken":0,"max_hp_gain":0,"max_hp_loss":0,"event_name":"The Cleric","floor":2,"gold_loss":35},{"damage_healed":0,"gold_gain":0,"player_choice":"Entered Light","damage_taken":16,"max_hp_gain":0,"max_hp_loss":0,"event_name":"Shining Light","floor":3,"gold_loss":0,"cards_upgraded":["Strike_R","Strike_R"]},{"damage_healed":0,"gold_gain":0,"player_choice":"Grow","damage_taken":0,"max_hp_gain":0,"max_hp_loss":0,"event_name":"Living Wall","floor":11,"gold_loss":0,"cards_upgraded":["Armaments"]},{"damage_healed":0,"gold_gain":0,"player_choice":"Upgraded","damage_taken":0,"max_hp_gain":0,"max_hp_loss":0,"event_name":"Upgrade Shrine","floor":22,"gold_loss":0,"cards_upgraded":["Demon Form"]},{"cards_removed":["Injury"],"damage_healed":0,"gold_gain":0,"player_choice":"Card Removal","damage_taken":0,"max_hp_gain":0,"max_hp_loss":0,"event_name":"Wheel of Change","floor":27,"gold_loss":0}],"is_beta":false,"boss_relics":[{"not_picked":["Runic Pyramid","SacredBark"],"picked":"SlaversCollar"}],"items_purged_floors":[],"is_endless":false,"potions_floor_spawned":[1,14,16,18,25,29],"killed_by":"Chosen and Byrds","ascension_level":11}}