{"host":"z42sc0n2dozsmk72","time":1613117034,"event":{"mods":["AchievementEnabler","BaseMod","Better Third Choice","Colored Map","Curses Come First","Highlight Path","Minty Spire (QoL Compilation)","Permanent Neow","Quick Restart","Relic Stats","Shop Mod","StSLib","egg","slay the spire mod where everything is the same but ironclad has a cowboy hat"],"gold_per_floor":[117,132,145,156,156,156,190,190,190,204,163,197,40,74,74,177,177,177,177,87,87,87,87,87,87,87,87,87,87,87,87,87,87,87,87,87,87,87,87,87,87,87,87,87,87,87,87,87,87,87,87,87,8,8,8],"floor_reached":56,"language":"ENG","playtime":4387,"items_purged":["Strike_G"],"score":1596,"play_id":"e67535c1-5006-4d22-a9cd-1a671e7b8390","local_time":"20210212210354","is_ascension_mode":true,"campfire_choices":[{"data":"Footwork","floor":6.0,"key":"SMITH"},{"data":"Neutralize","floor":8.0,"key":"SMITH"},{"data":"Poisoned Stab","floor":15.0,"key":"SMITH"},{"data":"Footwork","floor":23.0,"key":"SMITH"},{"data":"Crippling Poison","floor":27.0,"key":"SMITH"},{"floor":32.0,"key":"RECALL"},{"floor":44.0,"key":"REST"},{"floor":49.0,"key":"REST"},{"floor":52.0,"key":"REST"}],"circlet_count":0,"master_deck":["Strike_G","Strike_G","Strike_G+1","Defend_G","Defend_G","Defend_G","Defend_G+1","Defend_G","Survivor","Neutralize+1","Crippling Poison+1","Poisoned Stab+1","Poisoned Stab+1","Footwork+1","Deadly Poison+1","Adrenaline+1","Dark Shackles+1","Deadly Poison+1","Corpse Explosion+1","Footwork+1","Escape Plan+1","Caltrops+1","Deflect+1","Tactician+1","Catalyst+1","Footwork+1","After Image","Footwork","Sucker Punch+1","Predator+1","Prepared+1","Reflex+1","Dodge and Roll+1","Deep Breath+1","Purity+1","Finesse+1","Reflex+1","Prepared+1"],"relics":["Runic Pyramid","Singing Bowl","Toxic Egg 2","Du-Vu Doll","Ancient Tea Set","Ectoplasm","Akabeko","HornCleat","Bottled Flame","Fusion Hammer","Ornamental Fan","Turnip","Blue Candle","Pear"],"acts_visited":["Exordium","TheCity","TheBeyond","TheEnding"],"potions_floor_usage":[],"damage_taken":[{"damage":3.0,"enemies":"2 Louse","floor":1.0,"turns":3.0},{"damage":1.0,"enemies":"Small Slimes","floor":2.0,"turns":5.0},{"damage":2.0,"enemies":"Jaw Worm","floor":3.0,"turns":4.0},{"damage":1.0,"enemies":"2 Fungi Beasts","floor":4.0,"turns":3.0},{"damage":12.0,"enemies":"3 Sentries","floor":7.0,"turns":9.0},{"damage":2.0,"enemies":"Exordium Wildlife","floor":10.0,"turns":5.0},{"damage":15.0,"enemies":"Gremlin Nob","floor":12.0,"turns":4.0},{"damage":0.0,"enemies":"3 Sentries","floor":14.0,"turns":9.0},{"damage":0.0,"enemies":"The Guardian","floor":16.0,"turns":8.0},{"damage":1.0,"enemies":"Shell Parasite","floor":18.0,"turns":3.0},{"damage":4.0,"enemies":"Chosen","floor":21.0,"turns":4.0},{"damage":0.0,"enemies":"Snecko","floor":22.0,"turns":5.0},{"damage":0.0,"enemies":"Snake Plant","floor":24.0,"turns":4.0},{"damage":15.0,"enemies":"Slavers","floor":25.0,"turns":4.0},{"damage":0.0,"enemies":"Cultist and Chosen","floor":28.0,"turns":4.0},{"damage":0.0,"enemies":"Centurion and Healer","floor":29.0,"turns":4.0},{"damage":0.0,"enemies":"Gremlin Leader","floor":30.0,"turns":6.0},{"damage":0.0,"enemies":"Snake Plant","floor":31.0,"turns":4.0},{"damage":9.0,"enemies":"Champ","floor":33.0,"turns":7.0},{"damage":0.0,"enemies":"Orb Walker","floor":35.0,"turns":4.0},{"damage":16.0,"enemies":"3 Darklings","floor":36.0,"turns":5.0},{"damage":0.0,"enemies":"Writhing Mass","floor":37.0,"turns":5.0},{"damage":0.0,"enemies":"Sphere and 2 Shapes","floor":38.0,"turns":5.0},{"damage":0.0,"enemies":"Maw","floor":39.0,"turns":6.0},{"damage":0.0,"enemies":"Giant Head","floor":40.0,"turns":7.0},{"damage":5.0,"enemies":"Transient","floor":41.0,"turns":5.0},{"damage":4.0,"enemies":"Reptomancer","floor":42.0,"turns":9.0},{"damage":0.0,"enemies":"Nemesis","floor":45.0,"turns":7.0},{"damage":13.0,"enemies":"Spire Growth","floor":46.0,"turns":3.0},{"damage":7.0,"enemies":"Jaw Worm Horde","floor":48.0,"turns":2.0},{"damage":44.0,"enemies":"Time Eater","floor":50.0,"turns":13.0},{"damage":10.0,"enemies":"Shield and Spear","floor":54.0,"turns":5.0},{"damage":38,"enemies":"The Heart","floor":55,"turns":10}],"seed_played":"-2217186505459171794","potions_obtained":[{"floor":2.0,"key":"EssenceOfSteel"},{"floor":3.0,"key":"EssenceOfSteel"},{"floor":12.0,"key":"SkillPotion"},{"floor":18.0,"key":"SpeedPotion"},{"floor":22.0,"key":"Ancient Potion"},{"floor":25.0,"key":"SteroidPotion"},{"floor":31.0,"key":"FairyPotion"},{"floor":41.0,"key":"DistilledChaos"},{"floor":42.0,"key":"FearPotion"},{"floor":48.0,"key":"Explosive Potion"}],"is_trial":false,"path_per_floor":["M","M","M","M","?","R","E","R","T","M","?","E","$","E","R","B",null,"M","?","?","M","M","R","M","E","T","R","M","M","E","M","R","B",null,"M","M","M","M","M","E","M","E","T","R","E","M","?","M","R","B",null,"R","$","E","B",null],"character_chosen":"THE_SILENT","items_purchased":["Dark Shackles+1","Reflex+1"],"campfire_rested":3,"item_purchase_floors":[13,53],"current_hp_per_floor":[67,66,64,63,49,49,39,39,39,37,37,22,22,22,22,22,72,73,73,73,69,69,69,69,56,56,56,56,56,58,58,58,49,78,78,64,64,64,64,66,63,61,61,86,86,73,63,58,84,40,88,88,88,88,50],"gold":8,"neow_bonus":"BOSS_RELIC","is_daily":false,"chose_seed":false,"campfire_upgraded":5,"win_rate":0.0,"timestamp":1613117034,"path_taken":["M","M","M","M","?","R","E","R","T","M","?","E","?","E","R","BOSS","M","?","?","M","M","R","M","E","T","R","M","?","E","M","R","BOSS","M","M","M","M","M","E","M","E","T","R","E","M","?","M","R","BOSS","R","$","E","BOSS"],"items_purchased_type":["Card","Card"],"build_version":"2020-12-22","purchased_purges":1,"victory":true,"max_hp_per_floor":[70,70,70,70,70,70,72,72,72,72,72,72,72,72,72,72,72,74,74,74,74,74,74,74,76,76,76,76,76,78,78,78,78,78,78,80,80,80,80,82,84,86,86,86,86,86,86,88,88,88,88,88,88,98,98],"relic_stats":{"Singing Bowl":18,"counters":[33,181],"Ornamental Fan":[44],"Blue Candle":[0],"Ectoplasm":488,"Turnip":[2],"obtain_stats":[{"Pear":54,"Singing Bowl":7,"Blue Candle":45,"Ancient Tea Set":14,"Akabeko":25,"Du-Vu Doll":12,"Bottled Flame":30,"HornCleat":26,"Ornamental Fan":40,"Ectoplasm":17,"Fusion Hammer":34,"Turnip":42,"Toxic Egg 2":9,"Ring of the Snake":0,"Runic Pyramid":0},{"Pear":32,"Singing Bowl":5,"Blue Candle":28,"Ancient Tea Set":8,"Akabeko":14,"Du-Vu Doll":7,"Bottled Flame":17,"HornCleat":14,"Ornamental Fan":25,"Ectoplasm":9,"Fusion Hammer":19,"Turnip":27,"Toxic Egg 2":5,"Ring of the Snake":0,"Runic Pyramid":0},{"Pear":171,"Singing Bowl":24,"Blue Candle":148,"Ancient Tea Set":42,"Akabeko":70,"Du-Vu Doll":33,"Bottled Flame":84,"HornCleat":70,"Ornamental Fan":127,"Ectoplasm":50,"Fusion Hammer":95,"Turnip":141,"Toxic Egg 2":24,"Ring of the Snake":0,"Runic Pyramid":0}]},"card_choices":[{"not_picked":["Poisoned Stab","Dagger Throw"],"picked":"Crippling Poison","floor":1.0},{"not_picked":["Bane","Backflip"],"picked":"Poisoned Stab","floor":2.0},{"not_picked":["Flying Knee","Distraction"],"picked":"Poisoned Stab","floor":3.0},{"not_picked":["Skewer","Blade Dance"],"picked":"Footwork","floor":4.0},{"not_picked":["Quick Slash","Bane","Dagger Throw"],"picked":"Singing Bowl","floor":7.0},{"not_picked":["Underhanded Strike","Deflect+1"],"picked":"Deadly Poison+1","floor":10.0},{"not_picked":["Reflex+1","Backstab"],"picked":"Adrenaline+1","floor":12.0},{"not_picked":["Finisher","Bouncing Flask+1"],"picked":"Deadly Poison+1","floor":14.0},{"not_picked":["Doppelganger+1","A Thousand Cuts"],"picked":"Corpse Explosion+1","floor":16.0},{"not_picked":["Acrobatics+1","Backflip+1","Dagger Spray+1"],"picked":"Singing Bowl","floor":18.0},{"not_picked":["Dagger Throw","Flying Knee"],"picked":"Escape Plan+1","floor":21.0},{"not_picked":["Deadly Poison+1","Cloak And Dagger+1"],"picked":"Caltrops+1","floor":22.0},{"not_picked":["Eviscerate","Slice"],"picked":"Deflect+1","floor":24.0},{"not_picked":["Envenom","Heel Hook","Distraction+1"],"picked":"Singing Bowl","floor":25.0},{"not_picked":["Quick Slash+1","Blade Dance+1"],"picked":"Tactician+1","floor":28.0},{"not_picked":["Outmaneuver+1","PiercingWail+1"],"picked":"Catalyst+1","floor":29.0},{"not_picked":["Riddle With Holes","Blade Dance+1","Heel Hook"],"picked":"Singing Bowl","floor":30.0},{"not_picked":["Backflip+1","Riddle With Holes+1"],"picked":"Footwork+1","floor":31.0},{"not_picked":["Bullet Time+1","Storm of Steel+1"],"picked":"After Image","floor":33.0},{"not_picked":["Reflex+1","Outmaneuver+1"],"picked":"Footwork","floor":35.0},{"not_picked":["Prepared+1","Reflex+1","Poisoned Stab+1"],"picked":"Singing Bowl","floor":36.0},{"not_picked":["Expertise+1","Dagger Spray"],"picked":"Sucker Punch+1","floor":37.0},{"not_picked":["Slice+1","Dagger Spray"],"picked":"Predator+1","floor":38.0},{"not_picked":["Eviscerate","Underhanded Strike"],"picked":"Prepared+1","floor":39.0},{"not_picked":["Acrobatics+1","Outmaneuver+1","Masterful Stab"],"picked":"Singing Bowl","floor":40.0},{"not_picked":["Backflip+1","Underhanded Strike","Blade Dance+1"],"picked":"Singing Bowl","floor":41.0},{"not_picked":["Infinite Blades","Underhanded Strike+1","Dagger Throw+1"],"picked":"Singing Bowl","floor":42.0},{"not_picked":["Sucker Punch+1","Deadly Poison+1"],"picked":"Reflex+1","floor":45.0},{"not_picked":["Well Laid Plans","Acrobatics+1"],"picked":"Dodge and Roll+1","floor":46.0},{"not_picked":["Apotheosis+1","Jack Of All Trades+1"],"picked":"Deep Breath+1","floor":47.0},{"not_picked":["Deep Breath+1","Mind Blast"],"picked":"Purity+1","floor":47.0},{"not_picked":["Sadistic Nature","Bandage Up+1"],"picked":"Finesse+1","floor":47.0},{"not_picked":["Flying Knee+1","Prepared+1","Deflect+1"],"picked":"Singing Bowl","floor":48.0},{"not_picked":["Riddle With Holes","Flying Knee"],"picked":"Prepared+1","floor":54.0}],"player_experience":931569,"relics_obtained":[{"floor":7.0,"key":"Singing Bowl"},{"floor":9.0,"key":"Toxic Egg 2"},{"floor":12.0,"key":"Du-Vu Doll"},{"floor":14.0,"key":"Ancient Tea Set"},{"floor":25.0,"key":"Akabeko"},{"floor":26.0,"key":"HornCleat"},{"floor":30.0,"key":"Bottled Flame"},{"floor":40.0,"key":"Ornamental Fan"},{"floor":42.0,"key":"Turnip"},{"floor":45.0,"key":"Blue Candle"},{"floor":54.0,"key":"Pear"}],"event_choices":[{"damage_healed":63.0,"max_hp_gain":0.0,"max_hp_loss":70.0,"gold_gain":0.0,"event_name":"betterThird:BetterShining","player_choice":"Upgrade","floor":5.0,"gold_loss":0.0,"damage_taken":14.0,"cards_upgraded":["Defend_G","Poisoned Stab"]},{"damage_healed":0.0,"max_hp_gain":0.0,"max_hp_loss":0.0,"gold_gain":0.0,"event_name":"betterThird:BetterGoop","player_choice":"Left","floor":11.0,"gold_loss":41.0,"damage_taken":0.0},{"damage_healed":0.0,"max_hp_gain":0.0,"max_hp_loss":0.0,"gold_gain":0.0,"event_name":"The Library","player_choice":"Read","floor":19.0,"gold_loss":0.0,"damage_taken":0.0,"cards_obtained":["Footwork"]},{"cards_removed":["Strike_G"],"damage_healed":0.0,"max_hp_gain":0.0,"max_hp_loss":0.0,"gold_gain":0.0,"event_name":"Designer","player_choice":"Upgrade and Remove","floor":20.0,"gold_loss":90.0,"damage_taken":0.0,"cards_upgraded":["Strike_G"]},{"damage_healed":0.0,"max_hp_gain":0.0,"max_hp_loss":0.0,"gold_gain":0.0,"event_name":"SensoryStone","player_choice":"Memory 3","floor":47.0,"gold_loss":0.0,"damage_taken":10.0}],"is_beta":false,"boss_relics":[{"not_picked":["Pandora\u0027s Box","SlaversCollar"],"picked":"Ectoplasm"},{"not_picked":["Busted Crown","WristBlade"],"picked":"Fusion Hammer"}],"items_purged_floors":[13],"is_endless":false,"potions_floor_spawned":[2,3,12,18,22,25,31,37,38,41,42,48],"ascension_level":2}}