{"host":"nsc6ozq3atyrdr3m","time":1613141307,"event":{"mods":["BaseMod","Colored Map","Minty Spire (QoL Compilation)"],"gold_per_floor":[110,110,120,120,69,102,102,136,136,66,94,94,135,160,160,160,160],"floor_reached":16,"language":"FRA","playtime":254,"items_purged":[],"score":286,"play_id":"91c1c9bd-bcf0-449f-8533-3b09141b3b45","local_time":"20210212154827","is_ascension_mode":true,"campfire_choices":[{"data":"Bloodletting","floor":7,"key":"SMITH"},{"floor":15,"key":"REST"}],"circlet_count":0,"master_deck":["AscendersBane","Strike_R","Strike_R","Strike_R","Strike_R","Strike_R","Defend_R+1","Defend_R","Defend_R","Bash+1","Bloodletting+1","Battle Trance+1","Sword Boomerang","Thunderclap","Heavy Blade","Fire Breathing","Flex+1","Flex+1","Pummel"],"relics":["Burning Blood","NeowsBlessing","Question Card","Matryoshka","CeramicFish","Bronze Scales","Toxic Egg 2","War Paint"],"acts_visited":["Exordium"],"potions_floor_usage":[16],"damage_taken":[{"damage":0,"enemies":"Jaw Worm","floor":1,"turns":1},{"damage":0,"enemies":"Cultist","floor":3,"turns":1},{"damage":0,"enemies":"3 Sentries","floor":6,"turns":1},{"damage":32,"enemies":"Gremlin Nob","floor":8,"turns":4},{"damage":3,"enemies":"2 Louse","floor":11,"turns":2},{"damage":38,"enemies":"Lagavulin","floor":13,"turns":6},{"damage":13,"enemies":"Exordium Thugs","floor":14,"turns":3},{"damage":41,"enemies":"The Guardian","floor":16,"turns":6}],"seed_played":"-2753937507374960088","potions_obtained":[{"floor":1,"key":"Regen Potion"},{"floor":8,"key":"ElixirPotion"},{"floor":11,"key":"Energy Potion"}],"is_trial":false,"path_per_floor":["M","?","M","?","$","E","R","E","T","$","M","?","E","M","R","B"],"character_chosen":"IRONCLAD","items_purchased":["Sword Boomerang","Fire Breathing"],"campfire_rested":1,"item_purchase_floors":[5,10],"current_hp_per_floor":[74,74,75,75,75,75,75,49,49,49,52,52,20,13,35,0,0],"gold":160,"neow_bonus":"THREE_ENEMY_KILL","is_daily":false,"chose_seed":false,"campfire_upgraded":1,"win_rate":0.0,"timestamp":1613141307,"path_taken":["M","?","?","?","$","E","R","E","T","?","M","?","E","?","R","BOSS"],"items_purchased_type":["Card","Card"],"build_version":"2020-12-22","purchased_purges":0,"victory":false,"max_hp_per_floor":[75,75,75,75,75,75,75,75,75,75,75,75,75,75,75,75,75],"card_choices":[{"not_picked":["Wild Strike","Body Slam"],"picked":"Bloodletting","floor":1},{"not_picked":["Rage","Warcry"],"picked":"Battle Trance","floor":3},{"not_picked":["Clash","Havoc","Twin Strike"],"picked":"Thunderclap","floor":6},{"not_picked":["Perfected Strike","Body Slam","Headbutt"],"picked":"Heavy Blade","floor":8},{"not_picked":["Dark Embrace","Infernal Blade+1","Heavy Blade"],"picked":"Flex+1","floor":11},{"not_picked":["Heavy Blade","Intimidate+1","Clash"],"picked":"Flex+1","floor":13},{"not_picked":["Perfected Strike","Bloodletting+1","Evolve"],"picked":"Pummel","floor":14}],"player_experience":394826,"relics_obtained":[{"floor":6,"key":"Matryoshka"},{"floor":8,"key":"CeramicFish"},{"floor":9,"key":"Bronze Scales"},{"floor":9,"key":"Toxic Egg 2"},{"floor":13,"key":"War Paint"}],"event_choices":[{"damage_healed":0,"gold_gain":0,"player_choice":"Upgraded","damage_taken":0,"max_hp_gain":0,"max_hp_loss":0,"event_name":"Upgrade Shrine","floor":2,"gold_loss":0,"cards_upgraded":["Bash"]},{"damage_healed":0,"gold_gain":0,"player_choice":"Gave Potion","damage_taken":0,"relics_obtained":["Question Card"],"max_hp_gain":0,"max_hp_loss":0,"event_name":"WeMeetAgain","floor":4,"gold_loss":0},{"cards_removed":["Defend_R"],"damage_healed":0,"gold_gain":0,"player_choice":"Offered Basic","damage_taken":0,"max_hp_gain":0,"max_hp_loss":0,"event_name":"Bonfire Elementals","floor":12,"gold_loss":0}],"is_beta":false,"boss_relics":[],"items_purged_floors":[],"is_endless":false,"potions_floor_spawned":[1,8,11],"killed_by":"The Guardian","ascension_level":20}}