{"host":"d8cz15m779bv9isj","time":1613124539,"event":{"mods":["Aspiration","BaseMod","Colored Map","Colored Powertips","DeckTracker","Downfall","Hermit","Highlight Path","Hubris","Infinite Spire","Minty Spire (QoL Compilation)","Quick Restart","Random Character Button","Relic Sorter","Replay The Spire","StSLib","SuperFastMode","Synergy Search","The Cursed","The Disciple","The Jungle","The Runesmith"],"gold_per_floor":[116,116,116,116,130,130,305,305,329,348,348,46,60,77,77,77,77],"floor_reached":16,"language":"ENG","playtime":351,"items_purged":[],"score":90,"play_id":"f2920232-0ce3-4eea-9232-d99a377805c1","local_time":"20210212110859","is_ascension_mode":false,"campfire_choices":[{"floor":6,"key":"REST"},{"data":"Eruption","floor":8,"key":"SMITH"},{"data":"Vigilance","floor":11,"key":"SMITH"},{"data":"Strike_P","floor":15,"key":"PURGE"}],"circlet_count":0,"master_deck":["Strike_P","Strike_P","Strike_P","Defend_P","Defend_P","Defend_P","Defend_P","Eruption+1","Vigilance+1","Doubt"],"relics":["aspiration:SecretTechniqueScroll","Replay:Rubber Ducky","Peace Pipe"],"acts_visited":["Exordium"],"potions_floor_usage":[16],"damage_taken":[{"damage":14,"enemies":"Jaw Worm","floor":1,"turns":5},{"damage":0,"enemies":"2 Louse","floor":5,"turns":2},{"damage":0,"enemies":"Small Slimes","floor":10,"turns":3},{"damage":0,"enemies":"Exordium Wildlife","floor":13,"turns":3},{"damage":0,"enemies":"2 Fungi Beasts","floor":14,"turns":5},{"damage":80,"enemies":"Fading Forest","floor":16,"turns":10}],"seed_played":"-5777906188366851867","potions_obtained":[{"floor":1,"key":"Explosive Potion"}],"is_trial":false,"path_per_floor":["M","?","?","?","M","R","?","R","T","M","R","$","M","M","R","B"],"character_chosen":"WATCHER","items_purchased":["Peace Pipe"],"campfire_rested":1,"item_purchase_floors":[12],"current_hp_per_floor":[58,63,63,66,66,80,80,80,80,80,80,80,80,80,80,0,0],"gold":77,"neow_bonus":"BOSS_RELIC","is_daily":false,"chose_seed":false,"campfire_upgraded":2,"win_rate":0.0,"timestamp":1613124539,"path_taken":["M","?","?","?","M","R","?","R","T","M","R","$","M","M","R","BOSS"],"items_purchased_type":["Relic"],"build_version":"2020-12-22","purchased_purges":0,"victory":false,"max_hp_per_floor":[72,77,77,80,80,80,80,80,80,80,80,80,80,80,80,80,80],"card_choices":[{"not_picked":["Halt","JustLucky","SashWhip"],"picked":"SKIP","floor":1},{"not_picked":["Replay:Anticipation","EmptyFist","JustLucky"],"picked":"SKIP","floor":5},{"not_picked":["PathToVictory","Consecrate","CutThroughFate"],"picked":"SKIP","floor":10},{"not_picked":["PathToVictory","Consecrate","CutThroughFate"],"picked":"SKIP","floor":10},{"not_picked":["SignatureMove","Replay:BluntJabs","ConjureBlade"],"picked":"SKIP","floor":13},{"not_picked":["EmptyFist","LikeWater","Prostrate"],"picked":"SKIP","floor":14}],"player_experience":251948,"relics_obtained":[{"floor":9,"key":"Replay:Rubber Ducky"}],"event_choices":[{"damage_healed":0,"gold_gain":0,"player_choice":"Donut","damage_taken":0,"max_hp_gain":5,"max_hp_loss":0,"event_name":"Big Fish","floor":2,"gold_loss":0},{"damage_healed":0,"gold_gain":175,"player_choice":"AGREE","damage_taken":0,"max_hp_gain":0,"max_hp_loss":0,"event_name":"Liars Game","floor":7,"gold_loss":0,"cards_obtained":["Doubt"]}],"is_beta":false,"boss_relics":[],"items_purged_floors":[],"is_endless":false,"potions_floor_spawned":[1],"killed_by":"Fading Forest","ascension_level":0}}