{"host":"qq27suot6m8koe0b","time":1613122525,"event":{"mods":["Act Like it!","BaseMod","CapriCore","Downfall","GifTheSpireLib","Minty Spire (QoL Compilation)","StSLib"],"gold_per_floor":[99,274,274,274,274,303,357,375,392,292,292,48,48,48,48],"floor_reached":13,"language":"ZHS","playtime":585,"items_purged":["Doubt"],"score":79,"play_id":"5e34edce-a3a6-4c8b-b923-06ce7c73dd5a","local_time":"20210212173525","is_ascension_mode":false,"campfire_choices":[{"floor":1,"key":"RECALL"},{"data":"Guardian:TwinSlam","floor":10,"key":"SMITH"}],"circlet_count":0,"master_deck":["Guardian:Strike_Guardian","Guardian:Strike_Guardian","Guardian:Strike_Guardian","Guardian:Strike_Guardian+1","Guardian:Defend_Guardian","Guardian:Defend_Guardian+1","Guardian:Defend_Guardian","Guardian:Defend_Guardian","Guardian:CurlUp","Guardian:TwinSlam+1","Guardian:TemporalShield","Guardian:TemporalStrike","Guardian:FuturePlans","Guardian:PiercingHide","Guardian:ChargeCore+1","downfall:Malfunctioning","Guardian:DonusPower"],"relics":["Guardian:ModeShifter","downfall:HeartsMalice","Guardian:PickAxe","Letter Opener","Nunchaku","downfall:HeartBlessingRed","Omamori"],"acts_visited":["Exordium"],"potions_floor_usage":[13],"damage_taken":[{"damage":0,"enemies":"Cultist","floor":3,"turns":1},{"damage":0,"enemies":"Small Slimes","floor":4,"turns":1},{"damage":0,"enemies":"Small Slimes","floor":5,"turns":1},{"damage":39,"enemies":"3 Sentries","floor":6,"turns":16},{"damage":6,"enemies":"Jaw Worm","floor":8,"turns":5},{"damage":11,"enemies":"2 Fungi Beasts","floor":9,"turns":4},{"damage":2,"enemies":"downfall:FleeingMerchant","floor":12,"turns":4},{"damage":10,"enemies":"Lagavulin","floor":13,"turns":2}],"seed_played":"4913522591142056020","potions_obtained":[{"floor":8,"key":"FearPotion"}],"is_trial":false,"path_per_floor":["R","?","M","M","?","E","T","M","M","R","?","$","E"],"character_chosen":"GUARDIAN","items_purchased":["Omamori"],"campfire_rested":0,"item_purchase_floors":[12],"current_hp_per_floor":[80,80,80,80,68,29,29,23,12,12,12,10,0,0,0],"gold":48,"neow_bonus":"THREE_ENEMY_KILL","is_daily":false,"chose_seed":false,"campfire_upgraded":1,"win_rate":0.0,"timestamp":1613122525,"path_taken":["R","?","M","M","?","E","T","?","M","R","?","$","E"],"items_purchased_type":["Relic"],"build_version":"2020-12-22","purchased_purges":1,"victory":false,"max_hp_per_floor":[80,80,80,80,80,80,80,80,80,80,80,80,80,80,80],"card_choices":[{"not_picked":["Guardian:ShieldCharger","Guardian:RefractedBeam"],"picked":"Guardian:TemporalShield","floor":3},{"not_picked":["Guardian:RollAttack","Guardian:BodySlam"],"picked":"Guardian:TemporalStrike","floor":4},{"not_picked":["Guardian:PrismaticBarrier","Guardian:Gem_Red"],"picked":"Guardian:FuturePlans","floor":6},{"not_picked":["Guardian:Clone","Guardian:TimeCapacitor"],"picked":"Guardian:PiercingHide","floor":8},{"not_picked":["Guardian:RefractedBeam","Guardian:GuardianWhirl"],"picked":"Guardian:ChargeCore","floor":9},{"not_picked":["Guardian:CrystalBeam","Guardian:BronzeArmor"],"picked":"Guardian:DonusPower","floor":12}],"player_experience":375711,"relics_obtained":[{"floor":6,"key":"Letter Opener"},{"floor":7,"key":"Nunchaku"}],"event_choices":[],"is_beta":false,"boss_relics":[],"items_purged_floors":[12],"is_endless":false,"potions_floor_spawned":[5,8],"killed_by":"Lagavulin","ascension_level":0}}