{"host":"gg","time":1613112477,"event":{"mods":["BaseMod","Colored Map","Googly Eyes","Minty Spire (QoL Compilation)","Relic Stats","The IronCluck"],"gold_per_floor":[112,130,130,30,44,44,74,94,94,125,137,137,137,163,163,239,239,259,270,107,121,132,132,163,163,163,163,46,46,46,81,81,158,158,168,188,188,201,216,216,241,269,269,294,294,294,329,90,90,90,90,90,90,90,123,123],"floor_reached":57,"language":"ENG","playtime":4527,"items_purged":["Defend_P"],"score":3267,"play_id":"526f15e9-bb97-4738-bfd0-65369ee0410a","local_time":"20210211224757","is_ascension_mode":true,"campfire_choices":[{"data":"CrushJoints","floor":6.0,"key":"SMITH"},{"data":"Conclude","floor":15.0,"key":"SMITH"},{"floor":23.0,"key":"REST"},{"data":"Wallop","floor":25.0,"key":"SMITH"},{"floor":27.0,"key":"REST"},{"data":"SandsOfTime","floor":29.0,"key":"SMITH"},{"data":"RitualDagger","floor":32.0,"key":"SMITH"},{"data":"Alpha","floor":40.0,"key":"SMITH"},{"floor":49.0,"key":"RECALL"},{"data":"PanicButton","floor":53.0,"key":"SMITH"}],"circlet_count":0,"master_deck":["AscendersBane","Defend_P","Eruption","Vigilance","Worship","EmptyMind","SashWhip","CrushJoints+1","Omniscience","Conclude+1","Fasting2+1","DevaForm+1","Fasting2+1","Weave+1","Omniscience+1","Wallop+1","Worship+1","Sanctity","Omniscience","SandsOfTime+1","Worship","RitualDagger+1","Alpha+1","Sanctity","DeceiveReality","WheelKick","Omniscience","PanicButton+1","LikeWater+1"],"relics":["Snecko Eye","Omamori","Dream Catcher","Frozen Egg 2","Shuriken","Darkstone Periapt","Astrolabe","Centennial Puzzle","Blood Vial","Matryoshka","Orichalcum","Coffee Dripper","Mango","Prayer Wheel","Ornamental Fan","Boot","Bottled Lightning","Anchor","Gremlin Horn"],"acts_visited":["Exordium","TheCity","TheBeyond","TheEnding"],"potions_floor_usage":[56,56,56],"damage_taken":[{"damage":4.0,"enemies":"Jaw Worm","floor":1.0,"turns":4.0},{"damage":0.0,"enemies":"2 Louse","floor":2.0,"turns":2.0},{"damage":0.0,"enemies":"Cultist","floor":5.0,"turns":2.0},{"damage":0.0,"enemies":"Lagavulin","floor":7.0,"turns":3.0},{"damage":5.0,"enemies":"Gremlin Gang","floor":8.0,"turns":3.0},{"damage":22.0,"enemies":"Gremlin Nob","floor":10.0,"turns":3.0},{"damage":11.0,"enemies":"Looter","floor":11.0,"turns":3.0},{"damage":0.0,"enemies":"Lagavulin","floor":14.0,"turns":4.0},{"damage":10.0,"enemies":"Hexaghost","floor":16.0,"turns":5.0},{"damage":37.0,"enemies":"2 Thieves","floor":18.0,"turns":5.0},{"damage":3.0,"enemies":"Shell Parasite","floor":19.0,"turns":2.0},{"damage":0.0,"enemies":"Snake Plant","floor":21.0,"turns":2.0},{"damage":0.0,"enemies":"Centurion and Healer","floor":22.0,"turns":4.0},{"damage":0.0,"enemies":"Slavers","floor":24.0,"turns":1.0},{"damage":0.0,"enemies":"Book of Stabbing","floor":31.0,"turns":1.0},{"damage":0.0,"enemies":"Collector","floor":33.0,"turns":3.0},{"damage":0.0,"enemies":"Orb Walker","floor":35.0,"turns":1.0},{"damage":0.0,"enemies":"3 Darklings","floor":36.0,"turns":2.0},{"damage":0.0,"enemies":"Maw","floor":38.0,"turns":3.0},{"damage":0.0,"enemies":"Spire Growth","floor":39.0,"turns":1.0},{"damage":0.0,"enemies":"Mind Bloom Boss Battle","floor":41.0,"turns":2.0},{"damage":0.0,"enemies":"Nemesis","floor":42.0,"turns":1.0},{"damage":0.0,"enemies":"Giant Head","floor":44.0,"turns":3.0},{"damage":8.0,"enemies":"Reptomancer","floor":47.0,"turns":3.0},{"damage":1.0,"enemies":"Awakened One","floor":50.0,"turns":3.0},{"damage":14.0,"enemies":"Donu and Deca","floor":51.0,"turns":3.0},{"damage":0.0,"enemies":"Shield and Spear","floor":55.0,"turns":1.0},{"damage":61,"enemies":"The Heart","floor":56,"turns":4}],"seed_played":"-980127142189170349","potions_obtained":[{"floor":1.0,"key":"ColorlessPotion"},{"floor":2.0,"key":"BottledMiracle"},{"floor":10.0,"key":"PowerPotion"},{"floor":18.0,"key":"BottledMiracle"},{"floor":31.0,"key":"EntropicBrew"}],"is_trial":false,"path_per_floor":["M","M","?","$","M","R","E","M","T","E","M","T","?","E","R","B",null,"M","M","$","M","M","R","E","R","T","R","$","R","?","E","R","B",null,"M","M","?","M","M","R","?","E","T","E","?","?","E","$","R","B","B",null,"R","$","E","B",null],"character_chosen":"WATCHER","items_purchased":["SashWhip","Centennial Puzzle","SandsOfTime","Worship","Anchor","LikeWater+1"],"campfire_rested":2,"item_purchase_floors":[4,20,28,28,48,48],"current_hp_per_floor":[57,57,57,57,57,57,57,52,52,30,19,19,19,19,19,9,53,16,13,13,13,13,33,33,33,33,53,53,53,47,49,49,51,64,66,68,65,65,65,65,79,79,79,79,79,69,63,63,63,64,52,72,72,72,74,15],"gold":123,"neow_bonus":"BOSS_RELIC","is_daily":false,"chose_seed":false,"campfire_upgraded":7,"win_rate":0.0,"timestamp":1613112477,"path_taken":["M","M","?","$","M","R","E","M","T","E","M","?","?","E","R","BOSS","M","M","$","?","?","R","E","R","T","R","$","R","?","E","R","BOSS","M","M","?","M","M","R","?","E","T","E","?","?","E","$","R","BOSS","BOSS","R","$","E","BOSS"],"items_purchased_type":["Card","Relic","Card","Card","Relic","Card"],"build_version":"2020-12-18","purchased_purges":1,"victory":true,"max_hp_per_floor":[68,68,68,68,68,68,68,68,68,68,68,68,68,68,68,68,68,68,68,68,68,68,68,68,68,68,68,68,68,68,68,68,68,68,68,68,65,65,65,65,79,79,79,79,79,79,79,79,79,79,79,79,79,79,79,79],"relic_stats":{"Darkstone Periapt":0,"Gremlin Horn":[0,0],"counters":[28,74],"Astrolabe":["Fasting2","Weave","Omniscience"],"Orichalcum":[36],"Boot":[0],"Blood Vial":18,"Dream Catcher":2,"Centennial Puzzle":[12],"Shuriken":[13],"Ornamental Fan":[8],"Snecko Eye":[151,126,138,141],"Prayer Wheel":0,"obtain_stats":[{"Darkstone Periapt":14,"Gremlin Horn":55,"Astrolabe":17,"Mango":41,"Omamori":7,"Frozen Egg 2":10,"Orichalcum":31,"Boot":44,"Blood Vial":24,"Dream Catcher":9,"Centennial Puzzle":20,"Anchor":48,"Matryoshka":26,"Shuriken":12,"Ornamental Fan":43,"Snecko Eye":0,"Prayer Wheel":42,"Coffee Dripper":34,"Bottled Lightning":47,"PureWater":0},{"Darkstone Periapt":8,"Gremlin Horn":27,"Astrolabe":9,"Mango":21,"Omamori":4,"Frozen Egg 2":6,"Orichalcum":15,"Boot":23,"Blood Vial":14,"Dream Catcher":5,"Centennial Puzzle":11,"Anchor":24,"Matryoshka":14,"Shuriken":7,"Ornamental Fan":22,"Snecko Eye":0,"Prayer Wheel":22,"Coffee Dripper":16,"Bottled Lightning":24,"PureWater":0},{"Darkstone Periapt":24,"Gremlin Horn":70,"Astrolabe":29,"Mango":56,"Omamori":11,"Frozen Egg 2":17,"Orichalcum":44,"Boot":60,"Blood Vial":43,"Dream Catcher":14,"Centennial Puzzle":36,"Anchor":63,"Matryoshka":43,"Shuriken":20,"Ornamental Fan":57,"Snecko Eye":0,"Prayer Wheel":57,"Coffee Dripper":47,"Bottled Lightning":63,"PureWater":0}]},"card_choices":[{"not_picked":["MentalFortress","EmptyBody","ClearTheMind"],"picked":"SKIP","floor":1.0},{"not_picked":["Evaluate","Protect"],"picked":"Worship","floor":2.0},{"not_picked":["ForeignInfluence","WaveOfTheHand"],"picked":"CrushJoints","floor":5.0},{"not_picked":["Indignation","Prostrate","ThirdEye"],"picked":"SKIP","floor":7.0},{"not_picked":["Evaluate","CrushJoints"],"picked":"Omniscience","floor":8.0},{"not_picked":["FollowUp","Halt"],"picked":"Conclude","floor":10.0},{"not_picked":["CrushJoints","EmptyFist","FlyingSleeves"],"picked":"SKIP","floor":11.0},{"not_picked":["PathToVictory","CrushJoints","ReachHeaven"],"picked":"SKIP","floor":14.0},{"not_picked":["Blasphemy","Judgement"],"picked":"DevaForm+1","floor":16.0},{"not_picked":["Evaluate+1","EmptyMind+1"],"picked":"Wallop","floor":18.0},{"not_picked":["ClearTheMind","ForeignInfluence"],"picked":"Worship+1","floor":19.0},{"not_picked":["WaveOfTheHand","ReachHeaven+1","Evaluate"],"picked":"SKIP","floor":21.0},{"not_picked":["Indignation+1","EmptyBody","FollowUp"],"picked":"SKIP","floor":22.0},{"not_picked":["ThirdEye","FlyingSleeves"],"picked":"Sanctity","floor":23.0},{"not_picked":["CutThroughFate","EmptyFist"],"picked":"Omniscience","floor":24.0},{"not_picked":["Judgement","Collect","EmptyBody"],"picked":"SKIP","floor":31.0},{"not_picked":["Wish","MasterReality+1"],"picked":"Alpha","floor":33.0},{"not_picked":["FlurryOfBlows","CarveReality+1"],"picked":"Sanctity","floor":35.0},{"not_picked":["EmptyFist","Adaptation+1","FlyingSleeves"],"picked":"SKIP","floor":36.0},{"not_picked":["FollowUp+1","Consecrate+1"],"picked":"DeceiveReality","floor":38.0},{"not_picked":["FlurryOfBlows","Weave","LikeWater+1"],"picked":"SKIP","floor":39.0},{"not_picked":["Consecrate","FlyingSleeves"],"picked":"WheelKick","floor":41.0},{"not_picked":["Collect","EmptyMind"],"picked":"Omniscience","floor":42.0},{"not_picked":["Indignation+1","ConjureBlade","Prostrate"],"picked":"SKIP","floor":44.0},{"not_picked":["Finesse","Enlightenment"],"picked":"PanicButton","floor":46.0},{"not_picked":["Vengeance","WheelKick","Meditate"],"picked":"SKIP","floor":47.0},{"not_picked":["Indignation","WindmillStrike","ClearTheMind"],"picked":"SKIP","floor":55.0}],"player_experience":1323850,"relics_obtained":[{"floor":7.0,"key":"Omamori"},{"floor":9.0,"key":"Dream Catcher"},{"floor":10.0,"key":"Frozen Egg 2"},{"floor":12.0,"key":"Shuriken"},{"floor":14.0,"key":"Darkstone Periapt"},{"floor":24.0,"key":"Blood Vial"},{"floor":26.0,"key":"Matryoshka"},{"floor":31.0,"key":"Orichalcum"},{"floor":41.0,"key":"Mango"},{"floor":42.0,"key":"Prayer Wheel"},{"floor":43.0,"key":"Ornamental Fan"},{"floor":44.0,"key":"Boot"},{"floor":47.0,"key":"Bottled Lightning"},{"floor":55.0,"key":"Gremlin Horn"}],"event_choices":[{"damage_healed":0.0,"max_hp_gain":0.0,"max_hp_loss":0.0,"gold_gain":0.0,"cards_transformed":["Defend_P"],"event_name":"Living Wall","player_choice":"Change","floor":3.0,"gold_loss":0.0,"damage_taken":0.0,"cards_obtained":["EmptyMind"]},{"damage_healed":0.0,"max_hp_gain":0.0,"max_hp_loss":0.0,"gold_gain":0.0,"cards_transformed":["Strike_P"],"event_name":"Transmorgrifier","player_choice":"Transformed","floor":13.0,"gold_loss":0.0,"damage_taken":0.0,"cards_obtained":["Fasting2"]},{"damage_healed":0.0,"max_hp_gain":0.0,"max_hp_loss":0.0,"gold_gain":0.0,"event_name":"Nest","player_choice":"Joined the Cult","floor":30.0,"gold_loss":0.0,"damage_taken":6.0,"cards_obtained":["RitualDagger"]},{"damage_healed":0.0,"max_hp_gain":0.0,"max_hp_loss":3.0,"gold_gain":0.0,"event_name":"Winding Halls","player_choice":"Max HP","floor":37.0,"gold_loss":0.0,"damage_taken":0.0},{"damage_healed":0.0,"max_hp_gain":0.0,"max_hp_loss":0.0,"gold_gain":0.0,"event_name":"MindBloom","player_choice":"Fight","floor":41.0,"gold_loss":0.0,"damage_taken":0.0},{"cards_removed":["Strike_P"],"damage_healed":0.0,"max_hp_gain":0.0,"max_hp_loss":0.0,"gold_gain":0.0,"event_name":"Falling","player_choice":"Removed Attack","floor":45.0,"gold_loss":0.0,"damage_taken":0.0},{"damage_healed":0.0,"max_hp_gain":0.0,"max_hp_loss":0.0,"gold_gain":0.0,"event_name":"SensoryStone","player_choice":"Memory 3","floor":46.0,"gold_loss":0.0,"damage_taken":10.0}],"is_beta":true,"boss_relics":[{"not_picked":["Runic Pyramid","Cursed Key"],"picked":"Astrolabe"},{"not_picked":["Tiny House","SlaversCollar"],"picked":"Coffee Dripper"}],"items_purged_floors":[4],"is_endless":false,"potions_floor_spawned":[1,2,10,18,22,31,38,39],"ascension_level":20}}