{"host":"alk2ftu785mujiir","time":1613159082,"event":{"mods":["BaseMod","Bossed Relics","Colored Map","Downfall","Minty Spire (QoL Compilation)","StSLib"],"gold_per_floor":[99,118,138,151,166,196,196,206,206,356,371,371,371,390,405,502,502,502,517,533,548,86,112,112,112,62,62,62,62,162,187,201,302,302,302,318,329,342,342,342,393,418,435,8,8,9,9,26,46,46],"floor_reached":51,"language":"ENG","playtime":2639,"items_purged":["Doubt","sneckomod:Strike"],"score":846,"play_id":"f74f318c-fc62-4200-951a-79d22f7e0bac","local_time":"20210212144442","is_ascension_mode":false,"campfire_choices":[{"data":"sneckomod:TailWhip","floor":1.0,"key":"SMITH"},{"data":"sneckomod:IronFang","floor":9.0,"key":"SMITH"},{"data":"sneckomod:UnknownUncommonAttack","floor":13.0,"key":"SMITH"},{"data":"sneckomod:UnknownRareAttack","floor":18.0,"key":"SMITH"},{"data":"sneckomod:DiceBoulder+1","floor":27,"key":"SMITH"},{"data":"sneckomod:DiceBoulder+2","floor":29,"key":"SMITH"},{"data":"sneckomod:UnknownBlock","floor":35,"key":"SMITH"},{"data":"sneckomod:DiceBoulder+3","floor":40,"key":"SMITH"},{"data":"sneckomod:DiceBoulder+4","floor":47,"key":"SMITH"}],"circlet_count":0,"master_deck":["sneckomod:Strike","sneckomod:Strike","sneckomod:Defend","sneckomod:Defend","sneckomod:Defend","sneckomod:TailWhip+1","sneckomod:SnekBite","sneckomod:Unknown","sneckomod:Unknown","sneckomod:RainOfDice","sneckomod:IronFang+1","sneckomod:UnknownUncommonSkill","sneckomod:UnknownBlock","sneckomod:UnknownExhaust","sneckomod:UnknownUncommonAttack+1","sneckomod:UnknownClassRED","sneckomod:CheapStock","sneckomod:UnknownDexterity","sneckomod:UnknownRareAttack+1","sneckomod:DiceCrush","sneckomod:UnknownUncommonPower","sneckomod:UnknownBlock+1","sneckomod:DiceBoulder+5","expansioncontent:YouAreMine+1","sneckomod:UnknownWeak+1","sneckomod:Restock+1","sneckomod:UnknownColorless+1","sneckomod:UnknownBoss+1","sneckomod:DefensiveFlair+1","sneckomod:UnknownBlock+1","sneckomod:UnknownRareAttack","sneckomod:UnknownDexterity+1","sneckomod:UnknownRareAttack","sneckomod:UnknownBoss+1","bronze:Library+1","sneckomod:UnknownUncommonSkill+1","sneckomod:Unknown0Cost+1","Parasite"],"relics":["sneckomod:SneckoSoul","Pear","Torii","Incense Burner","Pandora\u0027s Box","Toxic Egg 2","Kunai","The Courier","Boot","expansioncontent:StudyCardRelic","Bag of Preparation","Potion Belt","bronze:DonusWashers","sneckomod:ConfusingCodex"],"acts_visited":["Exordium","TheCity","TheBeyond"],"potions_floor_usage":[23,42,43,49,50,50,50,50,50,50,50,50],"damage_taken":[{"damage":4.0,"enemies":"Cultist","floor":2.0,"turns":3.0},{"damage":6.0,"enemies":"Jaw Worm","floor":3.0,"turns":2.0},{"damage":4.0,"enemies":"Small Slimes","floor":4.0,"turns":3.0},{"damage":13.0,"enemies":"3 Louse","floor":5.0,"turns":3.0},{"damage":18.0,"enemies":"Lagavulin","floor":6.0,"turns":9.0},{"damage":1.0,"enemies":"Large Slime","floor":8.0,"turns":5.0},{"damage":2.0,"enemies":"Gremlin Gang","floor":11.0,"turns":7.0},{"damage":1.0,"enemies":"3 Louse","floor":14.0,"turns":3.0},{"damage":0.0,"enemies":"2 Fungi Beasts","floor":15.0,"turns":3.0},{"damage":26.0,"enemies":"SI_SHIV_ARCHETYPE","floor":16.0,"turns":12.0},{"damage":13.0,"enemies":"Chosen","floor":19.0,"turns":5.0},{"damage":12.0,"enemies":"3 Byrds","floor":20.0,"turns":6.0},{"damage":29.0,"enemies":"Centurion and Healer","floor":21.0,"turns":5.0},{"damage":0,"enemies":"downfall:FleeingMerchant","floor":22,"turns":4},{"damage":28,"enemies":"Slavers","floor":23,"turns":5},{"damage":28,"enemies":"Gremlin Leader","floor":31,"turns":7},{"damage":8,"enemies":"3 Cultists","floor":32,"turns":6},{"damage":4,"enemies":"WA_ARCHETYPE_CALM","floor":33,"turns":7},{"damage":9,"enemies":"3 Darklings","floor":36,"turns":4},{"damage":11,"enemies":"3 Shapes","floor":37,"turns":6},{"damage":7,"enemies":"3 Darklings","floor":38,"turns":6},{"damage":0,"enemies":"Reptomancer","floor":42,"turns":2},{"damage":2,"enemies":"Transient","floor":43,"turns":5},{"damage":0,"enemies":"downfall:FleeingMerchant","floor":44,"turns":4},{"damage":3,"enemies":"downfall:FleeingMerchant","floor":46,"turns":4},{"damage":0,"enemies":"Spire Growth","floor":48,"turns":4},{"damage":11,"enemies":"Writhing Mass","floor":49,"turns":6},{"damage":76,"enemies":"DF_ARCHETYPE_ORBS","floor":50,"turns":10}],"seed_played":"-2009792640179258890","potions_obtained":[{"floor":5.0,"key":"ColorlessPotion"},{"floor":11.0,"key":"Energy Potion"},{"floor":14.0,"key":"sneckomod:MuddlingPotion"},{"floor":16.0,"key":"sneckomod:DiceRollPotion"},{"floor":19.0,"key":"sneckomod:CheatPotion"},{"floor":21.0,"key":"sneckomod:CheatPotion"},{"floor":33,"key":"DuplicationPotion"},{"floor":42,"key":"AttackPotion"},{"floor":43,"key":"Ancient Potion"},{"floor":48,"key":"EntropicBrew"},{"floor":49,"key":"Ancient Potion"}],"is_trial":false,"path_per_floor":["R","M","M","M","M","E","T","M","R","?","M","?","R","M","M","B",null,"R","M","M","M","$","E","T","?","?","R","?","R","?","E","M","B",null,"R","M","M","M","?","R","T","E","M","$","R","$","R","M","M","B",null],"character_chosen":"THE_SNECKO","items_purchased":["Toxic Egg 2","expansioncontent:YouAreMine+1","sneckomod:UnknownWeak+1","sneckomod:UnknownRareAttack","sneckomod:UnknownBoss+1","bronze:DonusWashers","PowerPotion","sneckomod:ConfusingCodex","Block Potion"],"campfire_rested":0,"item_purchase_floors":[22,22,22,44,44,44,44,46,46],"current_hp_per_floor":[108,104,98,94,81,73,73,72,72,72,70,63,63,62,62,36,118,118,105,93,64,71,52,52,52,92,92,92,92,92,64,56,56,122,122,113,102,95,95,95,95,95,93,100,100,97,97,97,86,10],"gold":46,"neow_bonus":"TWENTY_PERCENT_HP_BONUS","is_daily":false,"chose_seed":false,"campfire_upgraded":9,"win_rate":0.0,"timestamp":1613159082,"path_taken":["R","?","M","M","M","E","T","M","R","?","M","?","R","M","M","BOSS","R","M","M","M","$","E","T","?","?","R","?","R","?","E","M","BOSS","R","M","?","M","?","R","T","E","M","$","R","$","R","M","M","BOSS"],"items_purchased_type":["Relic","Card","Card","Card","Card","Relic","Potion","Relic","Potion"],"build_version":"2020-12-22","purchased_purges":2,"victory":true,"max_hp_per_floor":[108,108,108,108,108,118,118,118,118,118,118,118,118,118,118,118,118,118,118,118,118,118,118,118,118,118,118,118,118,118,118,118,122,122,122,122,122,122,122,122,122,122,122,122,122,122,122,122,122,122],"card_choices":[{"not_picked":["sneckomod:DiceCrush","sneckomod:QuickMove"],"picked":"sneckomod:RainOfDice","floor":2.0},{"not_picked":["sneckomod:UnknownX","sneckomod:UnknownCommonAttack"],"picked":"sneckomod:IronFang","floor":3.0},{"not_picked":["sneckomod:DiceBlock","sneckomod:UnknownCommonSkill"],"picked":"sneckomod:UnknownUncommonSkill","floor":4.0},{"not_picked":["sneckomod:QuickMove","sneckomod:UnknownClassTHE_BRONZE_AUTOMATON"],"picked":"sneckomod:UnknownBlock","floor":5.0},{"not_picked":["sneckomod:Nope","sneckomod:UnknownClassTHE_BRONZE_AUTOMATON"],"picked":"sneckomod:UnknownExhaust","floor":6.0},{"not_picked":["sneckomod:SnakeSap","sneckomod:QuickBite"],"picked":"sneckomod:UnknownUncommonAttack","floor":8.0},{"not_picked":["sneckomod:Rotation","sneckomod:SoulDraw"],"picked":"sneckomod:UnknownClassRED","floor":11.0},{"not_picked":["sneckomod:Unknown2Cost","sneckomod:TrashToTreasure"],"picked":"sneckomod:CheapStock","floor":14.0},{"not_picked":["sneckomod:Nope","sneckomod:IronFang"],"picked":"sneckomod:UnknownDexterity","floor":15.0},{"not_picked":["sneckomod:UnknownRareSkill","sneckomod:UnknownRarePower"],"picked":"sneckomod:UnknownRareAttack","floor":16.0},{"not_picked":["sneckomod:UnknownClassRED","sneckomod:Unknown0Cost"],"picked":"sneckomod:DiceCrush","floor":19.0},{"not_picked":["sneckomod:UnknownClassBLUE","sneckomod:TrashToTreasure"],"picked":"sneckomod:UnknownUncommonPower","floor":20.0},{"not_picked":["sneckomod:UnknownClassTHE_BRONZE_AUTOMATON","sneckomod:UnendingSupply"],"picked":"sneckomod:UnknownBlock","floor":21.0},{"not_picked":["sneckomod:ImprovisedAttack","sneckomod:UnknownBlock"],"picked":"sneckomod:DiceBoulder+1","floor":22},{"not_picked":["sneckomod:UnknownCommonAttack","sneckomod:UnknownStrike+1"],"picked":"sneckomod:Restock+1","floor":23},{"not_picked":["sneckomod:QuickBite+1","sneckomod:WideSting"],"picked":"sneckomod:UnknownColorless+1","floor":31},{"not_picked":["sneckomod:SoulRoll+1","sneckomod:RainOfDice"],"picked":"sneckomod:UnknownClassTHE_BRONZE_AUTOMATON+1","floor":32},{"not_picked":["sneckomod:GlitteringGambit+1","sneckomod:UnknownRarePower"],"picked":"sneckomod:UnknownBoss+1","floor":33},{"not_picked":["sneckomod:Nope+1","sneckomod:SoulCleanse+1"],"picked":"sneckomod:DefensiveFlair+1","floor":36},{"not_picked":["sneckomod:SoulRoll+1","sneckomod:Unknown1Cost+1"],"picked":"sneckomod:UnknownBlock+1","floor":37},{"not_picked":["sneckomod:Nope+1","sneckomod:UnlimitedRolls","sneckomod:SlitherStrike"],"picked":"SKIP","floor":38},{"not_picked":["sneckomod:UnknownDraw+1","sneckomod:UnknownStrength+1"],"picked":"sneckomod:UnknownRareAttack","floor":42},{"not_picked":["sneckomod:UnknownBlock+1","sneckomod:RainOfDice+1"],"picked":"sneckomod:UnknownDexterity+1","floor":43},{"not_picked":["sneckomod:UnknownClassRED+1","sneckomod:IronFang+1","sneckomod:SoulRoll+1"],"picked":"SKIP","floor":44},{"not_picked":["sneckomod:DiceCrush","sneckomod:Mudshield"],"picked":"sneckomod:UnknownUncommonSkill+1","floor":46},{"not_picked":["sneckomod:Rotation+1","sneckomod:UnknownCommonAttack+1"],"picked":"sneckomod:Unknown0Cost+1","floor":48},{"not_picked":["sneckomod:DiceCrush+1","sneckomod:QuickMove+1","sneckomod:UnknownWeak+1"],"picked":"SKIP","floor":49}],"player_experience":1831061,"relics_obtained":[{"floor":6.0,"key":"Pear"},{"floor":7.0,"key":"Torii"},{"floor":23,"key":"Kunai"},{"floor":24,"key":"The Courier"},{"floor":31,"key":"Boot"},{"floor":41,"key":"Bag of Preparation"},{"floor":42,"key":"Potion Belt"}],"event_choices":[{"damage_healed":0.0,"max_hp_gain":0.0,"max_hp_loss":0.0,"gold_gain":0.0,"event_name":"Scrap Ooze","player_choice":"Success","floor":12.0,"gold_loss":0.0,"damage_taken":7.0,"relics_obtained":["Incense Burner"]}],"is_beta":false,"boss_relics":[{"not_picked":["Runic Pyramid","Velvet Choker"],"picked":"Pandora\u0027s Box"},{"not_picked":["Black Star","SacredBark"],"picked":"expansioncontent:StudyCardRelic"}],"items_purged_floors":[22,46],"is_endless":false,"potions_floor_spawned":[5,11,14,16,19,21,33,42,43,48,49],"ascension_level":0}}