{"host":"5dk97cf2ubw2v967","time":1613148230,"event":{"mods":["AlwaysNeverKeys","BaseMod","Better Altar","Better Vampires","Block Reminder","Card Filter","Colored Powertips","Downfall","Googly Eyes","Highlight Path","Minty Spire (QoL Compilation)","Permanent Neow","Potion Indicator Mod","Quick Restart","Relic Filter","Relic Stats","Say the Spire","Spicy Shops","StSLib","Waifu the Spire","everything is the same but u backflip on backflip"],"gold_per_floor":[112,37,49,61,61,61,90,90,90,103,134,146,165,181,181,254,254,269,284,300,300,300,334,334,334,334],"floor_reached":25,"language":"ENG","playtime":892,"items_purged":["Strike_R"],"score":470,"play_id":"b68a0c25-f3c3-4f71-b6cb-3b94c836d6eb","local_time":"20210212164350","is_ascension_mode":true,"campfire_choices":[{"floor":6.0,"key":"REST"},{"data":"Mayhem","floor":8.0,"key":"SMITH"},{"data":"Armaments","floor":15.0,"key":"SMITH"},{"floor":24,"key":"REST"}],"circlet_count":0,"master_deck":["AscendersBane","Defend_R","Defend_R","Defend_R","Defend_R","Bash+1","Mayhem+1","Clothesline","Juggernaut","Bloodletting","Ghostly Armor","Armaments+1","Seeing Red","Bludgeon","Iron Wave","Bite","Bite","Bite+1","Impervious"],"relics":["Burning Blood","Red Skull","Kunai","Nunchaku","Fusion Hammer","Whetstone"],"acts_visited":["Exordium","TheCity"],"potions_floor_usage":[23,23],"damage_taken":[{"damage":21.0,"enemies":"Jaw Worm","floor":1.0,"turns":5.0},{"damage":3.0,"enemies":"2 Louse","floor":3.0,"turns":4.0},{"damage":12.0,"enemies":"Small Slimes","floor":4.0,"turns":4.0},{"damage":14.0,"enemies":"Lagavulin","floor":7.0,"turns":6.0},{"damage":3.0,"enemies":"Exordium Wildlife","floor":10.0,"turns":4.0},{"damage":5.0,"enemies":"Gremlin Nob","floor":11.0,"turns":3.0},{"damage":12.0,"enemies":"Looter","floor":12.0,"turns":4.0},{"damage":9.0,"enemies":"3 Louse","floor":13.0,"turns":4.0},{"damage":17.0,"enemies":"Exordium Thugs","floor":14.0,"turns":5.0},{"damage":22.0,"enemies":"The Guardian","floor":16.0,"turns":9.0},{"damage":26.0,"enemies":"Shell Parasite","floor":18.0,"turns":4.0},{"damage":13.0,"enemies":"Spheric Guardian","floor":19.0,"turns":4.0},{"damage":29.0,"enemies":"Snecko","floor":20.0,"turns":5.0},{"damage":47,"enemies":"Gremlin Leader","floor":23,"turns":7},{"damage":38,"enemies":"Book of Stabbing","floor":25,"turns":5}],"seed_played":"6090520548801353687","potions_obtained":[{"floor":1.0,"key":"Block Potion"},{"floor":3.0,"key":"Guardian:BlockOnCardUsePotion"},{"floor":7.0,"key":"SneckoOil"},{"floor":10.0,"key":"AttackPotion"},{"floor":11.0,"key":"Dexterity Potion"},{"floor":16.0,"key":"Regen Potion"},{"floor":18.0,"key":"Fruit Juice"},{"floor":23,"key":"SteroidPotion"}],"is_trial":false,"path_per_floor":["M","$","M","M","?","R","E","R","T","M","E","M","M","M","R","B",null,"M","M","M","?","?","E","R","E"],"character_chosen":"IRONCLAD","items_purchased":[],"campfire_rested":2,"item_purchase_floors":[],"current_hp_per_floor":[35,35,38,32,25,47,39,39,39,42,43,37,34,23,23,7,58,38,31,8,23,23,21,40,7,7],"gold":334,"neow_bonus":"RANDOM_COLORLESS_2","is_daily":false,"chose_seed":false,"campfire_upgraded":2,"win_rate":0.0,"timestamp":1613148230,"path_taken":["M","$","M","M","?","R","E","R","T","M","E","M","M","M","R","BOSS","M","M","M","?","?","E","R","E"],"items_purchased_type":[],"build_version":"2020-12-22","purchased_purges":1,"victory":false,"max_hp_per_floor":[75,75,75,75,75,75,75,75,75,75,75,75,75,75,75,75,75,75,75,75,75,61,66,66,66,66],"relic_stats":{"Nunchaku":[6],"counters":[15,73],"Kunai":[8],"Whetstone":["Bash","Bite"],"obtain_stats":[{"Nunchaku":11,"Fusion Hammer":17,"Kunai":9,"Whetstone":23,"Burning Blood":0,"Red Skull":7},{"Nunchaku":6,"Fusion Hammer":10,"Kunai":4,"Whetstone":14,"Burning Blood":0,"Red Skull":4},{"Nunchaku":26,"Fusion Hammer":48,"Kunai":19,"Whetstone":68,"Burning Blood":0,"Red Skull":19}],"Burning Blood":84},"card_choices":[{"not_picked":["Magnetism","The Bomb"],"picked":"Mayhem","floor":0.0},{"not_picked":["Pommel Strike","Warcry"],"picked":"Clothesline","floor":1.0},{"not_picked":["Cleave","Anger"],"picked":"Juggernaut","floor":3.0},{"not_picked":["Shrug It Off","Cleave"],"picked":"Bloodletting","floor":4.0},{"not_picked":["Anger","Evolve","Headbutt"],"picked":"SKIP","floor":7.0},{"not_picked":["Dropkick","Evolve"],"picked":"Ghostly Armor","floor":10.0},{"not_picked":["Sword Boomerang","Cleave","Pommel Strike"],"picked":"SKIP","floor":11.0},{"not_picked":["Clash","Flex","Anger"],"picked":"SKIP","floor":12.0},{"not_picked":["Body Slam","Sword Boomerang"],"picked":"Armaments","floor":13.0},{"not_picked":["Headbutt","Pommel Strike"],"picked":"Seeing Red","floor":14.0},{"not_picked":["Corruption","Immolate"],"picked":"Bludgeon","floor":16.0},{"not_picked":["Twin Strike","Rampage","Sword Boomerang"],"picked":"SKIP","floor":18.0},{"not_picked":["Iron Wave","Anger","Thunderclap"],"picked":"SKIP","floor":19.0},{"not_picked":["Anger","Thunderclap"],"picked":"Iron Wave","floor":19.0},{"not_picked":["Wild Strike","Havoc","Bloodletting"],"picked":"SKIP","floor":20.0},{"not_picked":["Sword Boomerang","Exhume"],"picked":"Impervious","floor":23}],"player_experience":1311977,"relics_obtained":[{"floor":7.0,"key":"Red Skull"},{"floor":9.0,"key":"Kunai"},{"floor":11.0,"key":"Nunchaku"},{"floor":23,"key":"Whetstone"}],"event_choices":[{"cards_removed":["Strike_R"],"damage_healed":0.0,"max_hp_gain":0.0,"max_hp_loss":0.0,"gold_gain":0.0,"event_name":"Golden Wing","player_choice":"Card Removal","floor":5.0,"gold_loss":0.0,"damage_taken":7.0},{"damage_healed":15.0,"max_hp_gain":0.0,"max_hp_loss":0.0,"gold_gain":0.0,"event_name":"The Library","player_choice":"Heal","floor":21.0,"gold_loss":0.0,"damage_taken":0.0},{"damage_healed":0.0,"max_hp_gain":0.0,"max_hp_loss":14.0,"gold_gain":0.0,"event_name":"Vampires","player_choice":"Became a vampire","floor":22.0,"gold_loss":0.0,"damage_taken":0.0,"cards_obtained":["Bite","Bite","Bite"]}],"is_beta":false,"boss_relics":[{"not_picked":["SacredBark","Sozu"],"picked":"Fusion Hammer"}],"items_purged_floors":[2],"is_endless":false,"potions_floor_spawned":[1,3,7,10,11,16,18,23],"killed_by":"Book of Stabbing","ascension_level":20}}