{"host":"zxkjcgzis4pm3za5","time":1613102657,"event":{"mods":["AchievementEnabler","BaseMod","Colored Map","Colored Powertips","Downfall","Minty Spire (QoL Compilation)","Quick Restart","Random Character Button","Relic Sorter","Relic Stats","StSLib"],"gold_per_floor":[349,365,377,477,113,213,213,213,228,228,228,248,57,67,80,179,179,179,189,189,203,203,228,228,138,152,182,182,196,196,212,230,331,331,331,377,389,172,192,205,205,205,221,571,600,600,600,626,636,636],"floor_reached":51,"language":"ENG","playtime":3184,"items_purged":["Slimebound:Strike_Slimebound","Slimebound:Strike_Slimebound"],"score":814,"play_id":"2ffd083f-628b-450b-8c03-7198692265b1","local_time":"20210212093417","is_ascension_mode":false,"campfire_choices":[{"data":"Slimebound:Split","floor":1,"key":"SMITH"},{"data":"Slimebound:LevelUp","floor":8,"key":"SMITH"},{"data":"Slimebound:Prepare","floor":10,"key":"SMITH"},{"data":"Slimebound:FirmFortitude","floor":18,"key":"SMITH"},{"floor":28,"key":"REST"},{"data":"Slimebound:SelfFormingGoo","floor":30,"key":"SMITH"},{"floor":35,"key":"RECALL"},{"floor":42,"key":"REST"},{"floor":47,"key":"REST"}],"circlet_count":0,"master_deck":["Slimebound:Tackle","Slimebound:Defend_Slimebound","Slimebound:Defend_Slimebound","Slimebound:Defend_Slimebound","Slimebound:Split+1","Slimebound:CorrosiveSpit","Slimebound:PressTheAttack","Slimebound:SplitAcid","Slimebound:GoopSpray","Slimebound:LevelUp+1","Slimebound:Prepare+1","Slimebound:RainOfGoop","Slimebound:RejuvenatingLick","Slimebound:Schlurp","Slimebound:LeechingTouch","Slimebound:LeechEnergy","Slimebound:FirmFortitude+1","Slimebound:SplitBruiser","Slimebound:RollThrough+1","Slimebound:Repurpose","Slimebound:SlimeSpikes+1","Slimebound:Replication+1","Slimebound:Gluttony","Slimebound:SelfFormingGoo+1","Slimebound:SplitLeeching","Slimebound:SplitBruiser","Slimebound:SlimeSlap","Slimebound:SlimeTap+1","Slimebound:GrowthPunch+1","Slimebound:ItLooksTasty+1","Slimebound:LeechingTouch+1","Slimebound:LivingWall+1","Slimebound:SplitLeeching","Slimebound:ProtectTheBoss+1","Slimebound:Darklings","Slimebound:PrepareCrush","Slimebound:SplitBruiser+1"],"relics":["Slimebound:AbsorbEndCombat","Pocketwatch","Slimebound:AggressiveSlimeRelic","Sozu","Eternal Feather","Nunchaku","PreservedInsect","Fusion Hammer","FossilizedHelix","Ginger","Anchor","Darkstone Periapt","Old Coin","MealTicket","HornCleat"],"acts_visited":["Exordium","TheCity","TheBeyond"],"potions_floor_usage":[],"damage_taken":[{"damage":0,"enemies":"Small Slimes","floor":2,"turns":3},{"damage":4,"enemies":"2 Louse","floor":3,"turns":2},{"damage":3,"enemies":"downfall:FleeingMerchant","floor":5,"turns":4},{"damage":11,"enemies":"downfall:Heads","floor":6,"turns":6},{"damage":1,"enemies":"Jaw Worm","floor":9,"turns":3},{"damage":0,"enemies":"Large Slime","floor":12,"turns":4},{"damage":13,"enemies":"downfall:FleeingMerchant","floor":13,"turns":4},{"damage":2,"enemies":"Exordium Wildlife","floor":14,"turns":2},{"damage":7,"enemies":"Blue Slaver","floor":15,"turns":3},{"damage":14,"enemies":"SI_SHIV_ARCHETYPE","floor":16,"turns":5},{"damage":0,"enemies":"Spheric Guardian","floor":19,"turns":3},{"damage":8,"enemies":"Shell Parasite","floor":21,"turns":3},{"damage":32,"enemies":"Book of Stabbing","floor":23,"turns":5},{"damage":0,"enemies":"downfall:FleeingMerchant","floor":25,"turns":4},{"damage":29,"enemies":"Snake Plant","floor":26,"turns":3},{"damage":33,"enemies":"Slavers","floor":27,"turns":4},{"damage":14,"enemies":"Shelled Parasite and Fungi","floor":29,"turns":5},{"damage":18,"enemies":"Centurion and Healer","floor":31,"turns":4},{"damage":1,"enemies":"Cultist and Chosen","floor":32,"turns":4},{"damage":28,"enemies":"WA_ARCHETYPE_CALM","floor":33,"turns":9},{"damage":48,"enemies":"2 Orb Walkers","floor":36,"turns":5},{"damage":1,"enemies":"Orb Walker","floor":37,"turns":3},{"damage":20,"enemies":"downfall:FleeingMerchant","floor":38,"turns":3},{"damage":16,"enemies":"3 Darklings","floor":39,"turns":4},{"damage":0,"enemies":"Sphere and 2 Shapes","floor":40,"turns":4},{"damage":9,"enemies":"Spire Growth","floor":43,"turns":5},{"damage":0,"enemies":"Spire Growth","floor":44,"turns":4},{"damage":16,"enemies":"Giant Head","floor":45,"turns":8},{"damage":70,"enemies":"Reptomancer","floor":48,"turns":6},{"damage":0,"enemies":"4 Shapes","floor":49,"turns":3},{"damage":25,"enemies":"IC_BLOCK_ARCHETYPE","floor":50,"turns":9}],"seed_played":"1785202933090822455","potions_obtained":[{"floor":6,"key":"Slimebound:SlimyTonguePotion"},{"floor":9,"key":"Regen Potion"},{"floor":12,"key":"Strength Potion"},{"floor":14,"key":"bronze:BurnAndBuffPotion"}],"is_trial":false,"path_per_floor":["R","M","M","?","$","?","T","R","M","R","?","M","$","M","M","B",null,"R","M","?","M","?","E","T","$","M","E","R","M","R","M","M","B",null,"R","?","M","$","M","M","T","R","M","?","E","?","R","E","M","B",null],"character_chosen":"SLIMEBOUND","items_purchased":["Slimebound:LevelUp","Pocketwatch","Slimebound:LeechingTouch","Slimebound:AggressiveSlimeRelic","Ginger","Anchor"],"campfire_rested":3,"item_purchase_floors":[5,5,13,13,38,38],"current_hp_per_floor":[47,53,51,51,52,49,49,49,56,56,56,66,59,71,72,70,93,93,93,75,77,77,53,53,57,30,9,55,47,62,58,65,45,114,114,70,73,53,45,55,55,108,105,113,102,102,118,52,58,41],"gold":636,"neow_bonus":"TWO_FIFTY_GOLD","is_daily":false,"chose_seed":false,"campfire_upgraded":5,"win_rate":0.0,"timestamp":1613102657,"path_taken":["R","M","M","?","$","?","T","R","M","R","?","M","?","M","M","BOSS","R","M","?","M","?","E","T","$","M","E","R","M","R","M","M","BOSS","R","?","M","$","M","M","T","R","M","?","E","?","R","E","M","BOSS"],"items_purchased_type":["Card","Relic","Card","Relic","Relic","Relic"],"build_version":"2020-12-22","purchased_purges":2,"victory":true,"max_hp_per_floor":[65,65,65,65,65,65,65,65,69,69,69,77,77,85,89,93,93,93,93,98,102,102,102,102,102,102,106,106,106,106,114,114,114,114,114,114,114,114,114,118,118,118,118,118,118,118,118,118,118,118],"relic_stats":{"Sozu":11,"Darkstone Periapt":0,"Nunchaku":[11],"counters":[31,130],"Eternal Feather":64,"MealTicket":0,"PreservedInsect":182,"Ginger":[10],"obtain_stats":[{"Darkstone Periapt":41,"Slimebound:AggressiveSlimeRelic":13,"Eternal Feather":23,"PreservedInsect":27,"Ginger":38,"Old Coin":44,"Sozu":17,"Nunchaku":24,"Anchor":38,"HornCleat":48,"MealTicket":45,"Fusion Hammer":34,"Slimebound:AbsorbEndCombat":0,"FossilizedHelix":36,"Pocketwatch":5},{"Darkstone Periapt":25,"Slimebound:AggressiveSlimeRelic":7,"Eternal Feather":13,"PreservedInsect":16,"Ginger":23,"Old Coin":27,"Sozu":10,"Nunchaku":13,"Anchor":23,"HornCleat":29,"MealTicket":28,"Fusion Hammer":20,"Slimebound:AbsorbEndCombat":0,"FossilizedHelix":21,"Pocketwatch":3},{"Darkstone Periapt":96,"Slimebound:AggressiveSlimeRelic":26,"Eternal Feather":46,"PreservedInsect":56,"Ginger":88,"Old Coin":105,"Sozu":36,"Nunchaku":46,"Anchor":88,"HornCleat":118,"MealTicket":112,"Fusion Hammer":78,"Slimebound:AbsorbEndCombat":0,"FossilizedHelix":82,"Pocketwatch":9}],"Pocketwatch":[63]},"card_choices":[{"not_picked":["Slimebound:LivingWall","Slimebound:SlimeSpikes"],"picked":"Slimebound:PressTheAttack","floor":2},{"not_picked":["Slimebound:HauntingLick","Slimebound:SlimeSpikes"],"picked":"Slimebound:SplitAcid","floor":3},{"not_picked":["Slimebound:GoopTackle","Slimebound:PressTheAttack"],"picked":"Slimebound:GoopSpray","floor":5},{"not_picked":["Slimebound:SlimeBrawl","Slimebound:SpikyOuterGoop"],"picked":"Slimebound:Prepare","floor":6},{"not_picked":["Slimebound:PressTheAttack","Slimebound:GoopSpray"],"picked":"Slimebound:RainOfGoop","floor":9},{"not_picked":["Slimebound:SplitLeeching","Slimebound:SplitBruiser"],"picked":"Slimebound:RejuvenatingLick","floor":12},{"not_picked":["Slimebound:AcidTongue","Slimebound:Dissolve"],"picked":"Slimebound:Schlurp","floor":13},{"not_picked":["Slimebound:RainOfGoop","Slimebound:SlimeBarrage"],"picked":"Slimebound:LeechEnergy","floor":14},{"not_picked":["Slimebound:LeechingTouch","Slimebound:RainOfGoop","Slimebound:Schlurp"],"picked":"SKIP","floor":15},{"not_picked":["Slimebound:Teamwork","Slimebound:PrepareCrush"],"picked":"Slimebound:FirmFortitude","floor":16},{"not_picked":["Slimebound:Grow+1","Slimebound:RainOfGoop"],"picked":"Slimebound:SplitBruiser","floor":19},{"not_picked":["Slimebound:Dissolve","Slimebound:PressTheAttack"],"picked":"Slimebound:RollThrough+1","floor":21},{"not_picked":["Slimebound:LivingWall","Slimebound:ProtectTheBoss"],"picked":"Slimebound:SlimeSpikes+1","floor":23},{"not_picked":["Slimebound:FlameTackle","Slimebound:SplitAcid"],"picked":"Slimebound:Replication+1","floor":25},{"not_picked":["Slimebound:SplitAcid","Slimebound:LeechingTouch"],"picked":"Slimebound:Gluttony","floor":26},{"not_picked":["Slimebound:SlimeSpikes+1","Slimebound:RainOfGoop"],"picked":"Slimebound:SelfFormingGoo","floor":27},{"not_picked":["Slimebound:LeechingTouch","Slimebound:Schlurp"],"picked":"Slimebound:SplitLeeching","floor":29},{"not_picked":["Slimebound:ComboTackle","Slimebound:RollThrough"],"picked":"Slimebound:SplitBruiser","floor":31},{"not_picked":["Slimebound:RainOfGoop","Slimebound:Grow+1","Slimebound:SlimeSpikes"],"picked":"SKIP","floor":32},{"not_picked":["Slimebound:DuplicatedForm","Slimebound:RallyTheTroops"],"picked":"Slimebound:SlimeSlap","floor":33},{"not_picked":["Slimebound:Repurpose","Slimebound:ItLooksTasty"],"picked":"Slimebound:SlimeTap+1","floor":36},{"not_picked":["Slimebound:GoopSpray+1","Slimebound:HauntingLick+1"],"picked":"Slimebound:GrowthPunch+1","floor":37},{"not_picked":["Slimebound:HauntingLick","Slimebound:ForwardTackle"],"picked":"Slimebound:ItLooksTasty+1","floor":38},{"not_picked":["Slimebound:GoopSpray+1","Slimebound:Chomp"],"picked":"Slimebound:LeechingTouch+1","floor":39},{"not_picked":["Slimebound:RejuvenatingLick","Slimebound:ComboTackle"],"picked":"Slimebound:LivingWall+1","floor":40},{"not_picked":["Slimebound:ItLooksTasty","Slimebound:LevelUp","Slimebound:MassFeed"],"picked":"SKIP","floor":43},{"not_picked":["Slimebound:FinishingTackle","Slimebound:HauntingLick"],"picked":"Slimebound:SplitLeeching","floor":44},{"not_picked":["Slimebound:FinishingTackle","Slimebound:SplitLeeching"],"picked":"Slimebound:ProtectTheBoss+1","floor":45},{"not_picked":["Slimebound:BestDefense+1","Slimebound:LeechingTouch+1"],"picked":"Slimebound:PrepareCrush","floor":48},{"not_picked":["Slimebound:LivingWall","Slimebound:Replication"],"picked":"Slimebound:SplitBruiser+1","floor":49}],"player_experience":356185,"relics_obtained":[{"floor":23,"key":"Eternal Feather"},{"floor":24,"key":"Nunchaku"},{"floor":27,"key":"PreservedInsect"},{"floor":36,"key":"FossilizedHelix"},{"floor":41,"key":"Darkstone Periapt"},{"floor":44,"key":"Old Coin"},{"floor":45,"key":"MealTicket"},{"floor":48,"key":"HornCleat"}],"event_choices":[{"damage_healed":0,"gold_gain":0,"player_choice":"Read","damage_taken":0,"max_hp_gain":0,"max_hp_loss":0,"event_name":"The Library","floor":22,"gold_loss":0,"cards_obtained":["Slimebound:Repurpose"]},{"damage_healed":0,"gold_gain":0,"player_choice":"Fight","damage_taken":0,"max_hp_gain":0,"max_hp_loss":0,"event_name":"Mysterious Sphere","floor":36,"gold_loss":0}],"is_beta":false,"boss_relics":[{"not_picked":["Pandora\u0027s Box","Snecko Eye"],"picked":"Sozu"},{"not_picked":["Velvet Choker","Black Star"],"picked":"Fusion Hammer"}],"items_purged_floors":[25,38],"is_endless":false,"potions_floor_spawned":[6,9,12,14,19,26,27,31,32,33,36,44,45,48,49],"ascension_level":0}}