{"host":"s24sb66hw4a4sfft","time":1613097826,"event":{"mods":["AchievementEnabler","BaseMod","Colored Map","Colored Powertips","Googly Eyes","Hermit","Hubris","Minty Spire (QoL Compilation)","Quick Restart","Shop Mod","StSLib"],"gold_per_floor":[116,291,50,64,64,64,96,96,121,121,121],"floor_reached":10,"language":"ENG","playtime":289,"items_purged":[],"score":109,"play_id":"ed463fd8-bc29-4e29-a074-3f4613ad5b63","local_time":"20210211214346","is_ascension_mode":true,"campfire_choices":[{"floor":6,"key":"REST"},{"floor":8,"key":"REST"}],"circlet_count":0,"master_deck":["AscendersBane","Strike_G","Strike_G","Strike_G","Strike_G","Strike_G","Defend_G","Defend_G","Defend_G","Defend_G","Defend_G","Survivor","Neutralize","Dagger Spray+1","Doubt","Dagger Throw"],"relics":["Ring of the Snake","Gremlin Horn","Centennial Puzzle","Bag of Marbles"],"acts_visited":["Exordium"],"potions_floor_usage":[7,8],"damage_taken":[{"damage":9,"enemies":"Jaw Worm","floor":1,"turns":7},{"damage":10,"enemies":"Small Slimes","floor":4,"turns":3},{"damage":57,"enemies":"Gremlin Nob","floor":7,"turns":7},{"damage":24,"enemies":"Lagavulin","floor":10,"turns":6}],"seed_played":"3383038248277279349","potions_obtained":[{"floor":4,"key":"Dexterity Potion"},{"floor":7,"key":"Fruit Juice"}],"is_trial":false,"path_per_floor":["M","?","$","M","?","R","E","R","T","E"],"character_chosen":"THE_SILENT","items_purchased":["Gremlin Horn"],"campfire_rested":2,"item_purchase_floors":[3],"current_hp_per_floor":[56,56,56,46,46,67,10,38,38,14,14],"gold":121,"neow_bonus":"TEN_PERCENT_HP_BONUS","is_daily":false,"chose_seed":false,"campfire_upgraded":0,"win_rate":0.0,"timestamp":1613097826,"path_taken":["M","?","$","M","?","R","E","R","T","E"],"items_purchased_type":["Relic"],"build_version":"2020-12-22","purchased_purges":0,"victory":false,"max_hp_per_floor":[72,72,72,72,72,72,72,77,77,77,77],"card_choices":[{"not_picked":["Bane","Heel Hook"],"picked":"Dagger Spray","floor":1},{"not_picked":["Backflip","Sucker Punch"],"picked":"Dagger Throw","floor":4},{"not_picked":["Dagger Throw","Backflip","Dodge and Roll"],"picked":"SKIP","floor":7}],"player_experience":611675,"relics_obtained":[{"floor":7,"key":"Centennial Puzzle"},{"floor":9,"key":"Bag of Marbles"}],"event_choices":[{"damage_healed":0,"gold_gain":175,"player_choice":"AGREE","damage_taken":0,"max_hp_gain":0,"max_hp_loss":0,"event_name":"Liars Game","floor":2,"gold_loss":0,"cards_obtained":["Doubt"]}],"is_beta":false,"boss_relics":[],"items_purged_floors":[],"is_endless":false,"potions_floor_spawned":[4,7],"killed_by":"Lagavulin","ascension_level":14}}