{"host":"pqs17sqrgflf4eqa","time":1613172837,"event":{"mods":["AchievementEnabler","BaseMod","Bestiary","Better Altar","Better Match","Better Skull","Block Reminder","Bossed Relics","Colored Map","Colored Powertips","Curses Come First","Dark Map","DeckTracker","Defective Defect","Displayed Cursed Tome","Emptier Cage","Googly Eyes","Highlight Path","Minty Spire (QoL Compilation)","Quick Restart","Slay-I","StSLib","SuperFastMode","Synergy Search","Thieving Mod","Transform Curses","everything is the same but u backflip on backflip","slay the spire mod where everything is the same but ironclad has a cowboy hat"],"gold_per_floor":[212,387,387,13,28,55,65,65,89,101,126,165,189,220,232,347,359,390,418,440,452,374,386,427,439,475,487,509,549,34,34,34],"floor_reached":31,"language":"ENG","playtime":831,"items_purged":["Doubt"],"score":396,"play_id":"1bda3614-948b-44a0-a0db-39118167fbd3","local_time":"20210212183357","is_ascension_mode":true,"campfire_choices":[{"data":"True Grit","floor":8,"key":"SMITH"},{"data":"Bludgeon","floor":10,"key":"SMITH"},{"data":"Armaments","floor":15,"key":"SMITH"},{"floor":23,"key":"REST"},{"floor":25,"key":"REST"},{"data":"Iron Wave","floor":27,"key":"SMITH"}],"circlet_count":0,"master_deck":["Strike_R","Strike_R","Strike_R","Strike_R+1","Strike_R","Defend_R","Defend_R","Defend_R","Defend_R","Bash","Metallicize","Disarm","Bludgeon+1","True Grit+1","Pommel Strike+1","Twin Strike","Iron Wave+1","Armaments+1","Spot Weakness","Flex+1","Offering","Clash","Dropkick+1","Uppercut+1","Wild Strike","Ghostly Armor","Metallicize","Ghostly Armor","Battle Trance"],"relics":["Burning Blood","Prayer Wheel","Omamori","MawBank","PreservedInsect","SacredBark","MutagenicStrength","WingedGreaves","Whetstone","Art of War","Bird Faced Urn","Toy Ornithopter"],"acts_visited":["Exordium","TheCity"],"potions_floor_usage":[6,11,14,20,20,24,29],"damage_taken":[{"damage":9,"enemies":"Small Slimes","floor":1,"turns":4},{"damage":12,"enemies":"Jaw Worm","floor":5,"turns":3},{"damage":20,"enemies":"Gremlin Nob","floor":6,"turns":5},{"damage":9,"enemies":"Cultist","floor":7,"turns":4},{"damage":0,"enemies":"Looter","floor":11,"turns":1},{"damage":29,"enemies":"3 Sentries","floor":12,"turns":8},{"damage":5,"enemies":"Blue Slaver","floor":13,"turns":4},{"damage":13,"enemies":"Exordium Thugs","floor":14,"turns":4},{"damage":17,"enemies":"The Guardian","floor":16,"turns":15},{"damage":29,"enemies":"2 Thieves","floor":18,"turns":3},{"damage":12,"enemies":"Spheric Guardian","floor":19,"turns":3},{"damage":16,"enemies":"3 Cultists","floor":20,"turns":4},{"damage":33,"enemies":"Book of Stabbing","floor":24,"turns":4},{"damage":16,"enemies":"Cultist and Chosen","floor":28,"turns":6},{"damage":18,"enemies":"Gremlin Leader","floor":29,"turns":4},{"damage":26,"enemies":"Sentry and Sphere","floor":31,"turns":4}],"seed_played":"-1341954824091246922","potions_obtained":[{"floor":1,"key":"SteroidPotion"},{"floor":5,"key":"SteroidPotion"},{"floor":13,"key":"SpeedPotion"},{"floor":16,"key":"GamblersBrew"},{"floor":19,"key":"AttackPotion"},{"floor":20,"key":"DuplicationPotion"},{"floor":28,"key":"FearPotion"}],"is_trial":false,"path_per_floor":["M","?","?","$","M","E","M","R","T","R","M","E","M","M","R","B",null,"M","M","M","?","?","R","E","R","T","R","M","E","$","M"],"character_chosen":"IRONCLAD","items_purchased":["Prayer Wheel","Bird Faced Urn","Toy Ornithopter","Battle Trance"],"campfire_rested":2,"item_purchase_floors":[4,30,30,30],"current_hp_per_floor":[69,69,80,80,74,60,57,57,57,57,63,40,41,34,34,23,66,43,37,27,27,27,51,24,48,48,48,38,26,26,0,0],"gold":34,"neow_bonus":"HUNDRED_GOLD","is_daily":false,"chose_seed":false,"campfire_upgraded":4,"win_rate":0.0,"timestamp":1613172837,"path_taken":["M","?","?","$","M","E","M","R","T","R","M","E","M","?","R","BOSS","M","M","M","?","?","R","E","R","T","R","M","E","$","M"],"items_purchased_type":["Relic","Relic","Relic","Card"],"build_version":"2020-12-22","purchased_purges":1,"victory":false,"max_hp_per_floor":[80,80,80,80,80,80,80,80,80,80,80,80,80,80,80,80,80,80,80,80,80,80,80,80,80,80,80,80,80,80,80,80],"card_choices":[{"not_picked":["Dark Embrace","Clothesline"],"picked":"Metallicize","floor":1},{"not_picked":["Perfected Strike","Cleave"],"picked":"Disarm","floor":5},{"not_picked":["Sever Soul","Havoc","Warcry"],"picked":"SKIP","floor":5},{"not_picked":["Seeing Red","Pommel Strike"],"picked":"Shrug It Off","floor":6},{"not_picked":["Clash","Searing Blow"],"picked":"Bludgeon","floor":7},{"not_picked":["Pommel Strike","Heavy Blade"],"picked":"True Grit","floor":7},{"not_picked":["Havoc","Body Slam"],"picked":"Pommel Strike","floor":11},{"not_picked":["Second Wind","Entrench","Heavy Blade"],"picked":"SKIP","floor":11},{"not_picked":["Searing Blow","Evolve"],"picked":"Twin Strike","floor":12},{"not_picked":["Barricade","Intimidate"],"picked":"Iron Wave","floor":13},{"not_picked":["Bloodletting","Clash"],"picked":"Armaments","floor":13},{"not_picked":["Thunderclap","Hemokinesis"],"picked":"Spot Weakness","floor":14},{"not_picked":["Thunderclap","Armaments"],"picked":"Flex","floor":14},{"not_picked":["Juggernaut","Demon Form"],"picked":"Offering","floor":16},{"not_picked":["Dropkick","Clothesline+1"],"picked":"Clash","floor":18},{"not_picked":["Dual Wield","Clothesline+1"],"picked":"Dropkick+1","floor":18},{"not_picked":["Armaments","Headbutt"],"picked":"Uppercut+1","floor":19},{"not_picked":["Body Slam","Thunderclap+1","Pommel Strike"],"picked":"SKIP","floor":19},{"not_picked":["Fire Breathing","Headbutt"],"picked":"Wild Strike","floor":20},{"not_picked":["Pummel","Sword Boomerang+1"],"picked":"Ghostly Armor","floor":20},{"not_picked":["Headbutt","Body Slam","Havoc"],"picked":"SKIP","floor":24},{"not_picked":["Feed","Infernal Blade"],"picked":"Metallicize","floor":28},{"not_picked":["Entrench","Iron Wave","Twin Strike"],"picked":"SKIP","floor":28},{"not_picked":["Feel No Pain","Exhume"],"picked":"Ghostly Armor","floor":29}],"player_experience":183284,"relics_obtained":[{"floor":6,"key":"Omamori"},{"floor":9,"key":"MawBank"},{"floor":12,"key":"PreservedInsect"},{"floor":24,"key":"WingedGreaves"},{"floor":26,"key":"Whetstone"},{"floor":29,"key":"Art of War"}],"event_choices":[{"damage_healed":0,"gold_gain":175,"player_choice":"AGREE","damage_taken":0,"max_hp_gain":0,"max_hp_loss":0,"event_name":"Liars Game","floor":2,"gold_loss":0,"cards_obtained":["Doubt"]},{"damage_healed":11,"gold_gain":0,"player_choice":"Full Heal","damage_taken":0,"max_hp_gain":0,"max_hp_loss":0,"event_name":"Wheel of Change","floor":3,"gold_loss":0},{"damage_healed":0,"gold_gain":0,"player_choice":"Inject Mutagens","damage_taken":0,"relics_obtained":["MutagenicStrength"],"max_hp_gain":0,"max_hp_loss":0,"event_name":"Drug Dealer","floor":21,"gold_loss":0},{"cards_removed":["Shrug It Off"],"damage_healed":0,"gold_gain":0,"player_choice":"Upgrade and Remove","damage_taken":0,"max_hp_gain":0,"max_hp_loss":0,"event_name":"Designer","floor":22,"gold_loss":90,"cards_upgraded":["Flex"]}],"is_beta":false,"boss_relics":[{"not_picked":["Astrolabe","Cursed Key"],"picked":"SacredBark"}],"items_purged_floors":[4],"is_endless":false,"potions_floor_spawned":[1,5,13,16,19,20,28],"killed_by":"Sentry and Sphere","ascension_level":6}}