{"host":"djfsqftupta9xgss","time":1613122451,"event":{"mods":["ATMod(°¢èªMod)","Act Like it!","BaseMod","Gensokyo","Minty Spire (QoL Compilation)","MostiFishMod","Replay The Spire","Spicy Shops","StSLib","TestMod"],"gold_per_floor":[110,123,123,138,154,189,189,205,232,247,45,45,78,93,93,370,370,387,1386,1386,1386,1486,1518,1553,1553,1632,1702,22,22,69,121,121,309,309,357,257,257,107,137,265,394,433,433,433,543,602,602,654,654,709,779,779,779,579,664,789],"floor_reached":57,"language":"ZHS","playtime":1893,"items_purged":["Defend_P","Defend_P","Defend_P","Strike_P","Normality","Strike_P+1"],"score":3459,"play_id":"61888d55-f768-4070-b844-fe60f56107ea","local_time":"20210212173411","is_ascension_mode":true,"campfire_choices":[{"floor":7.0,"key":"RECALL"},{"data":"Eruption","floor":12.0,"key":"SMITH"},{"data":"Defend_P","floor":15.0,"key":"PURGE"},{"data":"Vault","floor":25.0,"key":"SMITH"},{"data":"InnerPeace","floor":29.0,"key":"SMITH"},{"data":"MostiFishMod:StarWish","floor":32.0,"key":"SMITH"},{"data":"MostiFishMod:StarOceanP","floor":44,"key":"SMITH"},{"data":"TalkToTheHand","floor":49,"key":"SMITH"},{"data":"MostiFishMod:PathToVictory","floor":53,"key":"SMITH"}],"circlet_count":0,"master_deck":["AscendersBane","Strike_P+1","Strike_P+1","Eruption+1","Vigilance","AT_MachinaRedman","Crescendo","MostiFishMod:PathToVictory+1","Adaptation","TalkToTheHand+1","MostiFishMod:StarWish+1","Vault+1","InnerPeace+1","MostiFishMod:StarOceanP+1","FearNoEvil+1","Gensokyo:Dawn+1"],"relics":["AT_ATBox","DaveBox","testmod-TestBox","testmod-SaigiyounoYou","FeatherPendant","testmod-IncinerationGenerator","SynthV:TestCard","testmod-HeartOfStrike","Bag of Preparation","Art of War","ReplayFunnel","Replay:Wax Seal","testmod-ThousandKnives","testmod-CasingShield","testmod-CyclicPeriapt","Replay:Bandana","Replay:WaspNest","DiscerningMonocle","SynthV:MejaisSoulstealer","Replay:Bronze Core","Replay:Bottled Flurry","testmod-IndustrialRevolution","Centennial Puzzle","Pet Ghost","TimeFreeze","testmod-LifeArmor","InkBottle","TeardropLocket","BirthdayGift-Tetrahedron","BargainBundle","Replay:Bottled Eggs","CloakClasp","Yang","Blood Vial","Boot","BrkXgEgg","MostiFishMod:AdaptiveDefenses","testmod-Antiphasic","Ginger","CaptainsWheel"],"acts_visited":["Exordium","Gensokyo:Gensokyo","Gensokyo:Gensokyoer","TheEnding"],"potions_floor_usage":[56],"damage_taken":[{"damage":0.0,"enemies":"Gensokyo:Gryphon","floor":1.0,"turns":2.0},{"damage":0.0,"enemies":"Gensokyo:2_Kodama","floor":4.0,"turns":1.0},{"damage":0.0,"enemies":"Gensokyo:3_Fairies","floor":5.0,"turns":3.0},{"damage":0.0,"enemies":"Gensokyo:Aya","floor":6.0,"turns":2.0},{"damage":0.0,"enemies":"Gensokyo:3_Kodama","floor":8.0,"turns":2.0},{"damage":0.0,"enemies":"Gensokyo:5_Fairies","floor":10.0,"turns":5.0},{"damage":10.0,"enemies":"Gensokyo:Mamizou","floor":13.0,"turns":4.0},{"damage":0.0,"enemies":"Gensokyo:LivingMonolith","floor":14.0,"turns":3.0},{"damage":0.0,"enemies":"Gensokyo:Reimu","floor":16.0,"turns":3.0},{"damage":0.0,"enemies":"Gensokyo:Chomper","floor":18.0,"turns":1.0},{"damage":0.0,"enemies":"Gensokyo:Chomper","floor":22.0,"turns":2.0},{"damage":0.0,"enemies":"Gensokyo:Tenshi","floor":23.0,"turns":1.0},{"damage":0.0,"enemies":"Gensokyo:AngelMirror","floor":24.0,"turns":1.0},{"damage":0.0,"enemies":"Gensokyo:3_Gloops","floor":27.0,"turns":1.0},{"damage":0.0,"enemies":"Gensokyo:Chomper_and_Gloop","floor":30.0,"turns":1.0},{"damage":0.0,"enemies":"Gensokyo:Mirror_and_Dog","floor":31.0,"turns":2.0},{"damage":0.0,"enemies":"Gensokyo:Eternal_Rivals","floor":33.0,"turns":2.0},{"damage":0.0,"enemies":"Gensokyo:AncientGuardian","floor":35.0,"turns":1.0},{"damage":0,"enemies":"Gensokyo:3_Bats","floor":39,"turns":1},{"damage":0,"enemies":"Gensokyo:Kasen","floor":40,"turns":1},{"damage":0,"enemies":"Gensokyo:AtlasGolem","floor":41,"turns":1},{"damage":0,"enemies":"Gensokyo:SeedOfUnknown","floor":42,"turns":1},{"damage":2,"enemies":"Gensokyo:SeedOfUnknown","floor":45,"turns":2},{"damage":0,"enemies":"Gensokyo:Marisa","floor":46,"turns":1},{"damage":0,"enemies":"Gensokyo:Rafflesia","floor":48,"turns":1},{"damage":4,"enemies":"Gensokyo:Shinki","floor":50,"turns":3},{"damage":0,"enemies":"Gensokyo:Yuyuko","floor":51,"turns":1},{"damage":0,"enemies":"Shield and Spear","floor":55,"turns":1},{"damage":6,"enemies":"The Heart","floor":56,"turns":4}],"seed_played":"-1968478296455634054","potions_obtained":[{"floor":6.0,"key":"FearPotion"},{"floor":10.0,"key":"EntropicBrew"}],"is_trial":false,"path_per_floor":["M","?","$","M","M","E","R","M","T","M","COS","R","E","M","R","B",null,"M","?","?","$","?","E","M","R","T","M","COS","R","M","M","R","B",null,"M","$","?","$","M","E","M","M","T","R","?","E","COS","M","R","B","B",null,"R","$","E","B",null],"character_chosen":"WATCHER","items_purchased":["Replay:Bottled Flurry","testmod-IndustrialRevolution","Centennial Puzzle","Pet Ghost","TimeFreeze","testmod-LifeArmor","InkBottle","TeardropLocket","BirthdayGift-Tetrahedron","BargainBundle","Replay:Bottled Eggs","Boot","BrkXgEgg","MostiFishMod:AdaptiveDefenses","testmod-Antiphasic","Ginger"],"campfire_rested":0,"item_purchase_floors":[36,36,36,36,36,38,38,38,38,38,38,54,54,54,54,54],"current_hp_per_floor":[68,46,46,49,59,63,63,67,67,68,68,68,64,68,68,68,68,68,68,68,68,68,68,68,68,68,68,68,68,68,68,68,68,68,68,68,68,68,68,68,68,68,68,68,68,68,68,68,68,68,68,68,68,68,68,68],"gold":789,"neow_bonus":"BOSS_RELIC","is_daily":false,"chose_seed":false,"campfire_upgraded":7,"win_rate":0.0,"timestamp":1613122451,"path_taken":["M","?","?","M","M","E","R","M","T","M","COS","R","E","?","R","BOSS","M","?","?","$","?","E","M","R","T","M","COS","R","M","M","R","BOSS","M","$","?","?","M","E","M","M","T","R","?","E","COS","M","R","BOSS","BOSS","R","$","E","BOSS"],"items_purchased_type":["Relic","Relic","Relic","Relic","Relic","Relic","Relic","Relic","Relic","Relic","Relic","Relic","Relic","Relic","Relic","Relic"],"build_version":"2020-12-22","purchased_purges":6,"victory":true,"max_hp_per_floor":[68,68,68,68,68,68,68,68,68,68,68,68,68,68,68,68,68,68,68,68,68,68,68,68,68,68,68,68,68,68,68,68,68,68,68,68,68,68,68,68,68,68,68,68,68,68,68,68,68,68,68,68,68,68,68,68],"card_choices":[{"not_picked":["CrushJoints","ClearTheMind"],"picked":"Crescendo","floor":1.0},{"not_picked":["Replay:DivineShield","Replay:AtTheReady","Replay:ManipulateFuture","Indignation"],"picked":"MostiFishMod:PathToVictory","floor":2.0},{"not_picked":["Pray","Protect","FlyingSleeves","CrushJoints"],"picked":"Adaptation","floor":4.0},{"not_picked":["BowlingBash","EmptyBody","SpiritShield","FlyingSleeves","Halt"],"picked":"SKIP","floor":5.0},{"not_picked":["ThirdEye","Replay:DivineShield","MostiFishMod:FlowState","Crescendo","PathToVictory"],"picked":"SKIP","floor":6.0},{"not_picked":["FollowUp","Wallop","EmptyBody","CarveReality"],"picked":"TalkToTheHand","floor":8.0},{"not_picked":["MostiFishMod:Moonprays","PathToVictory","SashWhip","EmptyBody","FollowUp"],"picked":"SKIP","floor":10.0},{"not_picked":["EmptyFist","Replay:Cycle","PathToVictory","AT_RealFormLess","FlurryOfBlows"],"picked":"SKIP","floor":13.0},{"not_picked":["Conclude","Halt","ForeignInfluence","Protect"],"picked":"MostiFishMod:StarWish","floor":14.0},{"not_picked":["MostiFishMod:DustFall","MostiFishMod:DisColor","Alpha","MasterReality"],"picked":"Vault","floor":16.0},{"not_picked":["CutThroughFate","Swivel","MostiFishMod:FlowState","Prostrate"],"picked":"InnerPeace","floor":18.0},{"not_picked":["AT_DivineConfetti+1","JustLucky","MostiFishMod:Nomercy","SashWhip","Prostrate"],"picked":"SKIP","floor":23.0},{"not_picked":["SandsOfTime+1","FollowUp+1","BattleHymn","Replay:BluntJabs","FlurryOfBlows"],"picked":"SKIP","floor":24.0},{"not_picked":["AT_DivineConfetti+1","CrushJoints","Replay:DivineShield","Halt","MostiFishMod:OutWit"],"picked":"SKIP","floor":27.0},{"not_picked":["Protect","JustLucky","Vengeance","Replay:DivineShield","FollowUp"],"picked":"SKIP","floor":30.0},{"not_picked":["Protect","Crescendo","ClearTheMind","MostiFishMod:Clarity+1","SashWhip"],"picked":"SKIP","floor":31.0},{"not_picked":["Establishment","MostiFishMod:Pointsdynamics","MostiFishMod:KamiSmash","MasterReality"],"picked":"MostiFishMod:StarOceanP","floor":33.0},{"not_picked":["CarveReality","MostiFishMod:Nomercy","FlyingSleeves+1","ClearTheMind","Crescendo"],"picked":"SKIP","floor":35.0},{"not_picked":["Vengeance","SashWhip","MostiFishMod:LegendTransform+1","Evaluate+1","Replay:Anticipation+1"],"picked":"SKIP","floor":39},{"not_picked":["AT_RealFormLess","Replay:ManipulateFuture","Replay:Hum+1","MostiFishMod:FlowState"],"picked":"FearNoEvil+1","floor":40},{"not_picked":["CrushJoints","BowlingBash","LikeWater","WaveOfTheHand","Replay:AtTheReady+1"],"picked":"SKIP","floor":41},{"not_picked":["Prostrate+1","EmptyBody+1","MostiFishMod:StarHerder","ClearTheMind","BowlingBash"],"picked":"SKIP","floor":42},{"not_picked":["Gensokyo:MorningStar+1","Gensokyo:LifeSpringInfinity+1"],"picked":"Gensokyo:Dawn+1","floor":45},{"not_picked":["BowlingBash","Nirvana","ThirdEye","MostiFishMod:Nomercy","Weave"],"picked":"SKIP","floor":46},{"not_picked":["MostiFishMod:StarWish","MostiFishMod:LegendTransform","Replay:AtTheReady","FlyingSleeves","Crescendo+1"],"picked":"SKIP","floor":48},{"not_picked":["JustLucky","AT_SoftenMuscles","SashWhip","Replay:AtTheReady","Adaptation"],"picked":"SKIP","floor":55}],"player_experience":392157,"relics_obtained":[{"floor":1.0,"key":"SynthV:TestCard"},{"floor":2.0,"key":"testmod-HeartOfStrike"},{"floor":6.0,"key":"Bag of Preparation"},{"floor":13.0,"key":"Art of War"},{"floor":22.0,"key":"testmod-CasingShield"},{"floor":22.0,"key":"testmod-CyclicPeriapt"},{"floor":23.0,"key":"Replay:Bandana"},{"floor":26.0,"key":"Replay:WaspNest"},{"floor":40,"key":"CloakClasp"},{"floor":43,"key":"Yang"},{"floor":46,"key":"Blood Vial"},{"floor":55,"key":"CaptainsWheel"}],"event_choices":[{"damage_healed":0.0,"max_hp_gain":0.0,"max_hp_loss":0.0,"gold_gain":999.0,"event_name":"¶÷ÂåË¹µÄÅÌ×Ó","player_choice":"Sell","floor":19.0,"relics_lost":["JellyFishMachine"],"gold_loss":0.0,"damage_taken":0.0}],"is_beta":false,"boss_relics":[{"not_picked":["ReplayTheSpireMod:DimensionalGlitch","Kintsugi"],"picked":"JellyFishMachine"},{"not_picked":["GuanYuAspect","Painkiller Herb"],"picked":"Replay:Bronze Core"}],"items_purged_floors":[36,36,38,38,54,54],"is_endless":false,"potions_floor_spawned":[6,10,14,16,18,22,27,30,41,42,46,48],"ascension_level":20}}