{"host":"i45hfqkcke4zequp","time":1613138364,"event":{"mods":["AchievementEnabler","BaseMod","Minty Spire (QoL Compilation)","Permanent Neow","Shop Mod"],"gold_per_floor":[115,115,130,130,140,173,4,4,31,52,52,7,7,25,25,25,25],"floor_reached":16,"language":"KOR","playtime":913,"items_purged":[],"score":165,"play_id":"56d18deb-0733-482c-82e0-4a730e279f9a","local_time":"20210212225924","is_ascension_mode":true,"campfire_choices":[{"floor":11.0,"key":"REST"},{"floor":15,"key":"REST"}],"circlet_count":0,"master_deck":["AscendersBane","Strike_G","Strike_G","Strike_G","Strike_G","Strike_G","Defend_G","Defend_G+1","Defend_G","Defend_G","Defend_G+1","Survivor","Neutralize","Terror","Underhanded Strike","Dodge and Roll","Tactician","Dagger Throw","Injury","Underhanded Strike","Backstab","Trip","Doppelganger","Neutralize","Skewer","Dodge and Roll"],"relics":["Busted Crown","PreservedInsect","MerchantsRug","Golden Idol","Membership Card"],"acts_visited":["Exordium"],"potions_floor_usage":[16,16],"damage_taken":[{"damage":6.0,"enemies":"Jaw Worm","floor":1.0,"turns":4.0},{"damage":2.0,"enemies":"Small Slimes","floor":3.0,"turns":4.0},{"damage":0.0,"enemies":"Cultist","floor":5.0,"turns":4.0},{"damage":14.0,"enemies":"Lagavulin","floor":6.0,"turns":5.0},{"damage":12.0,"enemies":"3 Louse","floor":10.0,"turns":5.0},{"damage":6,"enemies":"Gremlin Gang","floor":14,"turns":4},{"damage":49,"enemies":"Slime Boss","floor":16,"turns":10}],"seed_played":"5025857309029679201","potions_obtained":[{"floor":1.0,"key":"FearPotion"},{"floor":5.0,"key":"Energy Potion"},{"floor":10.0,"key":"Swift Potion"},{"floor":14,"key":"Swift Potion"}],"is_trial":false,"path_per_floor":["M","?","M","?","M","E","$","?","T","M","R","$","?","M","R","B"],"character_chosen":"THE_SILENT","items_purchased":["MerchantsRug","Dagger Throw","Membership Card","Backstab"],"campfire_rested":2,"item_purchase_floors":[7,7,12,12],"current_hp_per_floor":[57,43,41,38,38,24,24,24,24,12,33,33,33,27,48,0,0],"gold":25,"neow_bonus":"BOSS_RELIC","is_daily":false,"chose_seed":false,"campfire_upgraded":0,"win_rate":0.0,"timestamp":1613138364,"path_taken":["M","?","M","?","M","E","?","?","T","?","R","?","?","M","R","BOSS"],"items_purchased_type":["Relic","Card","Relic","Card"],"build_version":"2020-12-22","purchased_purges":0,"victory":false,"max_hp_per_floor":[70,70,70,70,70,70,70,70,70,70,70,70,70,70,70,70,70],"card_choices":[{"not_picked":[],"picked":"Terror","floor":1.0},{"not_picked":[],"picked":"Underhanded Strike","floor":3.0},{"not_picked":[],"picked":"Dodge and Roll","floor":5.0},{"not_picked":[],"picked":"Tactician","floor":6.0},{"not_picked":[],"picked":"Underhanded Strike","floor":10.0},{"not_picked":[],"picked":"Dodge and Roll","floor":14}],"player_experience":535904,"relics_obtained":[{"floor":6.0,"key":"Bottled Flame"},{"floor":9.0,"key":"Nunchaku"}],"event_choices":[{"damage_healed":0.0,"max_hp_gain":0.0,"max_hp_loss":0.0,"gold_gain":0.0,"event_name":"Shining Light","player_choice":"Entered Light","floor":2.0,"gold_loss":0.0,"damage_taken":14.0,"cards_upgraded":["Defend_G","Defend_G"]},{"damage_healed":0.0,"max_hp_gain":0.0,"max_hp_loss":0.0,"gold_gain":0.0,"event_name":"Scrap Ooze","player_choice":"Success","floor":4.0,"gold_loss":0.0,"damage_taken":3.0,"relics_obtained":["PreservedInsect"]},{"damage_healed":0.0,"max_hp_gain":0.0,"max_hp_loss":0.0,"gold_gain":0.0,"event_name":"Golden Idol","player_choice":"Take Wound","floor":8.0,"gold_loss":0.0,"damage_taken":0.0,"relics_obtained":["Golden Idol"],"cards_obtained":["Injury"]},{"damage_healed":0,"gold_gain":0,"player_choice":"4 cards matched","damage_taken":0,"max_hp_gain":0,"max_hp_loss":0,"event_name":"Match and Keep!","floor":13,"gold_loss":0,"cards_obtained":["Trip","Doppelganger","Neutralize","Skewer"]}],"is_beta":false,"boss_relics":[],"items_purged_floors":[],"is_endless":false,"potions_floor_spawned":[1,5,10,14],"killed_by":"Slime Boss","ascension_level":13}}