{"host":"adt9pv9dmmkchns7","time":1613147360,"event":{"mods":["AchievementEnabler","Aspiration","BaseMod","Beaked The Cultist","Better Third Choice","Curses Come First","Energized Spire","Minty Spire (QoL Compilation)","Permanent Neow","Potionbrewer","Quick Restart","Reliquary","Replay The Spire","Robot Space Explorer","Shade Mod","Spicy Shops","StSLib","The Blackbeard","The Cursed","The Forsaken","The Gatherer","The Necromancer","Wandering Minibosses"],"gold_per_floor":[117,134,134,158,158,187,210,237,237,252,283,283,308,350,350,452,452,432,80,205,205,205,231,231,261,261],"floor_reached":25,"language":"ENG","playtime":2279,"items_purged":[],"score":425,"play_id":"af767d29-c5c2-48ba-adc4-9537a4bdeec0","local_time":"20210212172920","is_ascension_mode":true,"campfire_choices":[{"floor":12,"key":"RECALL"},{"data":"Blood_for_Blood","floor":15,"key":"SMITH"},{"data":"Summon_Undead_Army","floor":24,"key":"SMITH"}],"circlet_count":0,"master_deck":["Strike_W","Strike_W","Strike_W","Strike_W","Defend_W","Defend_W","Defend_W","Defend_W","Negative_Energy_Arrows","Bone_Wall","Negative_Energy_Shield","Blood_Is_Power","Hemokinesis","Blood_Is_Power","Replay:Sssssssssstrike","Negative_Energy_Burst","Bone_Bullets","Summon_Death_Knight","Bone_Armor","Uncharnel","Blood_for_Blood+1","Finger_Of_Death","Hellfire","Summon_Lich","Summon_Undead_Army+1","Vampiric_Strike","Doubt","Requiem"],"relics":["Vampire_Amulet","aspiration:Nostalgia","theForsaken:JudgementScales","Durian","Pantograph","Strawberry","Replay:Ringing Soul","Bag of Preparation","Bag of Marbles","aspiration:FutureDiary","Replay:Bottled Snecko","ReplayTheSpireMod:Ring of Exchange","ReplayTheSpireMod:Ring of Challenge","Anchor","ReplayTheSpireMod:Lightbulb"],"acts_visited":["Exordium","TheCity"],"potions_floor_usage":[7,10,11,18,18],"damage_taken":[{"damage":11,"enemies":"Small Slimes","floor":1,"turns":4},{"damage":1,"enemies":"2 Louse","floor":2,"turns":3},{"damage":4,"enemies":"Cultist","floor":4,"turns":4},{"damage":18,"enemies":"3 Sentries","floor":6,"turns":4},{"damage":12,"enemies":"2 Fungi Beasts","floor":7,"turns":5},{"damage":4,"enemies":"Lagavulin","floor":8,"turns":4},{"damage":16,"enemies":"Large Slime","floor":10,"turns":4},{"damage":23,"enemies":"Gremlin Nob","floor":11,"turns":4},{"damage":8,"enemies":"Lagavulin","floor":13,"turns":6},{"damage":8,"enemies":"3 Louse","floor":14,"turns":4},{"damage":6,"enemies":"Hexaghost","floor":16,"turns":8},{"damage":8,"enemies":"2 Thieves","floor":18,"turns":4},{"damage":34,"enemies":"Spheric Guardian","floor":20,"turns":9},{"damage":37,"enemies":"Book of Stabbing","floor":23,"turns":5},{"damage":36,"enemies":"Gremlin Leader","floor":25,"turns":5}],"seed_played":"-852864925351759396","potions_obtained":[{"floor":2,"key":"Weak Potion"},{"floor":6,"key":"LiquidMemories"},{"floor":10,"key":"PowerPotion"},{"floor":14,"key":"EssenceOfSteel"},{"floor":16,"key":"ColorlessPotion"},{"floor":23,"key":"potionbrewer:MidasPotion"}],"is_trial":false,"path_per_floor":["M","M","?","M","?","E","M","E","T","M","E","R","E","M","R","B",null,"M","$","M","?","?","E","R","E"],"character_chosen":"NECROMANCER","items_purchased":["Replay:Bottled Snecko","Summon_Undead_Army"],"campfire_rested":0,"item_purchase_floors":[19,19],"current_hp_per_floor":[66,69,62,60,60,48,40,45,45,36,18,18,15,16,16,40,102,99,102,73,76,65,33,33,1,1],"gold":261,"neow_bonus":"NOSTALGIA","is_daily":false,"chose_seed":false,"campfire_upgraded":2,"win_rate":0.0,"timestamp":1613147360,"path_taken":["M","M","?","M","?","E","?","E","T","M","E","R","E","M","R","BOSS","M","$","M","?","?","E","R","E"],"items_purchased_type":["Relic","Card"],"build_version":"2020-12-22","purchased_purges":0,"victory":false,"max_hp_per_floor":[75,75,80,80,80,80,80,87,87,90,93,93,96,99,99,102,102,105,108,111,114,114,117,117,117,117],"card_choices":[{"not_picked":["Bone_Armor","Slay_Living"],"picked":"Negative_Energy_Shield","floor":1},{"not_picked":["Negative_Energy_Mist","Blood_Shield"],"picked":"Blood_Is_Power","floor":2},{"not_picked":["Scare","Exploit"],"picked":"Blood_Is_Power","floor":4},{"not_picked":["Shade_Step","Negative_Energy_Bomb"],"picked":"Negative_Energy_Burst","floor":6},{"not_picked":["Scare","Blood_Whip"],"picked":"Bone_Bullets","floor":7},{"not_picked":["Negative_Energy_Shield","Vampiric_Strike"],"picked":"Summon_Death_Knight","floor":8},{"not_picked":["Scare","Chill_Blood"],"picked":"Bone_Armor","floor":10},{"not_picked":["Negative_Energy_Bomb","Reap_The_Weak"],"picked":"Uncharnel","floor":11},{"not_picked":["Bone_Bullets","Summon_Lich"],"picked":"Blood_for_Blood","floor":13},{"not_picked":["Negative_Energy_Mist","Negative_Energy_Sphere"],"picked":"Finger_Of_Death","floor":14},{"not_picked":["Negative_Energy_Bomb","Requiem"],"picked":"Hellfire","floor":16},{"not_picked":["Bones_to_Steel","Shade_Step"],"picked":"Summon_Lich","floor":18},{"not_picked":["Finger_Of_Death","Negative_Energy_Shield"],"picked":"Vampiric_Strike","floor":20},{"not_picked":["Bone_Spikes","Negative_Energy_Mist"],"picked":"Requiem","floor":23}],"player_experience":929101,"relics_obtained":[{"floor":6,"key":"Pantograph"},{"floor":8,"key":"Strawberry"},{"floor":9,"key":"Replay:Ringing Soul"},{"floor":11,"key":"Bag of Preparation"},{"floor":13,"key":"Bag of Marbles"},{"floor":21,"key":"ReplayTheSpireMod:Ring of Exchange"},{"floor":21,"key":"ReplayTheSpireMod:Ring of Challenge"},{"floor":23,"key":"ReplayTheSpireMod:Lightbulb"}],"event_choices":[{"damage_healed":0,"gold_gain":0,"player_choice":"1 cards matched","damage_taken":0,"max_hp_gain":0,"max_hp_loss":0,"event_name":"Match and Keep!","floor":5,"gold_loss":0,"cards_obtained":["Replay:Sssssssssstrike"]},{"damage_healed":0,"gold_gain":0,"player_choice":"Anchor","damage_taken":0,"relics_obtained":["Anchor"],"max_hp_gain":0,"max_hp_loss":0,"event_name":"blackbeard:ShipwreckEvent","floor":22,"gold_loss":0}],"is_beta":false,"boss_relics":[{"not_picked":["energizedSpire:StickyHand","energizedSpire:NeverEndingSparkler"],"picked":"aspiration:FutureDiary"}],"items_purged_floors":[],"is_endless":false,"potions_floor_spawned":[2,6,10,14,16,23],"killed_by":"Gremlin Leader","ascension_level":3}}