{"host":"i45hfqkcke4zequp","time":1613137314,"event":{"mods":["AchievementEnabler","BaseMod","Minty Spire (QoL Compilation)","Permanent Neow","Shop Mod"],"gold_per_floor":[113,113,113,132,307,332,349,349,349,368,378,395,395,129,129,206,206,217,231,43,43,43],"floor_reached":21,"language":"KOR","playtime":1315,"items_purged":["Regret"],"score":299,"play_id":"d0e4c13b-aeb1-4e4d-9fd0-6be5f5dc0ec3","local_time":"20210212224154","is_ascension_mode":true,"campfire_choices":[{"floor":8,"key":"REST"},{"floor":13,"key":"REST"},{"floor":15,"key":"REST"}],"circlet_count":0,"master_deck":["AscendersBane","Strike_G","Strike_G","Strike_G","Strike_G","Strike_G","Defend_G","Defend_G","Defend_G","Defend_G","Defend_G","Survivor","Neutralize","CurseOfTheBell","Bane","Riddle With Holes","Doubt","Blade Dance","Terror","Bouncing Flask","Masterful Stab","Accuracy","Die Die Die","Dagger Spray","Blade Dance","Adrenaline","Backflip","Dagger Spray","Backstab","Terror"],"relics":["Matryoshka","Ginger","Pen Nib","TungstenRod","Bag of Marbles","Letter Opener","MerchantsRug","Medical Kit","Cursed Key"],"acts_visited":["Exordium","TheCity"],"potions_floor_usage":[6,10,16],"damage_taken":[{"damage":0,"enemies":"2 Louse","floor":1,"turns":2},{"damage":2,"enemies":"Small Slimes","floor":4,"turns":4},{"damage":23,"enemies":"Gremlin Nob","floor":6,"turns":4},{"damage":4,"enemies":"Jaw Worm","floor":7,"turns":3},{"damage":8,"enemies":"2 Fungi Beasts","floor":10,"turns":2},{"damage":12,"enemies":"Exordium Thugs","floor":11,"turns":5},{"damage":12,"enemies":"Blue Slaver","floor":12,"turns":2},{"damage":39,"enemies":"Slime Boss","floor":16,"turns":9},{"damage":33,"enemies":"2 Thieves","floor":18,"turns":4},{"damage":10,"enemies":"Chosen","floor":19,"turns":3},{"damage":43,"enemies":"Snecko","floor":21,"turns":4}],"seed_played":"3986879243317106494","potions_obtained":[{"floor":1,"key":"Poison Potion"},{"floor":7,"key":"Fruit Juice"},{"floor":11,"key":"PowerPotion"},{"floor":12,"key":"Weak Potion"}],"is_trial":false,"path_per_floor":["M","?","?","M","?","E","M","R","T","M","M","M","R","$","R","B",null,"M","M","$","M"],"character_chosen":"THE_SILENT","items_purchased":["MerchantsRug","Blade Dance","Medical Kit","Backstab","Terror"],"campfire_rested":3,"item_purchase_floors":[14,14,14,20,20],"current_hp_per_floor":[63,63,63,61,61,38,34,55,55,52,40,28,50,50,72,33,65,32,22,22,0,0],"gold":43,"neow_bonus":"BOSS_RELIC","is_daily":false,"chose_seed":false,"campfire_upgraded":0,"win_rate":0.0,"timestamp":1613137314,"path_taken":["M","?","?","M","?","E","M","R","T","M","M","M","R","$","R","BOSS","M","M","$","M"],"items_purchased_type":["Relic","Card","Relic","Card","Card"],"build_version":"2020-12-22","purchased_purges":1,"victory":false,"max_hp_per_floor":[70,70,70,70,70,70,70,70,70,75,75,75,75,75,75,75,75,75,75,75,75,75],"card_choices":[{"not_picked":["Dodge and Roll","Acrobatics"],"picked":"Bane","floor":1},{"not_picked":["Poisoned Stab","Acrobatics"],"picked":"Riddle With Holes","floor":4},{"not_picked":["Setup","Prepared"],"picked":"Blade Dance","floor":6},{"not_picked":["Dash","Dodge and Roll"],"picked":"Terror","floor":7},{"not_picked":["Dagger Spray","Acrobatics"],"picked":"Bouncing Flask","floor":8},{"not_picked":["Deadly Poison","Well Laid Plans"],"picked":"Masterful Stab","floor":10},{"not_picked":["Acrobatics","Deflect"],"picked":"Accuracy","floor":11},{"not_picked":["Outmaneuver","Deadly Poison"],"picked":"Die Die Die","floor":12},{"not_picked":["Flechettes","Poisoned Stab"],"picked":"Dagger Spray","floor":13},{"not_picked":["Venomology","Glass Knife"],"picked":"Adrenaline","floor":16},{"not_picked":["Acrobatics+1","Outmaneuver"],"picked":"Backflip","floor":18},{"not_picked":["Reflex","Dodge and Roll"],"picked":"Dagger Spray","floor":19}],"player_experience":534547,"relics_obtained":[{"floor":0,"key":"Dream Catcher"},{"floor":0,"key":"Matryoshka"},{"floor":0,"key":"Ginger"},{"floor":6,"key":"TungstenRod"},{"floor":9,"key":"Bag of Marbles"},{"floor":9,"key":"Letter Opener"}],"event_choices":[{"damage_healed":0,"gold_gain":0,"player_choice":"Box","damage_taken":0,"relics_obtained":["Pen Nib"],"max_hp_gain":0,"max_hp_loss":0,"event_name":"Big Fish","floor":2,"gold_loss":0,"cards_obtained":["Regret"]},{"damage_healed":0,"gold_gain":0,"player_choice":"Ignored","damage_taken":0,"max_hp_gain":0,"max_hp_loss":0,"event_name":"Shining Light","floor":3,"gold_loss":0},{"damage_healed":0,"gold_gain":175,"player_choice":"AGREE","damage_taken":0,"max_hp_gain":0,"max_hp_loss":0,"event_name":"Liars Game","floor":5,"gold_loss":0,"cards_obtained":["Doubt"]}],"is_beta":false,"boss_relics":[{"not_picked":["Empty Cage","Velvet Choker"],"picked":"Cursed Key"}],"items_purged_floors":[20],"is_endless":false,"potions_floor_spawned":[1,7,11,12,16],"killed_by":"Snecko","ascension_level":13}}