{"host":"27g79df0endkaa4r","time":1613149101,"event":{"mods":["Abigail Mod","AchievementEnabler","Act Like it!","Alarm Clock","BaseMod","Better Altar","Better Match","Better Skull","Better Third Choice","BetterRewards","Bossed Relics","CapriCore","Card Forge","Colored Map","Curses Come First","Disable Question Mark Monsters","Displayed Cursed Tome","Emptier Cage","FoggyMod","Friendly Minions","Gold Saver","Good Game Mod","Grow up Mod","Highlight Path","Kratos Character Expansion","Minty Spire (QoL Compilation)","Permanent Neow","Poem Panic","Remilia??????","Shop Mod","StSLib","The Immortal","The Servant 0.9.4","The Vixen","Transform Curses","Virulent Crown","????"],"gold_per_floor":[1538,1538,825,902,977,1008,272,292,292,292,363,75,100,22,22,151,151,189,111,111,111,111,151,207,241,241,276,276,354,399,399,6524,6619,6619,6654,9116,9166,13570,13570,13114,13188,13188,13233,13508,13556,13556,13585,13585,12984,13024],"floor_reached":51,"language":"ENG","playtime":1741,"items_purged":[],"score":1152,"play_id":"ccec0711-398d-4d4d-b25d-3d880905d591","local_time":"20210212175821","is_ascension_mode":false,"campfire_choices":[{"floor":15.0,"key":"REST"}],"circlet_count":0,"master_deck":["Duplication+1","FavorOfDestiny+1","Panache+1","ScarletNetherworld+1","BloodRain+1","GlobalNightmare+1","VampireClaw+1","BombardNight+1","ScarletDevil+1","Sadistic Nature+1","FavorOfDestiny+1","RedMagic+1","MastersStateliness+1","UltimateOffering+1","NightDance+1","UnstableMagic+1","Glass Knife+1","ConjureBlade+1","ScarletDevil+1","FavorOfDestiny+1","EternalNight+1","TricksterDevil+1","CurseOfTheBell","ReincarnationDial+1","Septette+1","FavorOfDestiny+1","EndlessAdversity+1","MastersStateliness+1","ScarletCoffin+1","UnstableMagic+1","ScarletCoffin+1","DevilSight+1","BlasphemousPunishment+1","Ultimatum+1","TwelveNightmare+1","BatForm+1","FavorOfDestiny+1","Madness+1","Madness+1","Septette+1","EndlessAdversity+1"],"relics":["ScarletHat","Hammer of Thor","Seething Fire","Anvil of the Gods","REME:ComplimentaryCards","RedBat","Medical Kit","MerchantsRug","Ginger","Bloody Idol","Centennial Puzzle","MealTicket","Bronze Scales","Sling","PreservedInsect","Vajra","AntiCross","HornCleat","Gungnir","Regal Pillow","Calling Bell","Strawberry","Meat on the Bone","Unceasing Top","MutagenicStrength","Orichalcum","Bag of Preparation","White Beast Statue","Red Mask","Frozen Egg 2","Blood Vial","Chemical X","WingedGreaves","War Paint","Fusion Hammer","Boot","Darkstone Periapt","FossilizedHelix","Juzu Bracelet","Nunchaku","ClockworkSouvenir","Potion Belt","Happy Flower","Toolbox","Gremlin Horn","Pen Nib","Question Card","TungstenRod","TheAbacus","Mercury Hourglass","Oddly Smooth Stone"],"acts_visited":["Exordium","TheCity","TheBeyond"],"potions_floor_usage":[25,27,41],"damage_taken":[{"damage":0.0,"enemies":"Small Slimes","floor":1.0,"turns":3.0},{"damage":13.0,"enemies":"3 Sentries","floor":6.0,"turns":4.0},{"damage":0.0,"enemies":"2 Louse","floor":8.0,"turns":1.0},{"damage":1.0,"enemies":"Gremlin Nob","floor":11.0,"turns":3.0},{"damage":118.0,"enemies":"Hexaghost","floor":16.0,"turns":1.0},{"damage":8.0,"enemies":"3 Byrds","floor":18.0,"turns":1.0},{"damage":153,"enemies":"Book of Stabbing","floor":23,"turns":2},{"damage":2,"enemies":"2 Thieves","floor":24,"turns":3},{"damage":13,"enemies":"Slavers","floor":25,"turns":2},{"damage":18,"enemies":"Masked Bandits","floor":27,"turns":1},{"damage":3,"enemies":"Book of Stabbing","floor":29,"turns":3},{"damage":26,"enemies":"Cultist and Chosen","floor":30,"turns":3},{"damage":9,"enemies":"Collector","floor":33,"turns":3},{"damage":0,"enemies":"3 Darklings","floor":35,"turns":2},{"damage":230,"enemies":"Mind Bloom Boss Battle","floor":37,"turns":2},{"damage":0,"enemies":"Giant Head","floor":41,"turns":3},{"damage":11,"enemies":"Reptomancer","floor":45,"turns":2},{"damage":0,"enemies":"Nemesis","floor":47,"turns":1},{"damage":16,"enemies":"Awakened One","floor":50,"turns":3}],"seed_played":"7470429567566454337","potions_obtained":[{"floor":1.0,"key":"Block Potion"},{"floor":8.0,"key":"ColorlessPotion"},{"floor":16.0,"key":"Fire Potion"},{"floor":27,"key":"Energy Potion"},{"floor":28,"key":"LazyBrew"},{"floor":28,"key":"LazyBrew"},{"floor":28,"key":"LazyBrew"},{"floor":33,"key":"SpeedPotion"},{"floor":37,"key":"LiquidMemories"},{"floor":41,"key":"Strength Potion"},{"floor":41,"key":"Swift Potion"}],"is_trial":false,"path_per_floor":["M","?","$","?","?","E","R","M","T","?","?","$","T","$","R","B",null,"M","$","?","?","?","E","M","E","T","?","?","E","M","?","R","B",null,"M","$","?","$","?","R","E","?","T","?","E","?","E","?","R","B",null],"character_chosen":"REMILIA","items_purchased":["RedBat","Medical Kit","MerchantsRug","Panache","ScarletNetherworld","BloodRain","Centennial Puzzle","GlobalNightmare","VampireClaw","BombardNight","Bronze Scales","Sling","Sadistic Nature","FavorOfDestiny","RedMagic","MastersStateliness","UltimateOffering","NightDance","Gungnir","FavorOfDestiny","EternalNight","Septette","Chemical X","WingedGreaves","ScarletCoffin","UnstableMagic","War Paint","Boot","Darkstone Periapt","BlasphemousPunishment","Juzu Bracelet","Nunchaku","ClockworkSouvenir","TwelveNightmare+1","Potion Belt","Happy Flower","Toolbox","TheAbacus","Mercury Hourglass","Oddly Smooth Stone","Septette","EndlessAdversity"],"campfire_rested":1,"item_purchase_floors":[0,0,0,3,3,3,3,3,3,3,7,7,7,7,7,7,7,7,12,12,14,19,32,32,32,32,32,36,36,36,38,38,38,38,40,40,40,49,49,49,49,49],"current_hp_per_floor":[95,82,92,102,101,106,116,126,136,112,124,149,159,184,235,127,262,264,282,292,302,309,178,187,184,194,198,208,217,213,120,235,244,432,442,452,243,348,358,368,395,405,420,441,452,393,420,430,455,462],"gold":13024,"neow_bonus":"","is_daily":false,"chose_seed":false,"campfire_upgraded":0,"win_rate":0.0,"timestamp":1613149101,"path_taken":["M","?","$","?","?","E","R","?","T","?","?","$","?","?","R","BOSS","M","$","?","?","?","E","?","E","T","?","?","E","?","?","R","BOSS","M","$","?","$","?","R","E","?","T","?","E","?","E","?","R","BOSS"],"items_purchased_type":["Relic","Relic","Relic","Card","Card","Card","Relic","Card","Card","Card","Relic","Relic","Card","Card","Card","Card","Card","Card","Relic","Card","Card","Card","Relic","Relic","Card","Card","Relic","Relic","Relic","Card","Relic","Relic","Relic","Card","Relic","Relic","Relic","Relic","Relic","Relic","Card","Card"],"build_version":"2020-12-22","purchased_purges":0,"victory":true,"max_hp_per_floor":[95,105,115,125,135,145,155,165,175,185,195,205,215,225,235,245,262,272,282,292,302,312,322,332,342,352,362,372,382,392,402,412,422,432,442,452,462,472,482,492,502,512,522,538,548,558,568,578,588,598],"card_choices":[{"not_picked":["Septette","RedRainbow"],"picked":"FavorOfDestiny","floor":1.0},{"not_picked":["MillenniumVampire","BloodHunter"],"picked":"ScarletDevil","floor":6.0},{"not_picked":["AfternoonTea","CharismaGuard"],"picked":"UnstableMagic","floor":8.0},{"not_picked":["VampireKiss","RedNightlessCastle"],"picked":"ScarletDevil","floor":11.0},{"not_picked":["EquivalentExchange","BloodRain"],"picked":"TricksterDevil","floor":16.0},{"not_picked":["FitfulNightmare","CharismaGuard"],"picked":"ReincarnationDial","floor":18.0},{"not_picked":["RedRainbow+1","NightDance+1"],"picked":"FavorOfDestiny+1","floor":23},{"not_picked":["VampireSweep","ScarletImprint"],"picked":"EndlessAdversity","floor":24},{"not_picked":["CharismaGuard","UnstableMagic+1","RedNightlessCastle"],"picked":"SKIP","floor":25},{"not_picked":["RedMagic","MillenniumVampire"],"picked":"MastersStateliness+1","floor":29},{"not_picked":["ScarletDevil+1","LeisurelyOfLord","ScarletSymphony"],"picked":"SKIP","floor":30},{"not_picked":["ForecastOfChange","BloodyCatastrophe"],"picked":"ScarletCoffin","floor":33},{"not_picked":["RedRainbow+1","BadLadyScramble"],"picked":"DevilSight+1","floor":35},{"not_picked":["VampireSweep+1","EndlessAdversity+1"],"picked":"Ultimatum+1","floor":37},{"not_picked":["EternalNight","VampireKiss"],"picked":"BatForm+1","floor":41},{"not_picked":["NightDance+1","StarOfDavid"],"picked":"FavorOfDestiny","floor":45},{"not_picked":["ScarletDevil+1","ScarletImprint","BloodHunter","FavorOfDestiny"],"picked":"SKIP","floor":47}],"player_experience":7620,"relics_obtained":[{"floor":6.0,"key":"MealTicket"},{"floor":9.0,"key":"PreservedInsect"},{"floor":11.0,"key":"HornCleat"},{"floor":13.0,"key":"Regal Pillow"},{"floor":17.0,"key":"Strawberry"},{"floor":17.0,"key":"Meat on the Bone"},{"floor":17.0,"key":"Unceasing Top"},{"floor":23,"key":"Orichalcum"},{"floor":25,"key":"Bag of Preparation"},{"floor":26,"key":"White Beast Statue"},{"floor":27,"key":"Red Mask"},{"floor":29,"key":"Frozen Egg 2"},{"floor":37,"key":"FossilizedHelix"},{"floor":41,"key":"Gremlin Horn"},{"floor":43,"key":"Pen Nib"},{"floor":45,"key":"Question Card"},{"floor":47,"key":"TungstenRod"}],"event_choices":[{"damage_healed":0.0,"max_hp_gain":0.0,"max_hp_loss":0.0,"gold_gain":0.0,"event_name":"Golden Idol","player_choice":"Take Damage","floor":2.0,"gold_loss":0.0,"damage_taken":23.0,"relics_obtained":["Golden Idol"]},{"damage_healed":0.0,"max_hp_gain":0.0,"max_hp_loss":0.0,"gold_gain":77.0,"event_name":"Golden Wing","player_choice":"Gained Gold","floor":4.0,"gold_loss":0.0,"damage_taken":0.0},{"damage_healed":0.0,"max_hp_gain":0.0,"max_hp_loss":0.0,"gold_gain":75.0,"event_name":"betterThird:BetterGoop","player_choice":"Gold","floor":5.0,"gold_loss":0.0,"damage_taken":11.0},{"damage_healed":0.0,"max_hp_gain":0.0,"max_hp_loss":0.0,"gold_gain":0.0,"event_name":"Dead Adventurer","player_choice":"Searched \u00271\u0027 times","floor":11.0,"gold_loss":0.0,"damage_taken":0.0},{"damage_healed":0,"gold_gain":0,"player_choice":"Ignored","damage_taken":0,"max_hp_gain":0,"max_hp_loss":0,"event_name":"Beggar","floor":20,"gold_loss":0},{"damage_healed":0,"gold_gain":0,"player_choice":"Inject Mutagens","damage_taken":0,"relics_obtained":["MutagenicStrength"],"max_hp_gain":0,"max_hp_loss":0,"event_name":"Drug Dealer","floor":21,"gold_loss":0},{"damage_healed":0,"gold_gain":0,"player_choice":"Punched","damage_taken":3,"max_hp_gain":0,"max_hp_loss":0,"event_name":"Designer","floor":22,"gold_loss":0},{"damage_healed":0,"gold_gain":0,"player_choice":"Fought Bandits","damage_taken":0,"max_hp_gain":0,"max_hp_loss":0,"event_name":"Masked Bandits","floor":27,"gold_loss":0},{"damage_healed":0,"gold_gain":0,"player_choice":" GoldIdol Vial ","damage_taken":103,"relics_obtained":["Bloody Idol","Blood Vial"],"max_hp_gain":213,"max_hp_loss":110,"event_name":"betterAltar:BetterAltar","floor":31,"potions_obtained":[],"relics_lost":["Golden Idol"],"gold_loss":0},{"damage_healed":0,"gold_gain":0,"player_choice":"Fight","damage_taken":0,"max_hp_gain":0,"max_hp_loss":0,"event_name":"MindBloom","floor":37,"gold_loss":0},{"damage_healed":0,"gold_gain":0,"player_choice":"Ignored","damage_taken":0,"max_hp_gain":0,"max_hp_loss":0,"event_name":"Mysterious Sphere","floor":39,"gold_loss":0},{"damage_healed":0,"gold_gain":0,"player_choice":"Ignored","damage_taken":0,"max_hp_gain":0,"max_hp_loss":0,"event_name":"Tomb of Lord Red Mask","floor":42,"gold_loss":0},{"damage_healed":0,"gold_gain":275,"player_choice":"Desecrate","damage_taken":0,"max_hp_gain":0,"max_hp_loss":0,"event_name":"Golden Shrine","floor":44,"gold_loss":0,"cards_obtained":["Regret"]},{"damage_healed":0,"gold_gain":0,"player_choice":"Embrace Madness","damage_taken":69,"max_hp_gain":0,"max_hp_loss":0,"event_name":"Winding Halls","floor":46,"gold_loss":0,"cards_obtained":["Madness","Madness"]},{"damage_healed":0,"gold_gain":0,"player_choice":"Ignored","damage_taken":0,"max_hp_gain":0,"max_hp_loss":0,"event_name":"Purifier","floor":48,"gold_loss":0}],"is_beta":false,"boss_relics":[{"not_picked":["Snecko Eye","Velvet Choker"],"picked":"Calling Bell"},{"not_picked":["PoemPanic:PoemPanicRelic","Runic Dome"],"picked":"Fusion Hammer"}],"items_purged_floors":[],"is_endless":false,"potions_floor_spawned":[1,8,16,23,24,27,29,30,33,35,37,41,45,47],"ascension_level":0}}