{"host":"sc0o2qwpf9j16a4i","time":1613146157,"event":{"mods":["AchievementEnabler","BaseMod","BetterRewards","Block Reminder","Colored Map","Colored Powertips","Custom Start","Highlight Path","Minty Spire (QoL Compilation)","Relic Stats"],"gold_per_floor":[110,110,110,128,31,48,59,59,112,126,152,22,22,55,55,152,152,163,433,450,465,481,515,535,545,616,616,616,651,651,662,662,766,766,776,793,793,812,812,812,840,840,863,886,909,935,961,999,1011,1023],"floor_reached":51,"language":"ENG","playtime":878,"items_purged":[],"score":1413,"play_id":"3756f9ee-ffdd-4c2d-b25c-5f59f2e5efc9","local_time":"20210212180917","daily_mods":["Allstar","Hoarder","Binary"],"is_ascension_mode":false,"campfire_choices":[{"data":"Mind Blast","floor":8,"key":"SMITH"},{"data":"Mind Blast","floor":15,"key":"SMITH"},{"floor":30,"key":"REST"},{"floor":32,"key":"REST"},{"data":"Mind Blast","floor":40,"key":"SMITH"},{"data":"Apotheosis","floor":42,"key":"SMITH"},{"floor":49,"key":"REST"}],"circlet_count":0,"master_deck":["Strike_B","Strike_B","Strike_B","Strike_B","Defend_B","Defend_B","Defend_B","Defend_B","Zap","Dualcast","Trip","Trip","Trip","Mind Blast+1","Mind Blast+1","Mind Blast+1","Panacea","Panacea","Panacea","Apotheosis+1","Apotheosis","Apotheosis","Enlightenment","Enlightenment","Enlightenment","Conserve Battery","Conserve Battery","Conserve Battery","FTL","FTL","FTL","Cold Snap","Cold Snap","Cold Snap","Genetic Algorithm","Genetic Algorithm","Stack","Stack","Stack","Beam Cell","Beam Cell","Beam Cell","Ball Lightning","Ball Lightning","Ball Lightning","Ball Lightning","Ball Lightning","Ball Lightning","White Noise","White Noise","White Noise","Defragment","Defragment","Defragment","Core Surge","Core Surge","Core Surge","Turbo","Turbo","Turbo","Trip","Trip","Trip","Bandage Up","Bandage Up","Bandage Up","Purity","Purity","Purity","Turbo","Turbo","Turbo","White Noise","White Noise","White Noise","Coolheaded","Coolheaded","Coolheaded","Creative AI","Creative AI","Creative AI","Beam Cell+1","Beam Cell+1","Beam Cell+1","Coolheaded+1","Coolheaded+1","Coolheaded+1","Decay","Decay","Decay","Conserve Battery","Conserve Battery","Conserve Battery","Sweeping Beam+1","Sweeping Beam+1","Sweeping Beam+1","Buffer","Buffer","Buffer","Turbo+1","Turbo+1","Turbo+1","Turbo","Turbo","Turbo","Aggregate+1","Aggregate+1","Aggregate+1","Hologram","Hologram","Hologram","Leap","Leap","Leap","Recycle+1","Recycle+1","Recycle+1","Recycle","Recycle","Recycle","Skim+1","Skim+1","Skim+1","Reinforced Body","Reinforced Body","Reinforced Body"],"relics":["FrozenCore","Bag of Marbles","Ancient Tea Set","Potion Belt","InkBottle","Anchor","Molten Egg 2","Enchiridion","Peace Pipe","Philosopher\u0027s Stone","StrikeDummy","Thread and Needle","MawBank","Lantern"],"acts_visited":["Exordium","TheCity","TheBeyond"],"potions_floor_usage":[14,50,50,50,50,50],"damage_taken":[{"damage":0,"enemies":"2 Louse","floor":1,"turns":2},{"damage":0,"enemies":"Cultist","floor":4,"turns":3},{"damage":0,"enemies":"Jaw Worm","floor":6,"turns":1},{"damage":6,"enemies":"Lots of Slimes","floor":7,"turns":4},{"damage":0,"enemies":"3 Louse","floor":10,"turns":2},{"damage":0,"enemies":"Gremlin Nob","floor":11,"turns":1},{"damage":0,"enemies":"3 Sentries","floor":14,"turns":2},{"damage":0,"enemies":"The Guardian","floor":16,"turns":3},{"damage":0,"enemies":"Chosen","floor":18,"turns":1},{"damage":0,"enemies":"Spheric Guardian","floor":20,"turns":1},{"damage":0,"enemies":"Snecko","floor":21,"turns":1},{"damage":0,"enemies":"Snake Plant","floor":22,"turns":1},{"damage":0,"enemies":"Slavers","floor":23,"turns":1},{"damage":0,"enemies":"Centurion and Healer","floor":24,"turns":1},{"damage":0,"enemies":"Chosen and Byrds","floor":25,"turns":1},{"damage":0,"enemies":"Gremlin Leader","floor":29,"turns":1},{"damage":0,"enemies":"Snake Plant","floor":31,"turns":1},{"damage":0,"enemies":"Champ","floor":33,"turns":2},{"damage":0,"enemies":"3 Darklings","floor":35,"turns":1},{"damage":0,"enemies":"Orb Walker","floor":36,"turns":1},{"damage":0,"enemies":"4 Shapes","floor":38,"turns":6},{"damage":0,"enemies":"Giant Head","floor":41,"turns":1},{"damage":16,"enemies":"Transient","floor":44,"turns":5},{"damage":0,"enemies":"Sphere and 2 Shapes","floor":45,"turns":1},{"damage":0,"enemies":"4 Shapes","floor":46,"turns":3},{"damage":0,"enemies":"Transient","floor":47,"turns":5},{"damage":0,"enemies":"Reptomancer","floor":48,"turns":1},{"damage":0,"enemies":"Donu and Deca","floor":50,"turns":9}],"seed_played":"20593529169058671","potions_obtained":[{"floor":4,"key":"PotionOfCapacity"},{"floor":13,"key":"AttackPotion"},{"floor":13,"key":"EssenceOfSteel"},{"floor":13,"key":"Dexterity Potion"},{"floor":14,"key":"BlessingOfTheForge"},{"floor":31,"key":"Energy Potion"}],"is_trial":true,"path_per_floor":["M","?","T","M","$","M","M","R","T","M","E","$","?","E","R","B",null,"M","?","M","M","M","E","M","M","T","?","?","E","R","M","R","B",null,"M","M","?","M","?","R","E","R","T","M","M","M","M","E","R","B",null],"character_chosen":"DEFECT","items_purchased":["Cold Snap","FocusPotion","Ball Lightning","White Noise"],"campfire_rested":3,"item_purchase_floors":[5,5,12,12],"current_hp_per_floor":[75,75,75,75,75,75,69,69,69,69,69,69,69,69,69,69,75,75,27,27,27,27,27,27,27,27,11,11,11,33,33,55,55,75,75,75,75,75,75,75,75,75,75,59,59,59,59,59,75,75],"gold":1035,"neow_bonus":"","is_daily":false,"chose_seed":false,"campfire_upgraded":4,"win_rate":0.0,"timestamp":1613146157,"path_taken":["M","?","?","M","$","M","?","R","T","M","E","$","?","E","R","BOSS","M","?","M","?","M","E","M","M","T","?","?","E","R","M","R","BOSS","M","M","?","M","?","R","E","R","T","M","?","M","M","E","R","BOSS"],"items_purchased_type":["Card","Potion","Card","Card"],"build_version":"2020-12-22","purchased_purges":0,"victory":true,"max_hp_per_floor":[75,75,75,75,75,75,75,75,75,75,75,75,75,75,75,75,75,75,75,75,75,75,75,75,75,75,75,75,75,75,75,75,75,75,75,75,75,75,75,75,75,75,75,75,75,75,75,75,75,75],"relic_stats":{"Peace Pipe":0,"counters":[28,62],"MawBank":96,"obtain_stats":[{"Potion Belt":11,"Lantern":48,"Enchiridion":27,"Thread and Needle":41,"Ancient Tea Set":9,"MawBank":43,"FrozenCore":17,"Peace Pipe":29,"Anchor":23,"Molten Egg 2":26,"Philosopher\u0027s Stone":34,"Bag of Marbles":3,"Cracked Core":0,"StrikeDummy":39,"InkBottle":14},{"Potion Belt":6,"Lantern":27,"Enchiridion":15,"Thread and Needle":22,"Ancient Tea Set":4,"MawBank":22,"FrozenCore":8,"Peace Pipe":16,"Anchor":13,"Molten Egg 2":15,"Philosopher\u0027s Stone":18,"Bag of Marbles":1,"Cracked Core":0,"StrikeDummy":21,"InkBottle":7},{"Potion Belt":13,"Lantern":53,"Enchiridion":25,"Thread and Needle":38,"Ancient Tea Set":10,"MawBank":38,"FrozenCore":18,"Peace Pipe":26,"Anchor":23,"Molten Egg 2":25,"Philosopher\u0027s Stone":29,"Bag of Marbles":2,"Cracked Core":0,"StrikeDummy":37,"InkBottle":15}],"InkBottle":[19],"FrozenCore":[10]},"card_choices":[{"not_picked":["Sweeping Beam"],"picked":"Conserve Battery","floor":1},{"not_picked":["Hologram"],"picked":"FTL","floor":4},{"not_picked":["Chill"],"picked":"Genetic Algorithm","floor":6},{"not_picked":["Lockon"],"picked":"Stack","floor":7},{"not_picked":["Capacitor"],"picked":"Beam Cell","floor":10},{"not_picked":["Steam"],"picked":"Ball Lightning","floor":11},{"not_picked":["Go for the Eyes"],"picked":"Defragment","floor":14},{"not_picked":["Thunder Strike"],"picked":"Core Surge","floor":16},{"not_picked":["Leap"],"picked":"Turbo","floor":18},{"not_picked":["Ball Lightning"],"picked":"Turbo","floor":20},{"not_picked":["Barrage"],"picked":"White Noise","floor":21},{"not_picked":["Compile Driver"],"picked":"Coolheaded","floor":22},{"not_picked":["Hello World"],"picked":"Creative AI","floor":23},{"not_picked":["Recycle"],"picked":"Beam Cell+1","floor":24},{"not_picked":["Compile Driver"],"picked":"Coolheaded+1","floor":25},{"not_picked":["Redo"],"picked":"Conserve Battery","floor":29},{"not_picked":["Redo"],"picked":"Sweeping Beam+1","floor":31},{"not_picked":["Rainbow"],"picked":"Buffer","floor":33},{"not_picked":["Melter+1"],"picked":"Turbo+1","floor":35},{"not_picked":["Streamline+1"],"picked":"Turbo","floor":36},{"not_picked":["Steam Power+1"],"picked":"Aggregate+1","floor":38},{"not_picked":["Thunder Strike+1"],"picked":"Hologram","floor":41},{"not_picked":["Redo"],"picked":"Leap","floor":44},{"not_picked":["Redo"],"picked":"Recycle+1","floor":45},{"not_picked":["Static Discharge"],"picked":"Recycle","floor":46},{"not_picked":["Tempest+1"],"picked":"Skim+1","floor":47},{"not_picked":["Rainbow"],"picked":"Reinforced Body","floor":48}],"player_experience":1372070,"relics_obtained":[{"floor":3,"key":"Bag of Marbles"},{"floor":9,"key":"Ancient Tea Set"},{"floor":11,"key":"Potion Belt"},{"floor":14,"key":"InkBottle"},{"floor":23,"key":"Anchor"},{"floor":26,"key":"Molten Egg 2"},{"floor":27,"key":"Enchiridion"},{"floor":29,"key":"Peace Pipe"},{"floor":41,"key":"Thread and Needle"},{"floor":43,"key":"MawBank"},{"floor":48,"key":"Lantern"}],"event_choices":[{"damage_healed":0,"gold_gain":0,"player_choice":"Leave","damage_taken":0,"max_hp_gain":0,"max_hp_loss":0,"event_name":"The Cleric","floor":2,"gold_loss":0},{"damage_healed":0,"gold_gain":0,"player_choice":"Got Potions","damage_taken":0,"max_hp_gain":0,"max_hp_loss":0,"event_name":"Lab","floor":13,"gold_loss":0},{"damage_healed":0,"gold_gain":270,"player_choice":"CARD CARD CARD GOLD GOLD GOLD ","damage_taken":48,"max_hp_gain":0,"max_hp_loss":0,"event_name":"Knowing Skull","floor":19,"potions_obtained":[],"gold_loss":0,"cards_obtained":["Trip","Bandage Up","Purity"]},{"damage_healed":0,"gold_gain":0,"player_choice":"Obtained Book","damage_taken":16,"max_hp_gain":0,"max_hp_loss":0,"event_name":"Cursed Tome","floor":27,"gold_loss":0},{"damage_healed":0,"gold_gain":0,"player_choice":"Smashed Altar","damage_taken":0,"max_hp_gain":0,"max_hp_loss":0,"event_name":"Forgotten Altar","floor":28,"gold_loss":0,"cards_obtained":["Decay"]},{"damage_healed":0,"gold_gain":0,"player_choice":"Ignored","damage_taken":0,"max_hp_gain":0,"max_hp_loss":0,"event_name":"Tomb of Lord Red Mask","floor":37,"gold_loss":0},{"cards_removed":["Genetic Algorithm"],"damage_healed":0,"gold_gain":0,"player_choice":"Gave Card","damage_taken":0,"relics_obtained":["StrikeDummy"],"max_hp_gain":0,"max_hp_loss":0,"event_name":"WeMeetAgain","floor":39,"gold_loss":0}],"is_beta":false,"boss_relics":[{"not_picked":["Nuclear Battery","Ectoplasm"],"picked":"FrozenCore"},{"not_picked":["Runic Pyramid","SacredBark"],"picked":"Philosopher\u0027s Stone"}],"items_purged_floors":[],"is_endless":false,"potions_floor_spawned":[4,14,16,18,25,29,31,33,36,45,46,48],"ascension_level":0}}