{"host":"faxec7zdkweurczj","time":1613133177,"event":{"mods":["Ascension Reborn","BaseMod","Colored Powertips","Conspire","Highlight Path","Minty Spire (QoL Compilation)","Replay The Spire","Shop Mod","StSLib","TestMod","[IsaacMod]ÒÔÈö¼âËþ","óô»ðÖ¸ÄÏ"],"gold_per_floor":[123,333,333,352,155,190,214,230,262,310,30,46,46,58,58,180,180,192,192,232,248,130,164,181,181,210,210,233,255,292,292,292,418,418,441,441,441],"floor_reached":36,"language":"ZHS","playtime":674,"items_purged":["Doubt","Strike_R+1","Strike_R+1"],"score":50,"play_id":"c160606a-d655-4ae8-93c6-df472b1b1980","local_time":"20210212203257","is_ascension_mode":true,"campfire_choices":[{"data":"Cleave","floor":13,"key":"SMITH"},{"data":"Cleave","floor":15,"key":"SMITH"},{"data":"Limit Break","floor":25,"key":"SMITH"},{"data":"Body Slam","floor":27,"key":"SMITH"},{"data":"Body Slam","floor":32,"key":"SMITH"}],"circlet_count":0,"master_deck":["Strike_R+1","Strike_R+1","Strike_R+1","Defend_R+1","Defend_R+1","Defend_R+1","Defend_R+1","Bash+1","EpicFetus","Thunderclap","Inflame","Metallicize+1","Cleave+1","Demon Form","Cleave+1","Bomb","Limit Break+1","Body Slam+1","Metallicize","Metallicize","Body Slam+1"],"relics":["Burning Blood","testmod-TestBox","HushsDoor","testmod-Brilliant","Void","NeowsBlessing","testmod-TurbochargingSystem","Bag of Preparation","Bag of Marbles","Blood Vial","HowToJump","testmod-CasingShield","DeathBook","Prayer Wheel","conspire:SpecialSausage","SatanicBible","Red Mask","TheBean","Golden Egg","Bronze Scales","Pantograph","testmod-BlackFramedGlasses","Coffee Dripper","Damocles","Smiling Mask"],"acts_visited":["Exordium","TheCity","TheBeyond"],"potions_floor_usage":[21],"damage_taken":[{"damage":0,"enemies":"Jaw Worm","floor":1,"turns":1},{"damage":0,"enemies":"2 Louse","floor":4,"turns":1},{"damage":0,"enemies":"Replay:BlueRogue","floor":6,"turns":1},{"damage":0,"enemies":"Cultist","floor":7,"turns":1},{"damage":0,"enemies":"2 Fungi Beasts","floor":8,"turns":1},{"damage":0,"enemies":"Blue Slaver","floor":12,"turns":1},{"damage":0,"enemies":"3 Louse","floor":14,"turns":1},{"damage":0,"enemies":"Slime Boss","floor":16,"turns":3},{"damage":0,"enemies":"Spheric Guardian","floor":18,"turns":2},{"damage":0,"enemies":"Masked Bandits","floor":20,"turns":1},{"damage":0,"enemies":"conspire:FuzzyDice","floor":21,"turns":1},{"damage":0,"enemies":"Replay:Snechameleon","floor":23,"turns":4},{"damage":0,"enemies":"Snecko","floor":24,"turns":2},{"damage":0,"enemies":"Snake Plant","floor":28,"turns":2},{"damage":0,"enemies":"3 Cultists","floor":29,"turns":1},{"damage":0,"enemies":"Gremlin Leader","floor":30,"turns":1},{"damage":0,"enemies":"Collector","floor":33,"turns":3},{"damage":0,"enemies":"3 Darklings","floor":35,"turns":1}],"seed_played":"-6101157689942087471","potions_obtained":[{"floor":4,"key":"Energy Potion"},{"floor":7,"key":"LiquidBronze"},{"floor":12,"key":"Block Potion"},{"floor":14,"key":"Strength Potion"},{"floor":16,"key":"Dexterity Potion"},{"floor":21,"key":"testmod-SpacePotion"},{"floor":21,"key":"Adrenaline Potion"},{"floor":28,"key":"EntropicBrew"},{"floor":29,"key":"Dexterity Potion"}],"is_trial":false,"path_per_floor":["M","?","?","M","$","E","M","M","T","?","$","M","R","M","R","B",null,"M","?","?","M","$","E","M","R","T","R","M","M","E","?","R","B",null,"M","?"],"character_chosen":"IRONCLAD","items_purchased":["Bag of Marbles","Inflame","DeathBook","Demon Form","SatanicBible","Metallicize","Damocles"],"campfire_rested":0,"item_purchase_floors":[5,5,11,11,17,22,34],"current_hp_per_floor":[85,85,82,85,85,85,85,85,85,64,64,75,75,85,85,90,80,80,80,80,80,80,80,80,80,80,80,80,80,80,80,80,85,70,70,0,0],"gold":441,"neow_bonus":"THREE_ENEMY_KILL","is_daily":false,"chose_seed":false,"campfire_upgraded":5,"win_rate":0.0,"timestamp":1613133177,"path_taken":["M","?","?","M","$","E","M","M","T","?","$","M","R","M","R","BOSS","M","?","?","M","$","E","M","R","T","R","M","M","E","?","R","BOSS","M","?"],"items_purchased_type":["Relic","Card","Relic","Card","Relic","Card","Relic"],"build_version":"2020-12-22","purchased_purges":3,"victory":false,"max_hp_per_floor":[85,85,85,85,85,85,85,85,85,85,85,85,85,85,85,90,80,80,80,80,80,80,80,80,80,80,80,80,80,80,80,80,85,70,70,70,70],"card_choices":[{"not_picked":[],"picked":"EpicFetus","floor":0},{"not_picked":["Clash","Uppercut"],"picked":"Thunderclap","floor":1},{"not_picked":["Wild Strike","Iron Wave","Replay:Undeath\u0027s Touch"],"picked":"SKIP","floor":4},{"not_picked":["Blood for Blood","Rupture"],"picked":"Metallicize+1","floor":6},{"not_picked":["Exhume","Flex+1","Flame Barrier"],"picked":"SKIP","floor":6},{"not_picked":["Heavy Blade","Sentinel+1"],"picked":"Cleave","floor":7},{"not_picked":["Warcry","ReplayTheSpireMod:Muscle Training","Clothesline"],"picked":"SKIP","floor":8},{"not_picked":["Whirlwind","Pommel Strike"],"picked":"Cleave","floor":12},{"not_picked":["Spot Weakness","Sword Boomerang"],"picked":"Bomb","floor":14},{"not_picked":["Eclipse","Feed"],"picked":"Limit Break","floor":16},{"not_picked":["Flex+1","True Grit+1"],"picked":"Body Slam","floor":18},{"not_picked":["ReplayTheSpireMod:Strike From Hell+1","Carnage+1","Searing Blow+1"],"picked":"SKIP","floor":18},{"not_picked":["Havoc+1","Rupture+1","Clash+1"],"picked":"SKIP","floor":21},{"not_picked":["Iron Wave","Spot Weakness","True Grit+1"],"picked":"SKIP","floor":21},{"not_picked":["Perfected Strike+1","Havoc","Seeing Red"],"picked":"SKIP","floor":23},{"not_picked":["Combust+1","ReplayReversal+1"],"picked":"Body Slam","floor":24},{"not_picked":["Juggernaut","Searing Blow+1","Clothesline"],"picked":"SKIP","floor":24},{"not_picked":["Flex","conspire:Charge","Clothesline"],"picked":"SKIP","floor":28},{"not_picked":["Twin Strike+1","True Grit","Shockwave"],"picked":"SKIP","floor":28},{"not_picked":["Reckless Charge+1","ReplayTheSpireMod:Strike From Hell+1","Armaments+1"],"picked":"SKIP","floor":29},{"not_picked":["ReplayTheSpireMod:Strike From Hell+1","Rampage","Sword Boomerang"],"picked":"SKIP","floor":29},{"not_picked":["Corruption","Havoc","Warcry"],"picked":"SKIP","floor":30},{"not_picked":["ReplayTheSpireMod:Corrosion Curse","Shockwave+1","ReplayTheSpireMod:LeadingStrike+1"],"picked":"SKIP","floor":35},{"not_picked":["Dual Wield+1","Armaments+1","Pommel Strike"],"picked":"SKIP","floor":35}],"player_experience":1244062,"relics_obtained":[{"floor":4,"key":"Bag of Preparation"},{"floor":6,"key":"Blood Vial"},{"floor":9,"key":"HowToJump"},{"floor":10,"key":"testmod-CasingShield"},{"floor":16,"key":"Prayer Wheel"},{"floor":20,"key":"Red Mask"},{"floor":23,"key":"TheBean"},{"floor":26,"key":"Golden Egg"},{"floor":26,"key":"Bronze Scales"},{"floor":30,"key":"Pantograph"},{"floor":33,"key":"testmod-BlackFramedGlasses"},{"floor":35,"key":"Smiling Mask"}],"event_choices":[{"damage_healed":0,"gold_gain":175,"player_choice":"AGREE","damage_taken":0,"max_hp_gain":0,"max_hp_loss":0,"event_name":"Liars Game","floor":2,"gold_loss":0,"cards_obtained":["Doubt"]},{"damage_healed":0,"gold_gain":0,"player_choice":"Success","damage_taken":3,"relics_obtained":["testmod-TurbochargingSystem"],"max_hp_gain":0,"max_hp_loss":0,"event_name":"Scrap Ooze","floor":3,"gold_loss":0},{"damage_healed":0,"gold_gain":0,"player_choice":"Fought Bandits","damage_taken":0,"max_hp_gain":0,"max_hp_loss":0,"event_name":"Masked Bandits","floor":20,"gold_loss":0},{"damage_healed":0,"gold_gain":0,"player_choice":"Ignored","damage_taken":0,"max_hp_gain":0,"max_hp_loss":0,"event_name":"Vampires","floor":31,"gold_loss":0},{"damage_healed":0,"gold_gain":0,"player_choice":"Embrace Madness","damage_taken":9,"max_hp_gain":0,"max_hp_loss":0,"event_name":"Winding Halls","floor":36,"gold_loss":0,"cards_obtained":["Madness","Madness"]}],"is_beta":false,"boss_relics":[{"not_picked":["Velvet Choker","Black Blood"],"picked":"conspire:SpecialSausage"},{"not_picked":[]},{"not_picked":["Mark of Pain","Runic Dome"],"picked":"Coffee Dripper"},{"not_picked":[]}],"items_purged_floors":[5,22,34],"is_endless":false,"potions_floor_spawned":[6,7,14,16,21,24,28,29],"ascension_level":-20}}