{"host":"ki5kvxn974a96omm","time":1613155038,"event":{"mods":["BaseMod","Colored Map","Colored Powertips","Downfall","Highlight Path","Minty Spire (QoL Compilation)","Relic Sorter","Relic Stats","StSLib"],"gold_per_floor":[0,16,16,28,28,28,28,56,56,71,96,6,26,46,62,164,164,64,84,101,112,112,132,132,152,152,152,183,68,68,83,94,197,197,97,108,121,141,1140,656,656,556,567,596,610,622,622,140,151,151,151,180,23,23,23,23],"floor_reached":57,"language":"ENG","playtime":5773,"items_purged":["bronze:Defend","bronze:Strike","Normality","Normality"],"score":1320,"play_id":"d31b202b-d30b-4b73-a838-d86a8d84e38f","local_time":"20210212133718","is_ascension_mode":false,"campfire_choices":[{"data":"bronze:Goto","floor":1,"key":"SMITH"},{"floor":6,"key":"RECALL"},{"floor":9,"key":"REST"},{"data":"bronze:Boost","floor":18,"key":"SMITH"},{"data":"bronze:Constructor","floor":27,"key":"SMITH"},{"data":"bronze:HardenedForm","floor":30,"key":"SMITH"},{"data":"bronze:Flail","floor":35,"key":"SMITH"},{"data":"bronze:SpaghettiCode","floor":42,"key":"SMITH"},{"data":"bronze:Repulsor","floor":47,"key":"SMITH"},{"data":"bronze:MaxOutput","floor":54,"key":"SMITH"}],"circlet_count":0,"master_deck":["bronze:Strike","bronze:Strike","bronze:Defend","bronze:Defend","bronze:Defend","bronze:Replicate","bronze:Goto+1","bronze:Separator","bronze:SpaghettiCode+1","bronze:Constructor+1","bronze:Flail+1","bronze:Boost+1","bronze:ForceShield","bronze:DelayedSlice","bronze:HardenedForm+1","bronze:DelayedGuard+1","bronze:GetLatest+1","bronze:Frontload","bronze:Turbo","bronze:Deprecate+1","bronze:Repulsor+1","Impatience","bronze:GetLatest+1","bronze:Assembly","Parasite","bronze:Return","bronze:Return+1","bronze:MaxOutput+1","Trip"],"relics":["bronze:BronzeCore","Ginger","downfall:ShatteredFragment","Bottled Flame","Bird Faced Urn","Sundial","sneckomod:SneckoTalon","downfall:HeartBlessingRed","Ornamental Fan","sneckomod:BlankCard","expansioncontent:StudyCardRelic","downfall:HeartBlessingGreen","Bag of Preparation","Pocketwatch","Sling","Bottled Lightning","downfall:HeartBlessingBlue","Mango","Mummified Hand","Eternal Feather"],"acts_visited":["Exordium","TheCity","TheBeyond","TheEnding"],"potions_floor_usage":[11,16,33,40,44,56,56,56],"damage_taken":[{"damage":5,"enemies":"Small Slimes","floor":2,"turns":4},{"damage":3,"enemies":"Jaw Worm","floor":4,"turns":3},{"damage":16,"enemies":"Lagavulin","floor":8,"turns":5},{"damage":7,"enemies":"2 Louse","floor":10,"turns":3},{"damage":0,"enemies":"Gremlin Nob","floor":11,"turns":3},{"damage":0,"enemies":"downfall:FleeingMerchant","floor":12,"turns":4},{"damage":6,"enemies":"Red Slaver","floor":13,"turns":4},{"damage":0,"enemies":"3 Louse","floor":14,"turns":1},{"damage":3,"enemies":"Exordium Wildlife","floor":15,"turns":2},{"damage":3,"enemies":"WA_ARCHETYPE_RETAIN","floor":16,"turns":6},{"damage":5,"enemies":"3 Byrds","floor":19,"turns":2},{"damage":2,"enemies":"Chosen","floor":20,"turns":3},{"damage":4,"enemies":"Snecko","floor":21,"turns":4},{"damage":12,"enemies":"3 Cultists","floor":23,"turns":4},{"damage":0,"enemies":"Snake Plant","floor":25,"turns":3},{"damage":4,"enemies":"Book of Stabbing","floor":28,"turns":5},{"damage":0,"enemies":"downfall:FleeingMerchant","floor":29,"turns":4},{"damage":0,"enemies":"Centurion and Healer","floor":31,"turns":4},{"damage":0,"enemies":"Snecko","floor":32,"turns":5},{"damage":23,"enemies":"DF_ARCHETYPE_CLAW","floor":33,"turns":8},{"damage":0,"enemies":"3 Darklings","floor":36,"turns":3},{"damage":0,"enemies":"Orb Walker","floor":37,"turns":3},{"damage":0,"enemies":"4 Shapes","floor":38,"turns":4},{"damage":0,"enemies":"downfall:FleeingMerchant","floor":40,"turns":4},{"damage":33,"enemies":"3 Darklings","floor":43,"turns":4},{"damage":34,"enemies":"Reptomancer","floor":44,"turns":7},{"damage":14,"enemies":"Spire Growth","floor":45,"turns":5},{"damage":0,"enemies":"Writhing Mass","floor":46,"turns":5},{"damage":0,"enemies":"Sphere and 2 Shapes","floor":49,"turns":3},{"damage":23,"enemies":"SI_POISON_ARCHETYPE","floor":50,"turns":7},{"damage":0,"enemies":"downfall:CharBossMerchant","floor":52,"turns":6},{"damage":2,"enemies":"downfall:NeowBoss","floor":55,"turns":10},{"damage":33,"enemies":"downfall:NeowBossFinal","floor":56,"turns":9}],"seed_played":"2147227264040751441","potions_obtained":[{"floor":2,"key":"SkillPotion"},{"floor":8,"key":"FairyPotion"},{"floor":11,"key":"Guardian:BlockOnCardUsePotion"},{"floor":13,"key":"PowerPotion"},{"floor":19,"key":"bronze:FreeFunctionsPotion"},{"floor":20,"key":"DuplicationPotion"},{"floor":33,"key":"Dexterity Potion"},{"floor":44,"key":"Weak Potion"},{"floor":49,"key":"ColorlessPotion"},{"floor":52,"key":"PowerPotion"}],"is_trial":false,"path_per_floor":["R","M","?","M","?","R","T","E","R","M","E","$","M","M","M","B",null,"R","M","M","M","?","M","T","M","?","R","E","$","R","M","M","B",null,"R","M","M","M","?","$","T","R","M","E","M","M","R","$","M","B",null,"E","$","R","B","B",null],"character_chosen":"THE_AUTOMATON","items_purchased":["Bag of Preparation","Impatience","Pocketwatch","Sling","Mummified Hand","bronze:Return","bronze:MaxOutput","Trip"],"campfire_rested":1,"item_purchase_floors":[40,40,40,40,48,48,53,53],"current_hp_per_floor":[70,65,65,62,41,41,41,25,46,39,39,39,33,33,30,29,70,70,65,65,63,63,53,53,55,70,70,66,70,70,70,70,47,70,70,70,70,70,70,70,70,80,53,39,33,43,43,43,49,38,94,94,94,94,94,65],"gold":23,"neow_bonus":"ONE_RARE_RELIC","is_daily":false,"chose_seed":false,"campfire_upgraded":8,"win_rate":0.0,"timestamp":1613155038,"path_taken":["R","M","?","M","?","R","T","E","R","M","E","?","M","M","M","BOSS","R","M","M","M","?","?","T","M","?","R","E","$","R","M","M","BOSS","R","M","M","M","?","$","T","R","M","E","M","M","R","$","M","BOSS","E","$","R","BOSS","BOSS"],"items_purchased_type":["Relic","Card","Relic","Relic","Relic","Card","Card","Card"],"build_version":"2020-12-22","purchased_purges":4,"victory":true,"max_hp_per_floor":[70,70,70,70,70,70,70,70,70,70,70,70,70,70,70,70,70,70,70,70,70,70,70,70,70,70,70,70,70,70,70,70,70,70,70,70,70,70,70,70,70,80,80,94,94,94,94,94,94,94,94,94,94,94,94,94],"relic_stats":{"counters":[33,147],"Sundial":[26],"Ornamental Fan":[296],"Mummified Hand":[28],"Bird Faced Urn":[68],"Eternal Feather":0,"Bag of Preparation":[18],"Ginger":[38],"obtain_stats":[{"bronze:BronzeCore":0,"downfall:ShatteredFragment":5,"downfall:HeartBlessingRed":18,"sneckomod:BlankCard":28,"downfall:HeartBlessingGreen":35,"Mango":44,"Eternal Feather":52,"expansioncontent:StudyCardRelic":34,"Bag of Preparation":40,"Ginger":0,"sneckomod:SneckoTalon":17,"Sling":40,"Bottled Flame":7,"Sundial":11,"Ornamental Fan":22,"downfall:HeartBlessingBlue":42,"Mummified Hand":48,"Bird Faced Urn":8,"Bottled Lightning":41,"Pocketwatch":40},{"bronze:BronzeCore":0,"downfall:ShatteredFragment":2,"downfall:HeartBlessingRed":10,"sneckomod:BlankCard":16,"downfall:HeartBlessingGreen":20,"Mango":26,"Eternal Feather":31,"expansioncontent:StudyCardRelic":20,"Bag of Preparation":24,"Ginger":0,"sneckomod:SneckoTalon":10,"Sling":24,"Bottled Flame":2,"Sundial":5,"Ornamental Fan":13,"downfall:HeartBlessingBlue":24,"Mummified Hand":28,"Bird Faced Urn":3,"Bottled Lightning":24,"Pocketwatch":24},{"bronze:BronzeCore":0,"downfall:ShatteredFragment":7,"downfall:HeartBlessingRed":35,"sneckomod:BlankCard":56,"downfall:HeartBlessingGreen":77,"Mango":102,"Eternal Feather":128,"expansioncontent:StudyCardRelic":77,"Bag of Preparation":91,"Ginger":0,"sneckomod:SneckoTalon":35,"Sling":91,"Bottled Flame":7,"Sundial":18,"Ornamental Fan":44,"downfall:HeartBlessingBlue":91,"Mummified Hand":112,"Bird Faced Urn":12,"Bottled Lightning":91,"Pocketwatch":91}],"Pocketwatch":[12]},"card_choices":[{"not_picked":["bronze:BronzeArmor","bronze:FollowUp"],"picked":"bronze:Separator","floor":2},{"not_picked":["bronze:Branch","bronze:Optimize","bronze:ClassDefault"],"picked":"SKIP","floor":4},{"not_picked":["bronze:ClassDefault","bronze:Overheat"],"picked":"bronze:SpaghettiCode","floor":8},{"not_picked":["bronze:Allocate","bronze:BitShift"],"picked":"bronze:Constructor","floor":10},{"not_picked":["bronze:Philosophize","bronze:Branch"],"picked":"bronze:Flail","floor":11},{"not_picked":["bronze:Repair","bronze:Philosophize"],"picked":"bronze:Boost","floor":12},{"not_picked":["bronze:BuggyMess","bronze:ChildClass","bronze:Branch"],"picked":"SKIP","floor":13},{"not_picked":["bronze:WhirlingStrike","bronze:CloningBeam"],"picked":"bronze:ForceShield","floor":14},{"not_picked":["bronze:BuggyMess","bronze:Branch"],"picked":"bronze:DelayedSlice","floor":15},{"not_picked":["bronze:Verify","bronze:HyperBeam"],"picked":"bronze:HardenedForm","floor":16},{"not_picked":["bronze:BronzeOrb","bronze:BuggyMess+1"],"picked":"bronze:DelayedGuard+1","floor":19},{"not_picked":["bronze:WhirlingStrike","bronze:Boost"],"picked":"bronze:GetLatest+1","floor":20},{"not_picked":["bronze:Frontload","bronze:Separator","bronze:Shell"],"picked":"SKIP","floor":21},{"not_picked":["bronze:ChosenStrike","bronze:Repair","bronze:Backtrace"],"picked":"SKIP","floor":23},{"not_picked":["bronze:FollowUp+1","bronze:Separator"],"picked":"bronze:Frontload","floor":25},{"not_picked":["bronze:BugBarrage","bronze:ShipIt","bronze:Shell"],"picked":"SKIP","floor":28},{"not_picked":["bronze:BitShift","bronze:ChosenStrike"],"picked":"bronze:Turbo","floor":29},{"not_picked":["bronze:Turbo","bronze:Separator+1","bronze:OilSpill"],"picked":"SKIP","floor":31},{"not_picked":["bronze:RecursiveStrike","bronze:Branch"],"picked":"bronze:Deprecate+1","floor":32},{"not_picked":["bronze:Constructor","bronze:Safeguard+1","bronze:DelayedSlice"],"picked":"SKIP","floor":36},{"not_picked":["bronze:NullPointer","bronze:OilSpill+1","bronze:ItsAFeature"],"picked":"SKIP","floor":37},{"not_picked":["bronze:OilSpill+1","bronze:Optimize+1"],"picked":"bronze:Repulsor","floor":38},{"not_picked":["bronze:ChildClass","bronze:Shield","bronze:DelayedSlice+1"],"picked":"SKIP","floor":40},{"not_picked":["bronze:DelayedGuard+1","bronze:NullPointer"],"picked":"bronze:GetLatest+1","floor":43},{"not_picked":["bronze:Optimize","bronze:BronzeArmor+1","bronze:Constructor"],"picked":"SKIP","floor":44},{"not_picked":["bronze:WhirlingStrike+1","bronze:GetLatest"],"picked":"bronze:Assembly","floor":45},{"not_picked":["bronze:WildBeam","bronze:BugBarrage+1","bronze:BronzeArmor+1"],"picked":"SKIP","floor":46},{"not_picked":["bronze:BugBarrage","bronze:BitShift"],"picked":"bronze:Return+1","floor":49},{"not_picked":["bronze:Invalidate+1","bronze:WhirlingStrike+1","bronze:ClassDefault+1"],"picked":"SKIP","floor":52}],"player_experience":1943078,"relics_obtained":[{"floor":7,"key":"Bottled Flame"},{"floor":8,"key":"Bird Faced Urn"},{"floor":11,"key":"Sundial"},{"floor":22,"key":"Ornamental Fan"},{"floor":28,"key":"sneckomod:BlankCard"},{"floor":41,"key":"Bottled Lightning"},{"floor":44,"key":"Mango"},{"floor":52,"key":"Eternal Feather"}],"event_choices":[{"damage_healed":0,"gold_gain":0,"player_choice":"Relic","damage_taken":0,"max_hp_gain":0,"max_hp_loss":0,"event_name":"Wheel of Change","floor":22,"gold_loss":0},{"damage_healed":23,"gold_gain":0,"player_choice":"Heal","damage_taken":0,"max_hp_gain":0,"max_hp_loss":0,"event_name":"The Library","floor":26,"gold_loss":0}],"is_beta":false,"boss_relics":[{"not_picked":["Sozu","SacredBark"],"picked":"sneckomod:SneckoTalon"},{"not_picked":["Tiny House","bronze:PlatinumCore"],"picked":"expansioncontent:StudyCardRelic"}],"items_purged_floors":[12,29,40,48],"is_endless":false,"potions_floor_spawned":[2,8,11,13,15,19,20,23,33,36,37,44,49,52],"ascension_level":0}}