{"host":"yx5rao87132cy5xq","time":1613155994,"event":{"mods":["2.2 Compatiblity","AchievementEnabler","BaseMod","Bestiary","Colored Map","Colored Powertips","Minty Spire (QoL Compilation)","Quick Restart","Relic Stats","Slay-I","SuperFastMode"],"gold_per_floor":[118,118,134,150,167,201,258,290,361,378,378,403,403,420,420,420,420],"floor_reached":16,"language":"ENG","playtime":1787,"items_purged":[],"score":226,"play_id":"b36d118b-a20a-401c-9ad7-093af449a28d","local_time":"20210212195314","is_ascension_mode":true,"campfire_choices":[{"floor":11.0,"key":"REST"},{"data":"Barricade","floor":13.0,"key":"SMITH"},{"floor":15,"key":"REST"}],"circlet_count":0,"master_deck":["AscendersBane","Strike_R","Strike_R","Strike_R","Strike_R","Strike_R","Defend_R","Defend_R","Defend_R","Defend_R","Bash","Cleave","Shrug It Off","Pommel Strike","Perfected Strike","Intimidate","Flame Barrier","Barricade+1","Inflame","Entrench"],"relics":["Burning Blood","MealTicket","Ginger","Centennial Puzzle","HornCleat","Kunai"],"acts_visited":["Exordium"],"potions_floor_usage":[16],"damage_taken":[{"damage":6.0,"enemies":"Jaw Worm","floor":1.0,"turns":5.0},{"damage":5.0,"enemies":"2 Louse","floor":3.0,"turns":3.0},{"damage":2.0,"enemies":"Cultist","floor":4.0,"turns":4.0},{"damage":14.0,"enemies":"Looter","floor":5.0,"turns":3.0},{"damage":39.0,"enemies":"3 Sentries","floor":6.0,"turns":9.0},{"damage":9.0,"enemies":"3 Sentries","floor":7.0,"turns":6.0},{"damage":35.0,"enemies":"Lagavulin","floor":8.0,"turns":6.0},{"damage":0.0,"enemies":"Red Slaver","floor":10.0,"turns":3.0},{"damage":20.0,"enemies":"3 Sentries","floor":12.0,"turns":8.0},{"damage":18,"enemies":"Exordium Thugs","floor":14,"turns":6},{"damage":61,"enemies":"Slime Boss","floor":16,"turns":8}],"seed_played":"8971087641107162600","potions_obtained":[{"floor":3.0,"key":"Ancient Potion"},{"floor":6.0,"key":"BlessingOfTheForge"},{"floor":7.0,"key":"FearPotion"},{"floor":8.0,"key":"BloodPotion"}],"is_trial":false,"path_per_floor":["M","?","M","M","M","E","?","E","T","M","R","E","R","M","R","B"],"character_chosen":"IRONCLAD","items_purchased":[],"campfire_rested":2,"item_purchase_floors":[],"current_hp_per_floor":[75,80,81,85,77,44,41,12,12,18,44,30,30,18,44,0,0],"gold":420,"neow_bonus":"TEN_PERCENT_HP_BONUS","is_daily":false,"chose_seed":false,"campfire_upgraded":1,"win_rate":0.0,"timestamp":1613155994,"path_taken":["M","?","M","M","M","E","?","E","T","M","R","E","R","M","R","BOSS"],"items_purchased_type":[],"build_version":"2020-12-22","purchased_purges":0,"victory":false,"max_hp_per_floor":[82,87,87,87,87,87,87,87,87,87,87,87,87,87,87,87,87],"relic_stats":{"Centennial Puzzle":[9],"counters":[11,61],"MealTicket":0,"Ginger":[6],"Kunai":[1],"obtain_stats":[{"Centennial Puzzle":8,"HornCleat":9,"MealTicket":6,"Ginger":7,"Kunai":12,"Burning Blood":0},{"Centennial Puzzle":7,"HornCleat":7,"MealTicket":5,"Ginger":6,"Kunai":9,"Burning Blood":0},{"Centennial Puzzle":36,"HornCleat":36,"MealTicket":24,"Ginger":30,"Kunai":47,"Burning Blood":0}],"Burning Blood":60},"card_choices":[{"not_picked":["Warcry","Twin Strike"],"picked":"Cleave","floor":1.0},{"not_picked":["Flex","Infernal Blade"],"picked":"Shrug It Off","floor":4.0},{"not_picked":["Shrug It Off","Thunderclap"],"picked":"Pommel Strike","floor":5.0},{"not_picked":["Searing Blow","Shrug It Off"],"picked":"Perfected Strike","floor":6.0},{"not_picked":["Anger","Evolve"],"picked":"Intimidate","floor":7.0},{"not_picked":["Searing Blow","Entrench"],"picked":"Flame Barrier","floor":8.0},{"not_picked":["Metallicize","Clothesline"],"picked":"Barricade","floor":10.0},{"not_picked":["Thunderclap","Intimidate"],"picked":"Inflame","floor":12.0},{"not_picked":["Twin Strike","Sword Boomerang"],"picked":"Entrench","floor":14}],"player_experience":997837,"relics_obtained":[{"floor":6.0,"key":"MealTicket"},{"floor":7.0,"key":"Ginger"},{"floor":8.0,"key":"Centennial Puzzle"},{"floor":9.0,"key":"HornCleat"},{"floor":12.0,"key":"Kunai"}],"event_choices":[{"damage_healed":0.0,"max_hp_gain":5.0,"max_hp_loss":0.0,"gold_gain":0.0,"event_name":"Big Fish","player_choice":"Donut","floor":2.0,"gold_loss":0.0,"damage_taken":0.0},{"damage_healed":0.0,"max_hp_gain":0.0,"max_hp_loss":0.0,"gold_gain":0.0,"event_name":"Dead Adventurer","player_choice":"Searched \u00271\u0027 times","floor":7.0,"gold_loss":0.0,"damage_taken":0.0}],"is_beta":false,"boss_relics":[],"items_purged_floors":[],"is_endless":false,"potions_floor_spawned":[3,6,7,8],"killed_by":"Slime Boss","ascension_level":17}}