{"host":"0kk91h4bq4kgfj0u","time":1613143522,"event":{"mods":["BaseMod","Bestiary","Block Reminder","Colored Map","Colored Powertips","Curses Come First","Downfall","Highlight Path","Minty Spire (QoL Compilation)","Relic Stats","StSLib"],"gold_per_floor":[99,115,115,145,145,145,145,157,57,73,4,20,20,20,37,37,37,37],"floor_reached":16,"language":"ENG","playtime":583,"items_purged":[],"score":90,"play_id":"046465c2-6076-4559-b3b1-b1d99f0e6a87","local_time":"20210212102522","is_ascension_mode":false,"campfire_choices":[{"floor":1,"key":"RECALL"},{"data":"bronze:BuggyMess","floor":9,"key":"SMITH"},{"data":"bronze:Optimize","floor":13,"key":"SMITH"}],"circlet_count":0,"master_deck":["bronze:Strike","bronze:Strike","bronze:Strike","bronze:Strike","bronze:Defend","bronze:Defend","bronze:Defend","bronze:Defend","bronze:Replicate","bronze:Goto","bronze:Constructor","bronze:BuggyMess+1","bronze:BitShift","bronze:Optimize+1","bronze:WhirlingStrike","bronze:Allocate","bronze:BugBarrage"],"relics":["bronze:BronzeCore","Nunchaku","bronze:BottledCode","Art of War","downfall:HeartBlessingRed"],"acts_visited":["Exordium"],"potions_floor_usage":[16,16],"damage_taken":[{"damage":10,"enemies":"Jaw Worm","floor":2,"turns":4},{"damage":0,"enemies":"Small Slimes","floor":8,"turns":3},{"damage":0,"enemies":"2 Louse","floor":10,"turns":2},{"damage":0,"enemies":"downfall:FleeingMerchant","floor":11,"turns":4},{"damage":7,"enemies":"Blue Slaver","floor":12,"turns":3},{"damage":0,"enemies":"Lots of Slimes","floor":15,"turns":1},{"damage":79,"enemies":"WA_ARCHETYPE_RETAIN","floor":16,"turns":9}],"seed_played":"-5250492900881220339","potions_obtained":[{"floor":8,"key":"Ancient Potion"},{"floor":12,"key":"Block Potion"},{"floor":15,"key":"PowerPotion"}],"is_trial":false,"path_per_floor":["R","M","?","?","?","?","T","M","R","M","$","M","R","?","M","B"],"character_chosen":"THE_AUTOMATON","items_purchased":["bronze:WhirlingStrike"],"campfire_rested":0,"item_purchase_floors":[11],"current_hp_per_floor":[70,60,60,60,60,60,60,60,60,60,60,53,53,58,58,0,0,0],"gold":37,"neow_bonus":"RANDOM_COMMON_RELIC","is_daily":false,"chose_seed":false,"campfire_upgraded":2,"win_rate":0.0,"timestamp":1613143522,"path_taken":["R","M","?","?","?","?","T","M","R","?","$","M","R","?","M","BOSS"],"items_purchased_type":["Card"],"build_version":"2020-12-22","purchased_purges":0,"victory":false,"max_hp_per_floor":[70,70,60,60,60,60,60,60,60,60,60,60,60,65,65,65,65,65],"relic_stats":{"Nunchaku":[6],"counters":[7,26],"Art of War":[1],"obtain_stats":[{"bronze:BottledCode":3,"Nunchaku":0,"bronze:BronzeCore":0,"downfall:HeartBlessingRed":9,"Art of War":7},{"bronze:BottledCode":1,"Nunchaku":0,"bronze:BronzeCore":0,"downfall:HeartBlessingRed":2,"Art of War":1},{"bronze:BottledCode":4,"Nunchaku":0,"bronze:BronzeCore":0,"downfall:HeartBlessingRed":7,"Art of War":4}]},"card_choices":[{"not_picked":["bronze:Iterate","bronze:Overheat"],"picked":"bronze:Constructor","floor":2},{"not_picked":["bronze:Frontload","bronze:CloningBeam"],"picked":"bronze:BuggyMess","floor":8},{"not_picked":["bronze:ForLoop","bronze:Constructor"],"picked":"bronze:BitShift","floor":10},{"not_picked":["bronze:BugBarrage","bronze:Branch"],"picked":"bronze:Optimize","floor":11},{"not_picked":["bronze:Format","bronze:Deprecate"],"picked":"bronze:Allocate","floor":12},{"not_picked":["bronze:Constructor","bronze:Deprecate"],"picked":"bronze:BugBarrage","floor":15}],"player_experience":927412,"relics_obtained":[{"floor":7,"key":"Art of War"}],"event_choices":[{"damage_healed":0,"gold_gain":0,"player_choice":"Donut","damage_taken":0,"max_hp_gain":5,"max_hp_loss":0,"event_name":"Big Fish","floor":14,"gold_loss":0}],"is_beta":false,"boss_relics":[],"items_purged_floors":[],"is_endless":false,"potions_floor_spawned":[8,12,15],"killed_by":"WA_ARCHETYPE_RETAIN","ascension_level":0}}