{"host":"bg8va46pgqgvtzim","time":1613146829,"event":{"mods":["BaseMod","Minty Spire (QoL Compilation)","Quick Restart","StSLib","SuperFastMode"],"gold_per_floor":[119,130,130,149,166,116,128,128,153,153,165,165,177,259,259,275,300,90,90,105,125,125,135,135,135,235,235,251,251,271,288,304,314,340,340,356,375,398,423,423,439,465,485,485,585,598,598,598,693,693,705,705,723,743,790,523,543,543,543,577,577,607,607,656,730,730,759,759,759,772,805,815,829,856,856,856,856,856,4,37,37],"floor_reached":82,"language":"ZHS","playtime":2098,"items_purged":["Strike_P","Strike_P","Strike_P"],"score":1815,"play_id":"5916779e-d8aa-4903-8510-11c9b30b937d","local_time":"20210213002029","is_ascension_mode":true,"campfire_choices":[{"data":"Eruption","floor":8.0,"key":"SMITH"},{"data":"WheelKick","floor":10.0,"key":"SMITH"},{"data":"Halt","floor":12.0,"key":"SMITH"},{"data":"Apotheosis","floor":19.0,"key":"SMITH"},{"floor":24.0,"key":"RECALL"},{"data":"MentalFortress","floor":25.0,"key":"SMITH"},{"data":"DeusExMachina","floor":35.0,"key":"SMITH"},{"data":"Adaptation","floor":40.0,"key":"SMITH"},{"data":"Wallop","floor":44.0,"key":"SMITH"},{"data":"Prostrate","floor":48.0,"key":"SMITH"},{"data":"Pray","floor":59.0,"key":"SMITH"},{"data":"DevaForm","floor":63.0,"key":"SMITH"},{"data":"Prostrate","floor":66.0,"key":"SMITH"},{"data":"Indignation","floor":68,"key":"SMITH"},{"data":"MentalFortress","floor":75,"key":"SMITH"},{"data":"FlurryOfBlows","floor":78,"key":"SMITH"}],"circlet_count":0,"master_deck":["Strike_P","Defend_P","Defend_P","Eruption+1","Vigilance","FearNoEvil","Indignation+1","WheelKick+1","Halt+1","Adaptation+1","FlurryOfBlows+1","Apotheosis+1","Prostrate+1","MentalFortress+1","InnerPeace","DeusExMachina+1","Prostrate+1","Wallop+1","Tantrum+1","Sanctity+1","Prostrate+1","Pray+1","DevaForm+1","MentalFortress+1","TalkToTheHand","Devotion"],"relics":["PureWater","Ginger","Meat on the Bone","The Courier","StrikeDummy","Pantograph","Coffee Dripper","Unceasing Top","Bronze Scales","TeardropLocket","CloakClasp","Eternal Feather","Philosopher\u0027s Stone","StoneCalendar","Membership Card","Ornamental Fan","White Beast Statue","Pen Nib","CaptainsWheel","Lantern","Bottled Lightning","Pocketwatch","Anchor","Bag of Preparation","Orrery","Orichalcum","HornCleat","Thread and Needle","Incense Burner","Akabeko","Vajra","Kunai","Bottled Tornado","Strawberry"],"acts_visited":["Exordium","TheCity","TheBeyond","TheEnding"],"potions_floor_usage":[74,81,81,81],"damage_taken":[{"damage":3.0,"enemies":"Cultist","floor":1.0,"turns":5.0},{"damage":0.0,"enemies":"2 Louse","floor":2.0,"turns":4.0},{"damage":4.0,"enemies":"Small Slimes","floor":4.0,"turns":6.0},{"damage":3.0,"enemies":"Gremlin Gang","floor":5.0,"turns":3.0},{"damage":4.0,"enemies":"Looter","floor":7.0,"turns":3.0},{"damage":13.0,"enemies":"Lagavulin","floor":9.0,"turns":7.0},{"damage":0.0,"enemies":"3 Louse","floor":11.0,"turns":2.0},{"damage":0.0,"enemies":"Large Slime","floor":13.0,"turns":3.0},{"damage":7.0,"enemies":"Blue Slaver","floor":16.0,"turns":2.0},{"damage":0.0,"enemies":"3 Sentries","floor":17.0,"turns":3.0},{"damage":0.0,"enemies":"2 Fungi Beasts","floor":20.0,"turns":2.0},{"damage":0.0,"enemies":"Looter","floor":21.0,"turns":1.0},{"damage":4.0,"enemies":"Blue Slaver","floor":23.0,"turns":2.0},{"damage":12.0,"enemies":"Hexaghost","floor":26.0,"turns":6.0},{"damage":0.0,"enemies":"Shell Parasite","floor":28.0,"turns":1.0},{"damage":4.0,"enemies":"Spheric Guardian","floor":30.0,"turns":4.0},{"damage":11.0,"enemies":"Centurion and Healer","floor":31.0,"turns":6.0},{"damage":10.0,"enemies":"Snecko","floor":32.0,"turns":5.0},{"damage":8.0,"enemies":"Snake Plant","floor":33.0,"turns":3.0},{"damage":13.0,"enemies":"Book of Stabbing","floor":34.0,"turns":4.0},{"damage":14.0,"enemies":"3 Cultists","floor":36.0,"turns":5.0},{"damage":14.0,"enemies":"Shelled Parasite and Fungi","floor":37.0,"turns":4.0},{"damage":34.0,"enemies":"Slavers","floor":39.0,"turns":3.0},{"damage":8.0,"enemies":"Snake Plant","floor":41.0,"turns":3.0},{"damage":11.0,"enemies":"Gremlin Leader","floor":42.0,"turns":5.0},{"damage":5.0,"enemies":"Centurion and Healer","floor":43.0,"turns":4.0},{"damage":13.0,"enemies":"Colosseum Slavers","floor":45.0,"turns":2.0},{"damage":0.0,"enemies":"Colosseum Nobs","floor":45.0,"turns":3.0},{"damage":0.0,"enemies":"Shelled Parasite and Fungi","floor":46.0,"turns":3.0},{"damage":16.0,"enemies":"Champ","floor":49.0,"turns":6.0},{"damage":0.0,"enemies":"3 Shapes","floor":51.0,"turns":2.0},{"damage":0.0,"enemies":"3 Darklings","floor":53.0,"turns":2.0},{"damage":0.0,"enemies":"Maw","floor":54.0,"turns":4.0},{"damage":26.0,"enemies":"2 Orb Walkers","floor":55.0,"turns":5.0},{"damage":4.0,"enemies":"Writhing Mass","floor":57.0,"turns":3.0},{"damage":1.0,"enemies":"Reptomancer","floor":60.0,"turns":6.0},{"damage":0.0,"enemies":"Giant Head","floor":62.0,"turns":4.0},{"damage":25,"enemies":"Nemesis","floor":67,"turns":3},{"damage":9,"enemies":"Jaw Worm Horde","floor":70,"turns":2},{"damage":0,"enemies":"Giant Head","floor":71,"turns":4},{"damage":0,"enemies":"4 Shapes","floor":72,"turns":5},{"damage":0,"enemies":"Transient","floor":73,"turns":5},{"damage":0,"enemies":"Nemesis","floor":74,"turns":5},{"damage":5,"enemies":"Donu and Deca","floor":76,"turns":5},{"damage":0,"enemies":"Shield and Spear","floor":80,"turns":4},{"damage":59,"enemies":"The Heart","floor":81,"turns":5}],"seed_played":"-4455818874013871813","potions_obtained":[{"floor":2.0,"key":"Fire Potion"},{"floor":4.0,"key":"Ambrosia"},{"floor":9.0,"key":"EssenceOfSteel"},{"floor":16.0,"key":"Weak Potion"},{"floor":17.0,"key":"CultistPotion"},{"floor":36.0,"key":"SkillPotion"},{"floor":41.0,"key":"BottledMiracle"},{"floor":46.0,"key":"GamblersBrew"},{"floor":49.0,"key":"Strength Potion"},{"floor":53.0,"key":"Dexterity Potion"},{"floor":55.0,"key":"DuplicationPotion"},{"floor":71,"key":"Swift Potion"},{"floor":74,"key":"ColorlessPotion"}],"is_trial":false,"path_per_floor":["M","M","?","M","M","?","M","R","E","R","M","R","M","T","T","M","E","$","R","M","M","?","M","R","R","B",null,"M","$","M","M","M","M","E","R","M","M","T","E","R","M","E","M","R","?","M","?","R","B",null,"M","?","M","M","?","$","M","T","R","E","?","E","R","T","T","R","E","R","?","M","E","M","M","E","R","B",null,"R","$","E","B",null],"character_chosen":"WATCHER","items_purchased":["Apotheosis","Membership Card","Ornamental Fan","Orrery","Orichalcum","HornCleat","Thread and Needle","Incense Burner","Akabeko","Vajra","Kunai","Bottled Tornado"],"campfire_rested":0,"item_purchase_floors":[18,56,56,79,79,79,79,79,79,79,79,79],"current_hp_per_floor":[69,69,74,70,67,67,63,63,50,50,50,50,50,50,50,43,43,43,43,43,43,43,39,39,39,52,77,77,77,73,62,52,44,43,43,41,39,39,17,17,21,22,29,29,40,40,40,55,61,77,77,73,73,73,47,47,43,43,55,54,54,54,66,66,66,73,48,60,60,51,51,51,51,51,66,68,73,73,73,80,33],"gold":37,"neow_bonus":"ONE_RANDOM_RARE_CARD","is_daily":false,"chose_seed":false,"campfire_upgraded":15,"win_rate":0.0,"timestamp":1613146829,"path_taken":["M","M","?","M","M","?","M","R","E","R","M","R","M","T","T","M","E","$","R","M","M","?","M","R","R","BOSS","M","$","M","M","M","M","E","R","M","M","T","E","R","?","E","M","R","?","M","?","R","BOSS","M","?","M","M","?","$","M","?","R","E","?","E","R","T","T","R","E","R","?","M","E","M","?","E","R","BOSS","R","$","E","BOSS"],"items_purchased_type":["Card","Relic","Relic","Relic","Relic","Relic","Relic","Relic","Relic","Relic","Relic","Relic"],"build_version":"2020-12-22","purchased_purges":3,"victory":true,"max_hp_per_floor":[72,72,77,77,77,77,77,77,77,77,77,77,77,77,77,77,77,77,77,77,77,77,77,77,77,77,77,77,77,77,77,77,77,77,77,77,77,77,77,77,77,77,77,77,77,77,77,77,77,77,77,73,73,73,73,73,73,73,73,73,73,73,73,73,73,73,73,73,73,73,73,73,73,73,73,73,73,73,73,80,80],"card_choices":[{"not_picked":["EmptyBody","InnerPeace"],"picked":"FearNoEvil","floor":1.0},{"not_picked":["SignatureMove","Protect"],"picked":"Indignation","floor":2.0},{"not_picked":["CrushJoints","Wallop"],"picked":"WheelKick","floor":4.0},{"not_picked":["Indignation","JustLucky"],"picked":"Halt","floor":5.0},{"not_picked":["CutThroughFate","Worship","Weave"],"picked":"SKIP","floor":7.0},{"not_picked":["CutThroughFate","JustLucky","WheelKick"],"picked":"SKIP","floor":9.0},{"not_picked":["SandsOfTime","Protect","Devotion"],"picked":"SKIP","floor":11.0},{"not_picked":["ClearTheMind","FlurryOfBlows"],"picked":"Adaptation","floor":13.0},{"not_picked":["Study","FearNoEvil"],"picked":"FlurryOfBlows","floor":16.0},{"not_picked":["Worship","EmptyFist","JustLucky"],"picked":"SKIP","floor":17.0},{"not_picked":["SignatureMove","Consecrate"],"picked":"Prostrate","floor":20.0},{"not_picked":["Crescendo","Protect"],"picked":"MentalFortress","floor":21.0},{"not_picked":["ThirdEye","FlurryOfBlows"],"picked":"InnerPeace","floor":23.0},{"not_picked":["Omniscience","Establishment"],"picked":"DeusExMachina","floor":26.0},{"not_picked":["Protect","Conclude","CutThroughFate"],"picked":"SKIP","floor":28.0},{"not_picked":["Protect","Wireheading+1"],"picked":"Prostrate","floor":30.0},{"not_picked":["Blasphemy","SashWhip"],"picked":"Wallop","floor":31.0},{"not_picked":["Crescendo+1","SashWhip","DeceiveReality"],"picked":"SKIP","floor":32.0},{"not_picked":["ClearTheMind","Consecrate","FearNoEvil"],"picked":"SKIP","floor":33.0},{"not_picked":["Scrawl","ReachHeaven"],"picked":"Tantrum+1","floor":34.0},{"not_picked":["EmptyBody","BattleHymn","Evaluate"],"picked":"SKIP","floor":36.0},{"not_picked":["Prostrate","ThirdEye"],"picked":"Sanctity+1","floor":37.0},{"not_picked":["JustLucky+1","EmptyFist","Prostrate"],"picked":"SKIP","floor":39.0},{"not_picked":["JustLucky","Weave+1"],"picked":"Prostrate+1","floor":41.0},{"not_picked":["FlyingSleeves","EmptyFist","EmptyBody"],"picked":"SKIP","floor":42.0},{"not_picked":["Swivel","Crescendo","ClearTheMind"],"picked":"SKIP","floor":43.0},{"not_picked":["FollowUp","ConjureBlade"],"picked":"Pray","floor":46.0},{"not_picked":["CutThroughFate","Protect+1","Wallop"],"picked":"SKIP","floor":51.0},{"not_picked":["Worship+1","EmptyBody+1","Prostrate+1"],"picked":"SKIP","floor":53.0},{"not_picked":["Prostrate","ClearTheMind","Sanctity"],"picked":"SKIP","floor":54.0},{"not_picked":["EmptyFist","WheelKick","Crescendo+1"],"picked":"SKIP","floor":57.0},{"not_picked":["CarveReality","FearNoEvil"],"picked":"DevaForm","floor":60.0},{"not_picked":["SandsOfTime+1","MasterReality","JustLucky+1"],"picked":"SKIP","floor":62.0},{"not_picked":["BattleHymn","ThirdEye","Pray"],"picked":"SKIP","floor":67},{"not_picked":["ThirdEye+1","WheelKick","FlyingSleeves"],"picked":"SKIP","floor":70},{"not_picked":["Halt","EmptyBody+1","LikeWater"],"picked":"SKIP","floor":71},{"not_picked":["Consecrate+1","Nirvana","Prostrate+1"],"picked":"SKIP","floor":72},{"not_picked":["Perseverance+1","Crescendo+1","BowlingBash+1"],"picked":"SKIP","floor":73},{"not_picked":["DeceiveReality+1","CutThroughFate"],"picked":"MentalFortress","floor":74},{"not_picked":["Halt+1","CutThroughFate+1"],"picked":"TalkToTheHand","floor":79},{"not_picked":["FollowUp+1","CutThroughFate+1"],"picked":"Devotion","floor":79},{"not_picked":["Indignation+1","Meditate+1","CrushJoints"],"picked":"SKIP","floor":80}],"player_experience":2444991,"relics_obtained":[{"floor":9.0,"key":"Ginger"},{"floor":14.0,"key":"Meat on the Bone"},{"floor":15.0,"key":"The Courier"},{"floor":17.0,"key":"StrikeDummy"},{"floor":34.0,"key":"Unceasing Top"},{"floor":39.0,"key":"Bronze Scales"},{"floor":42.0,"key":"TeardropLocket"},{"floor":45.0,"key":"CloakClasp"},{"floor":45.0,"key":"Eternal Feather"},{"floor":55.0,"key":"StoneCalendar"},{"floor":58.0,"key":"White Beast Statue"},{"floor":60.0,"key":"Pen Nib"},{"floor":62.0,"key":"CaptainsWheel"},{"floor":64.0,"key":"Lantern"},{"floor":65.0,"key":"Bottled Lightning"},{"floor":67,"key":"Pocketwatch"},{"floor":71,"key":"Anchor"},{"floor":74,"key":"Bag of Preparation"},{"floor":80,"key":"Strawberry"}],"event_choices":[{"damage_healed":0.0,"max_hp_gain":5.0,"max_hp_loss":0.0,"gold_gain":0.0,"event_name":"Big Fish","player_choice":"Donut","floor":3.0,"gold_loss":0.0,"damage_taken":0.0},{"cards_removed":["Defend_P"],"damage_healed":0.0,"max_hp_gain":0.0,"max_hp_loss":0.0,"gold_gain":0.0,"event_name":"The Cleric","player_choice":"Card Removal","floor":6.0,"gold_loss":50.0,"damage_taken":0.0},{"cards_removed":["Establishment"],"damage_healed":0.0,"max_hp_gain":0.0,"max_hp_loss":0.0,"gold_gain":0.0,"event_name":"WeMeetAgain","player_choice":"Gave Card","floor":22.0,"gold_loss":0.0,"damage_taken":0.0,"relics_obtained":["Pantograph"]},{"damage_healed":0.0,"max_hp_gain":0.0,"max_hp_loss":0.0,"gold_gain":0.0,"event_name":"Colosseum","player_choice":"Fight","floor":45.0,"gold_loss":0.0,"damage_taken":0.0},{"damage_healed":0.0,"max_hp_gain":0.0,"max_hp_loss":0.0,"gold_gain":0.0,"event_name":"Colosseum","player_choice":"Fought Nobs","floor":45.0,"gold_loss":0.0,"damage_taken":0.0},{"damage_healed":0.0,"max_hp_gain":0.0,"max_hp_loss":0.0,"gold_gain":0.0,"event_name":"Vampires","player_choice":"Ignored","floor":47.0,"gold_loss":0.0,"damage_taken":0.0},{"damage_healed":0.0,"max_hp_gain":0.0,"max_hp_loss":4.0,"gold_gain":0.0,"event_name":"Winding Halls","player_choice":"Max HP","floor":52.0,"gold_loss":0.0,"damage_taken":0.0},{"damage_healed":0.0,"max_hp_gain":0.0,"max_hp_loss":0.0,"gold_gain":0.0,"event_name":"Mysterious Sphere","player_choice":"Fight","floor":55.0,"gold_loss":0.0,"damage_taken":0.0},{"cards_removed":["Defend_P"],"damage_healed":0.0,"max_hp_gain":0.0,"max_hp_loss":0.0,"gold_gain":0.0,"event_name":"Falling","player_choice":"Removed Skill","floor":61.0,"gold_loss":0.0,"damage_taken":0.0},{"damage_healed":0,"gold_gain":0,"player_choice":"Ignored","damage_taken":0,"max_hp_gain":0,"max_hp_loss":0,"event_name":"Tomb of Lord Red Mask","floor":69,"gold_loss":0}],"is_beta":false,"boss_relics":[{"not_picked":["Calling Bell","Runic Pyramid"],"picked":"Coffee Dripper"},{"not_picked":["Black Star","SlaversCollar"],"picked":"Philosopher\u0027s Stone"}],"items_purged_floors":[18,56,79],"is_endless":false,"potions_floor_spawned":[2,4,9,16,17,21,23,26,31,33,36,41,45,46,49,53,55,60,62,67,70,71,72,73,74,80],"ascension_level":1}}