{"host":"pdq28s6637cpsst2","time":1613112937,"event":{"mods":["BaseMod","Colored Map","Highlight Path","Minty Spire (QoL Compilation)","Permanent Neow","Quick Restart"],"gold_per_floor":[115,115,115,133,148,148,158,158,158,175,23,51,51,77,77,176,176,192,291,316,330,156,183,183,215,239,239,114,114,127,127,127,228,228,245,260,110,122,122,134,134,462,534,545,545,564,594,609,609,609,609,609,174,207,207,207],"floor_reached":55,"language":"ENG","playtime":3773,"items_purged":["Strike_R","Strike_R","Strike_R","Strike_R","Strike_R"],"score":913,"play_id":"6fa18c55-73bd-4c8b-a697-a9209766b424","local_time":"20210212015537","is_ascension_mode":true,"campfire_choices":[{"data":"Immolate","floor":6.0,"key":"SMITH"},{"data":"Flame Barrier","floor":8.0,"key":"SMITH"},{"data":"Warcry","floor":15.0,"key":"SMITH"},{"data":"Offering","floor":24.0,"key":"SMITH"},{"data":"Battle Trance","floor":27.0,"key":"SMITH"},{"data":"Infernal Blade","floor":29.0,"key":"SMITH"},{"floor":32.0,"key":"REST"},{"data":"Infernal Blade","floor":41.0,"key":"SMITH"},{"floor":45.0,"key":"RECALL"},{"data":"Fire Breathing","floor":49.0,"key":"SMITH"},{"data":"Flame Barrier","floor":52.0,"key":"SMITH"}],"circlet_count":0,"master_deck":["Defend_R","Defend_R","Defend_R","Defend_R","Bash+1","Cleave","Immolate+1","Reckless Charge","Flame Barrier+1","Fire Breathing+1","Battle Trance+1","Warcry+1","Offering+1","CurseOfTheBell","Pommel Strike+1","Battle Trance+1","Shockwave+1","Infernal Blade+1","Infernal Blade+1","Warcry+1","Immolate","Flame Barrier+1","Wild Strike","Infernal Blade+1","Bash","Flex+1","Wild Strike+1","Parasite"],"relics":["Burning Blood","Bottled Lightning","Shuriken","Matryoshka","Happy Flower","Ornamental Fan","Champion Belt","Red Mask","Kunai","Pear","Bag of Preparation","Blood Vial","Nloth\u0027s Gift","Sozu","Old Coin","Sundial","Bottled Tornado","Paper Frog","Red Skull"],"acts_visited":["Exordium","TheCity","TheBeyond","TheEnding"],"potions_floor_usage":[],"damage_taken":[{"damage":0.0,"enemies":"2 Louse","floor":1.0,"turns":3.0},{"damage":4.0,"enemies":"Jaw Worm","floor":4.0,"turns":4.0},{"damage":6.0,"enemies":"Cultist","floor":5.0,"turns":3.0},{"damage":7.0,"enemies":"Exordium Wildlife","floor":7.0,"turns":2.0},{"damage":0.0,"enemies":"Large Slime","floor":10.0,"turns":5.0},{"damage":32.0,"enemies":"Gremlin Nob","floor":12.0,"turns":4.0},{"damage":10.0,"enemies":"3 Sentries","floor":14.0,"turns":3.0},{"damage":40.0,"enemies":"Hexaghost","floor":16.0,"turns":8.0},{"damage":0.0,"enemies":"Chosen","floor":18.0,"turns":4.0},{"damage":0.0,"enemies":"Masked Bandits","floor":20.0,"turns":2.0},{"damage":15.0,"enemies":"Shell Parasite","floor":21.0,"turns":3.0},{"damage":31.0,"enemies":"Slavers","floor":23.0,"turns":3.0},{"damage":6.0,"enemies":"Gremlin Leader","floor":25.0,"turns":3.0},{"damage":15.0,"enemies":"Centurion and Healer","floor":30.0,"turns":4.0},{"damage":78.0,"enemies":"Collector","floor":33.0,"turns":8.0},{"damage":6.0,"enemies":"3 Darklings","floor":35.0,"turns":2.0},{"damage":14.0,"enemies":"Orb Walker","floor":36.0,"turns":3.0},{"damage":11.0,"enemies":"3 Darklings","floor":38.0,"turns":3.0},{"damage":6.0,"enemies":"Spire Growth","floor":40.0,"turns":2.0},{"damage":32.0,"enemies":"Reptomancer","floor":42.0,"turns":4.0},{"damage":18.0,"enemies":"Transient","floor":44.0,"turns":5.0},{"damage":0.0,"enemies":"Sphere and 2 Shapes","floor":46.0,"turns":2.0},{"damage":8.0,"enemies":"Nemesis","floor":47.0,"turns":5.0},{"damage":10.0,"enemies":"Writhing Mass","floor":48.0,"turns":5.0},{"damage":62.0,"enemies":"Donu and Deca","floor":50.0,"turns":8.0},{"damage":70.0,"enemies":"Shield and Spear","floor":54.0,"turns":4.0},{"damage":75,"enemies":"The Heart","floor":55,"turns":2}],"seed_played":"-8514660597092845658","potions_obtained":[{"floor":7.0,"key":"SpeedPotion"},{"floor":12.0,"key":"SmokeBomb"},{"floor":14.0,"key":"Dexterity Potion"},{"floor":16.0,"key":"Block Potion"},{"floor":21.0,"key":"BlessingOfTheForge"},{"floor":23.0,"key":"Fruit Juice"},{"floor":25.0,"key":"FearPotion"},{"floor":33.0,"key":"AttackPotion"}],"is_trial":false,"path_per_floor":["M","?","?","M","M","R","M","R","T","M","$","E","$","E","R","B",null,"M","?","?","M","$","E","R","E","T","R","$","R","M","?","R","B",null,"M","M","$","M","?","M","R","E","T","M","R","M","E","M","R","B",null,"R","$","E","B"],"character_chosen":"IRONCLAD","items_purchased":["Fire Breathing","Infernal Blade","Paper Frog"],"campfire_rested":1,"item_purchase_floors":[11,22,53],"current_hp_per_floor":[80,85,85,85,85,85,84,84,84,85,85,59,59,55,55,21,85,85,85,85,76,76,56,56,66,66,66,66,66,59,59,89,19,100,100,92,92,89,89,91,91,67,67,57,57,65,65,63,63,9,100,100,100,36,0,0],"gold":207,"neow_bonus":"UPGRADE_CARD","is_daily":false,"chose_seed":false,"campfire_upgraded":9,"win_rate":0.0,"timestamp":1613112937,"path_taken":["M","?","?","M","M","R","?","R","T","M","$","E","$","E","R","BOSS","M","?","?","M","$","E","R","E","T","R","$","R","M","?","R","BOSS","M","M","$","?","?","M","R","E","T","M","R","?","E","M","R","BOSS","R","$","E","BOSS"],"items_purchased_type":["Card","Card","Relic"],"build_version":"2020-12-22","purchased_purges":5,"victory":false,"max_hp_per_floor":[80,85,85,85,85,85,85,85,85,85,85,85,85,85,85,85,85,85,85,85,85,85,90,90,100,100,100,100,100,100,100,100,100,100,100,100,100,100,100,100,100,100,100,100,100,100,100,100,100,100,100,100,100,100,100,100],"card_choices":[{"not_picked":["Iron Wave","Clothesline"],"picked":"Cleave","floor":1.0},{"not_picked":["Feel No Pain","True Grit"],"picked":"Immolate","floor":4.0},{"not_picked":["Headbutt","Havoc"],"picked":"Reckless Charge","floor":5.0},{"not_picked":["Warcry","Whirlwind"],"picked":"Flame Barrier","floor":7.0},{"not_picked":["Wild Strike","Anger","Armaments"],"picked":"SKIP","floor":10.0},{"not_picked":["Headbutt","Wild Strike"],"picked":"Battle Trance","floor":12.0},{"not_picked":["Seeing Red","Bludgeon"],"picked":"Warcry","floor":14.0},{"not_picked":["Impervious","Demon Form"],"picked":"Offering","floor":16.0},{"not_picked":["Thunderclap","Power Through"],"picked":"Pommel Strike+1","floor":18.0},{"not_picked":["Clothesline+1","Dual Wield"],"picked":"Battle Trance+1","floor":20.0},{"not_picked":["Whirlwind","Shrug It Off"],"picked":"Shockwave+1","floor":21.0},{"not_picked":["Cleave","Perfected Strike"],"picked":"Infernal Blade","floor":23.0},{"not_picked":["Brutality","Twin Strike"],"picked":"Warcry+1","floor":25.0},{"not_picked":["Thunderclap","Warcry","Armaments"],"picked":"SKIP","floor":30.0},{"not_picked":["Juggernaut","Corruption"],"picked":"Immolate","floor":33.0},{"not_picked":["Spot Weakness+1","Clothesline"],"picked":"Flame Barrier","floor":35.0},{"not_picked":["Second Wind","Disarm"],"picked":"Wild Strike","floor":36.0},{"not_picked":["Demon Form","Warcry"],"picked":"Infernal Blade+1","floor":38.0},{"not_picked":["Clothesline+1","Twin Strike+1","Havoc+1"],"picked":"SKIP","floor":40.0},{"not_picked":["Hemokinesis+1","Corruption"],"picked":"Flex+1","floor":42.0},{"not_picked":["Carnage+1","Immolate","Flex"],"picked":"SKIP","floor":44.0},{"not_picked":["Headbutt+1","Blood for Blood","Anger"],"picked":"SKIP","floor":46.0},{"not_picked":["Shrug It Off","Headbutt"],"picked":"Wild Strike+1","floor":47.0},{"not_picked":["Entrench+1","Armaments+1","Flex"],"picked":"SKIP","floor":48.0},{"not_picked":["Pummel","Limit Break","Wild Strike"],"picked":"SKIP","floor":54.0}],"player_experience":163356,"relics_obtained":[{"floor":9.0,"key":"Bottled Lightning"},{"floor":12.0,"key":"Shuriken"},{"floor":14.0,"key":"Matryoshka"},{"floor":17.0,"key":"Happy Flower"},{"floor":17.0,"key":"Ornamental Fan"},{"floor":17.0,"key":"Champion Belt"},{"floor":20.0,"key":"Red Mask"},{"floor":23.0,"key":"Kunai"},{"floor":25.0,"key":"Pear"},{"floor":26.0,"key":"Bag of Preparation"},{"floor":26.0,"key":"Blood Vial"},{"floor":42.0,"key":"Old Coin"},{"floor":43.0,"key":"Sundial"},{"floor":47.0,"key":"Bottled Tornado"},{"floor":54.0,"key":"Red Skull"}],"event_choices":[{"damage_healed":0.0,"max_hp_gain":5.0,"max_hp_loss":0.0,"gold_gain":0.0,"event_name":"Big Fish","player_choice":"Donut","floor":2.0,"gold_loss":0.0,"damage_taken":0.0},{"damage_healed":0.0,"max_hp_gain":0.0,"max_hp_loss":0.0,"gold_gain":0.0,"event_name":"Wheel of Change","player_choice":"Full Heal","floor":3.0,"gold_loss":0.0,"damage_taken":0.0},{"damage_healed":0.0,"max_hp_gain":0.0,"max_hp_loss":0.0,"gold_gain":99.0,"event_name":"Nest","player_choice":"Stole From Cult","floor":19.0,"gold_loss":0.0,"damage_taken":0.0},{"damage_healed":0.0,"max_hp_gain":0.0,"max_hp_loss":0.0,"gold_gain":0.0,"event_name":"Masked Bandits","player_choice":"Fought Bandits","floor":20.0,"gold_loss":0.0,"damage_taken":0.0},{"damage_healed":0.0,"max_hp_gain":0.0,"max_hp_loss":0.0,"gold_gain":0.0,"event_name":"N\u0027loth","player_choice":"Traded Relic","floor":31.0,"relics_lost":["Calling Bell"],"gold_loss":0.0,"damage_taken":0.0,"relics_obtained":["Nloth\u0027s Gift"]},{"damage_healed":0.0,"max_hp_gain":0.0,"max_hp_loss":0.0,"gold_gain":0.0,"event_name":"Match and Keep!","player_choice":"1 cards matched","floor":39.0,"gold_loss":0.0,"damage_taken":0.0,"cards_obtained":["Bash"]}],"is_beta":false,"boss_relics":[{"not_picked":["Runic Cube","Fusion Hammer"],"picked":"Calling Bell"},{"not_picked":["Runic Dome","Runic Pyramid"],"picked":"Sozu"}],"items_purged_floors":[11,22,28,37,53],"is_endless":false,"potions_floor_spawned":[7,12,14,16,21,23,25,33,38,42,46],"killed_by":"The Heart","ascension_level":3}}