{"host":"89iuq2p5kwriuwfq","time":1613139292,"event":{"mods":["BaseMod","Curses Come First","Minty Spire (QoL Compilation)","Permanent Neow","StSLib"],"gold_per_floor":[116,116,131,131,147,178,194,194,194,194,226,246,274,328,328,427,427,442,210,223,239,254,254,285,285,357,357,357,384,402,14,14,115,115,133,35,46,6,21,53,73,101,101,112,142,142,171,181,181,181],"floor_reached":51,"language":"ENG","playtime":3334,"items_purged":["Defend_R","Strike_R"],"score":1423,"play_id":"1b54f924-ada3-4eb1-93f1-5b843aed3b27","local_time":"20210212141452","is_ascension_mode":true,"campfire_choices":[{"data":"True Grit","floor":8.0,"key":"SMITH"},{"data":"Anger","floor":10.0,"key":"SMITH"},{"data":"Metallicize","floor":15.0,"key":"SMITH"},{"data":"Double Tap","floor":23.0,"key":"SMITH"},{"data":"Double Tap","floor":25.0,"key":"SMITH"},{"data":"Infernal Blade","floor":27.0,"key":"SMITH"},{"data":"Armaments","floor":32.0,"key":"SMITH"},{"data":"Offering","floor":49.0,"key":"SMITH"}],"circlet_count":0,"master_deck":["AscendersBane","Strike_R","Strike_R","Defend_R","Defend_R","Bash","Infernal Blade+1","Hemokinesis","True Grit+1","Anger+1","Thunderclap","Metallicize+1","Double Tap+1","Iron Wave","Metallicize+1","Sword Boomerang+1","Double Tap+1","Spot Weakness","Uppercut","Anger","Flash of Steel","Armaments+1","Offering+1","Pommel Strike","Shrug It Off","Rupture","Infernal Blade+1","Inflame","Flex+1","Body Slam+1","Pommel Strike+1","Demon Form","Feed"],"relics":["Burning Blood","Ornamental Fan","Meat on the Bone","Red Skull","Kunai","SlaversCollar","DollysMirror","Blood Vial","Blue Candle","Oddly Smooth Stone","Strawberry","Coffee Dripper","Centennial Puzzle","Incense Burner","Bottled Flame","Question Card","CeramicFish"],"acts_visited":["Exordium","TheCity","TheBeyond"],"potions_floor_usage":[50,50],"damage_taken":[{"damage":0.0,"enemies":"Small Slimes","floor":1.0,"turns":3.0},{"damage":5.0,"enemies":"Cultist","floor":3.0,"turns":5.0},{"damage":5.0,"enemies":"2 Louse","floor":5.0,"turns":2.0},{"damage":47.0,"enemies":"Gremlin Nob","floor":6.0,"turns":5.0},{"damage":12.0,"enemies":"Lots of Slimes","floor":7.0,"turns":3.0},{"damage":30.0,"enemies":"3 Sentries","floor":11.0,"turns":8.0},{"damage":0.0,"enemies":"Looter","floor":12.0,"turns":2.0},{"damage":28.0,"enemies":"Lagavulin","floor":13.0,"turns":5.0},{"damage":6.0,"enemies":"Slime Boss","floor":16.0,"turns":6.0},{"damage":9.0,"enemies":"Shell Parasite","floor":18.0,"turns":7.0},{"damage":10.0,"enemies":"Chosen","floor":20.0,"turns":6.0},{"damage":26.0,"enemies":"Centurion and Healer","floor":21.0,"turns":6.0},{"damage":36.0,"enemies":"Shelled Parasite and Fungi","floor":22.0,"turns":6.0},{"damage":17.0,"enemies":"Slavers","floor":24.0,"turns":3.0},{"damage":13.0,"enemies":"Book of Stabbing","floor":29.0,"turns":3.0},{"damage":37.0,"enemies":"Snecko","floor":30.0,"turns":5.0},{"damage":38.0,"enemies":"Collector","floor":33.0,"turns":7.0},{"damage":16.0,"enemies":"3 Shapes","floor":35.0,"turns":15.0},{"damage":3.0,"enemies":"3 Darklings","floor":37.0,"turns":5.0},{"damage":29.0,"enemies":"Maw","floor":39.0,"turns":6.0},{"damage":8.0,"enemies":"Giant Head","floor":40.0,"turns":5.0},{"damage":24.0,"enemies":"Writhing Mass","floor":41.0,"turns":4.0},{"damage":8.0,"enemies":"Reptomancer","floor":42.0,"turns":2.0},{"damage":6.0,"enemies":"3 Darklings","floor":44.0,"turns":2.0},{"damage":8.0,"enemies":"Giant Head","floor":45.0,"turns":5.0},{"damage":36.0,"enemies":"Reptomancer","floor":47.0,"turns":5.0},{"damage":15.0,"enemies":"Maw","floor":48.0,"turns":5.0},{"damage":42,"enemies":"Donu and Deca","floor":50,"turns":8}],"seed_played":"-2933098403518436041","potions_obtained":[{"floor":3.0,"key":"SpeedPotion"},{"floor":6.0,"key":"PowerPotion"},{"floor":7.0,"key":"Fruit Juice"},{"floor":11.0,"key":"Strength Potion"},{"floor":12.0,"key":"EssenceOfSteel"},{"floor":29.0,"key":"Ancient Potion"},{"floor":33.0,"key":"Regen Potion"},{"floor":37.0,"key":"BlessingOfTheForge"}],"is_trial":false,"path_per_floor":["M","?","M","?","M","E","M","R","T","R","E","M","E","?","R","B",null,"M","$","M","M","M","R","E","R","T","R","?","E","M","$","R","B",null,"M","$","M","$","M","E","M","E","T","M","E","?","E","M","R","B",null],"character_chosen":"IRONCLAD","items_purchased":["DollysMirror","Flash of Steel","Strawberry","Armaments","Shrug It Off","Rupture","Inflame"],"campfire_rested":0,"item_purchase_floors":[19,31,31,31,36,36,38],"current_hp_per_floor":[57,57,58,80,80,39,38,38,38,38,26,44,34,34,34,46,75,72,72,68,60,42,42,43,43,43,43,43,50,33,40,40,22,75,82,82,87,87,66,66,62,62,62,64,64,64,48,56,56,34],"gold":181,"neow_bonus":"TRANSFORM_TWO_CARDS","is_daily":false,"chose_seed":false,"campfire_upgraded":8,"win_rate":0.0,"timestamp":1613139292,"path_taken":["M","?","?","?","M","E","M","R","T","R","E","?","E","?","R","BOSS","M","$","M","M","M","R","E","R","T","R","?","E","M","$","R","BOSS","M","$","M","$","M","E","M","E","T","M","E","?","E","M","R","BOSS"],"items_purchased_type":["Relic","Card","Relic","Card","Card","Card","Card"],"build_version":"2020-12-22","purchased_purges":2,"victory":true,"max_hp_per_floor":[80,80,80,80,80,80,85,85,85,85,85,85,85,85,85,85,85,85,85,85,85,85,85,85,85,85,85,85,85,85,92,92,92,92,92,92,92,92,92,92,92,92,92,92,92,87,87,90,90,90],"card_choices":[{"not_picked":["Clash","Infernal Blade","Armaments"],"picked":"SKIP","floor":1.0},{"not_picked":["Battle Trance","Perfected Strike"],"picked":"Hemokinesis","floor":3.0},{"not_picked":["Headbutt","Armaments"],"picked":"True Grit","floor":5.0},{"not_picked":["Warcry","Ghostly Armor"],"picked":"Anger","floor":6.0},{"not_picked":["Ghostly Armor","Clothesline"],"picked":"Thunderclap","floor":7.0},{"not_picked":["Iron Wave","Clash","Limit Break"],"picked":"SKIP","floor":11.0},{"not_picked":["Anger","Cleave"],"picked":"Metallicize","floor":12.0},{"not_picked":["Wild Strike","Havoc","Body Slam"],"picked":"SKIP","floor":13.0},{"not_picked":["Corruption","Juggernaut"],"picked":"Double Tap","floor":16.0},{"not_picked":["Twin Strike","Clash+1"],"picked":"Iron Wave","floor":18.0},{"not_picked":["Cleave","Clash"],"picked":"Sword Boomerang+1","floor":20.0},{"not_picked":["Bloodletting","Clash","Sword Boomerang"],"picked":"SKIP","floor":21.0},{"not_picked":["Wild Strike","Thunderclap"],"picked":"Double Tap","floor":22.0},{"not_picked":["Sentinel","Headbutt","Heavy Blade"],"picked":"SKIP","floor":24.0},{"not_picked":["Cleave","True Grit"],"picked":"Uppercut","floor":29.0},{"not_picked":["Wild Strike+1","Hemokinesis"],"picked":"Anger","floor":30.0},{"not_picked":["Bludgeon","Berserk"],"picked":"Offering","floor":33.0},{"not_picked":["Wild Strike","Havoc+1"],"picked":"Pommel Strike","floor":35.0},{"not_picked":["Feel No Pain","Dropkick+1"],"picked":"Infernal Blade+1","floor":37.0},{"not_picked":["Body Slam+1","Anger"],"picked":"Flex+1","floor":39.0},{"not_picked":["Armaments","Warcry+1"],"picked":"Body Slam+1","floor":40.0},{"not_picked":["Headbutt+1","Rupture"],"picked":"Pommel Strike+1","floor":41.0},{"not_picked":["Anger+1","Warcry+1"],"picked":"Demon Form","floor":42.0},{"not_picked":["Perfected Strike+1","Twin Strike+1","Dual Wield"],"picked":"SKIP","floor":44.0},{"not_picked":["Shrug It Off+1","Headbutt+1"],"picked":"Feed","floor":45.0},{"not_picked":["Iron Wave","Ghostly Armor+1","Infernal Blade","Wild Strike"],"picked":"SKIP","floor":47.0},{"not_picked":["Thunderclap","True Grit+1","Bloodletting+1","Body Slam+1"],"picked":"SKIP","floor":48.0}],"player_experience":665506,"relics_obtained":[{"floor":6.0,"key":"Ornamental Fan"},{"floor":9.0,"key":"Meat on the Bone"},{"floor":11.0,"key":"Red Skull"},{"floor":13.0,"key":"Kunai"},{"floor":24.0,"key":"Blood Vial"},{"floor":26.0,"key":"Blue Candle"},{"floor":29.0,"key":"Oddly Smooth Stone"},{"floor":40.0,"key":"Centennial Puzzle"},{"floor":42.0,"key":"Incense Burner"},{"floor":43.0,"key":"Bottled Flame"},{"floor":45.0,"key":"Question Card"},{"floor":47.0,"key":"CeramicFish"}],"event_choices":[{"cards_removed":["Strike_R"],"damage_healed":0.0,"max_hp_gain":0.0,"max_hp_loss":0.0,"gold_gain":0.0,"event_name":"Purifier","player_choice":"Purged","floor":2.0,"gold_loss":0.0,"damage_taken":0.0},{"cards_removed":["Power Through"],"damage_healed":22.0,"max_hp_gain":0.0,"max_hp_loss":0.0,"gold_gain":0.0,"event_name":"Bonfire Elementals","player_choice":"Offered Uncommon","floor":4.0,"gold_loss":0.0,"damage_taken":0.0},{"damage_healed":0.0,"max_hp_gain":0.0,"max_hp_loss":0.0,"gold_gain":54.0,"event_name":"Golden Wing","player_choice":"Gained Gold","floor":14.0,"gold_loss":0.0,"damage_taken":0.0},{"damage_healed":0.0,"max_hp_gain":0.0,"max_hp_loss":0.0,"gold_gain":0.0,"event_name":"The Library","player_choice":"Read","floor":28.0,"gold_loss":0.0,"damage_taken":0.0,"cards_obtained":["Spot Weakness"]},{"damage_healed":0.0,"max_hp_gain":0.0,"max_hp_loss":5.0,"gold_gain":0.0,"event_name":"Winding Halls","player_choice":"Max HP","floor":46.0,"gold_loss":0.0,"damage_taken":0.0}],"is_beta":false,"boss_relics":[{"not_picked":["SacredBark","Cursed Key"],"picked":"SlaversCollar"},{"not_picked":["Snecko Eye","Fusion Hammer"],"picked":"Coffee Dripper"}],"items_purged_floors":[19,31],"is_endless":false,"potions_floor_spawned":[3,6,7,11,12,20,29,30,33,37,41,44,45,48],"ascension_level":11}}