{"host":"5jdby9iqu3ct6557","time":1613097727,"event":{"mods":["BaseMod","DeckTracker","Highlight Path","Minty Spire (QoL Compilation)","Relic Stats","StSLib","ojb\u0027s Info Mod"],"gold_per_floor":[119,134,153,153,228,228,259,337,337,355,385,61,71,91,91,166,166,180,180,180,220,252,252,277,5,5,70,70,70,116,174,174,251,251,321,321,393,139,224,224,318,318,318,318,367,40,120,193,193,193,223,223,223,14,39,39,39],"floor_reached":56,"language":"ENG","playtime":20265,"items_purged":["Strike_P+1"],"score":2211,"play_id":"8edc234a-c96a-4ad5-b556-efabd0657e50","local_time":"20210211214207","is_ascension_mode":true,"campfire_choices":[{"floor":6,"key":"REST"},{"data":"ThirdEye","floor":15,"key":"SMITH"},{"floor":23,"key":"REST"},{"floor":28,"key":"REST"},{"floor":32,"key":"RECALL"},{"floor":40,"key":"REST"},{"floor":42,"key":"REST"},{"floor":44,"key":"REST"},{"floor":49,"key":"REST"},{"floor":53,"key":"REST"}],"circlet_count":0,"master_deck":["AscendersBane","Defend_P+1","Defend_P+1","Defend_P+1","Eruption+1","Vigilance+1","ReachHeaven+1","Conclude+1","LessonLearned+1","ClearTheMind+1","Blasphemy+1","LikeWater+1","InnerPeace+1","LikeWater+1","ThirdEye+1","Wish+1","CutThroughFate+1","Weave+1","Judgement+1","Scrawl+1","Omniscience+1","Worship+1","Consecrate+1","WaveOfTheHand+1","Master of Strategy+1","Protect","ConjureBlade"],"relics":["Astrolabe","Damaru","Singing Bowl","Centennial Puzzle","ClockworkSouvenir","Velvet Choker","Red Mask","Shuriken","Membership Card","Bag of Marbles","Blue Candle","Matryoshka","Enchiridion","HornCleat","Philosopher\u0027s Stone","Pear","Strawberry","Thread and Needle","Vajra","Blood Vial","Ornamental Fan","OrangePellets","Kunai","Gambling Chip","Oddly Smooth Stone"],"acts_visited":["Exordium","TheCity","TheBeyond","TheEnding"],"potions_floor_usage":[11,16,22,24,27,33,35,45,50,55,56],"damage_taken":[{"damage":5,"enemies":"Small Slimes","floor":1,"turns":2},{"damage":0,"enemies":"Jaw Worm","floor":2,"turns":3},{"damage":6,"enemies":"Cultist","floor":3,"turns":4},{"damage":0,"enemies":"Lagavulin","floor":7,"turns":4},{"damage":13,"enemies":"Large Slime","floor":10,"turns":5},{"damage":6,"enemies":"Gremlin Nob","floor":11,"turns":3},{"damage":3,"enemies":"3 Louse","floor":13,"turns":2},{"damage":1,"enemies":"Blue Slaver","floor":14,"turns":4},{"damage":14,"enemies":"Hexaghost","floor":16,"turns":8},{"damage":0,"enemies":"Spheric Guardian","floor":18,"turns":5},{"damage":1,"enemies":"Shell Parasite","floor":21,"turns":5},{"damage":27,"enemies":"Masked Bandits","floor":22,"turns":9},{"damage":7,"enemies":"Slavers","floor":24,"turns":8},{"damage":9,"enemies":"Gremlin Leader","floor":27,"turns":5},{"damage":2,"enemies":"Snake Plant","floor":30,"turns":7},{"damage":5,"enemies":"Slavers","floor":31,"turns":7},{"damage":0,"enemies":"Champ","floor":33,"turns":10},{"damage":11,"enemies":"3 Darklings","floor":35,"turns":10},{"damage":0,"enemies":"3 Shapes","floor":37,"turns":10},{"damage":0,"enemies":"Mind Bloom Boss Battle","floor":39,"turns":4},{"damage":67,"enemies":"Nemesis","floor":41,"turns":9},{"damage":8,"enemies":"Jaw Worm Horde","floor":45,"turns":5},{"damage":6,"enemies":"4 Shapes","floor":47,"turns":13},{"damage":0,"enemies":"Sphere and 2 Shapes","floor":48,"turns":8},{"damage":6,"enemies":"Awakened One","floor":50,"turns":28},{"damage":0,"enemies":"Time Eater","floor":51,"turns":10},{"damage":13,"enemies":"Shield and Spear","floor":55,"turns":12},{"damage":105,"enemies":"The Heart","floor":56,"turns":11}],"seed_played":"-2155530950778322648","potions_obtained":[{"floor":3,"key":"ColorlessPotion"},{"floor":11,"key":"LiquidMemories"},{"floor":13,"key":"EssenceOfSteel"},{"floor":16,"key":"DuplicationPotion"},{"floor":24,"key":"BottledMiracle"},{"floor":27,"key":"Dexterity Potion"},{"floor":33,"key":"ColorlessPotion"},{"floor":35,"key":"Explosive Potion"},{"floor":45,"key":"BlessingOfTheForge"},{"floor":48,"key":"StancePotion"}],"is_trial":false,"path_per_floor":["M","M","M","?","?","R","E","T","T","M","E","$","M","M","R","B",null,"M","?","?","M","?","R","E","$","T","E","R","?","M","E","R","B",null,"M","?","M","$","?","R","E","R","T","R","M","$","M","M","R","B","B",null,"R","$","E","B"],"character_chosen":"WATCHER","items_purchased":["ClockworkSouvenir","InnerPeace","LikeWater","Membership Card","Bag of Marbles","FearPotion","Pear","Strawberry","OrangePellets","Kunai","Master of Strategy","Gambling Chip","Protect","SpeedPotion"],"campfire_rested":8,"item_purchase_floors":[12,12,12,25,25,25,38,38,46,46,46,54,54,54],"current_hp_per_floor":[56,56,50,55,44,65,65,65,65,54,48,48,47,46,46,32,66,66,66,66,67,40,63,56,56,56,49,73,52,52,47,47,47,74,63,63,65,82,82,102,37,68,68,99,93,93,91,95,108,102,104,107,108,108,95,0,0],"gold":39,"neow_bonus":"BOSS_RELIC","is_daily":false,"chose_seed":false,"campfire_upgraded":1,"win_rate":0.0,"timestamp":1613097727,"path_taken":["M","M","M","?","?","R","E","?","T","M","E","$","M","M","R","BOSS","M","?","?","M","?","R","E","$","T","E","R","?","M","E","R","BOSS","M","?","M","$","?","R","E","R","T","R","M","$","M","M","R","BOSS","BOSS","R","$","E","BOSS"],"items_purchased_type":["Relic","Card","Card","Relic","Relic","Potion","Relic","Relic","Relic","Relic","Card","Relic","Card","Potion"],"build_version":"2020-12-22","purchased_purges":1,"victory":false,"max_hp_per_floor":[68,68,68,73,73,73,73,73,73,75,75,75,77,77,77,77,77,77,77,77,79,79,79,79,79,79,81,81,81,83,83,83,83,83,83,83,85,102,102,102,104,104,104,104,104,104,106,108,108,108,108,108,108,108,108,108,108],"relic_stats":{"Blood Vial":10,"OrangePellets":[0],"Centennial Puzzle":[48],"Singing Bowl":18,"counters":[28,211],"Shuriken":[32],"Ornamental Fan":[80],"Astrolabe":["ReachHeaven","Conclude","LessonLearned"],"Blue Candle":[0],"Gambling Chip":[7],"Kunai":[18],"obtain_stats":[{"Singing Bowl":8,"Enchiridion":29,"Vajra":41,"ClockworkSouvenir":12,"Blood Vial":43,"Centennial Puzzle":11,"Matryoshka":27,"HornCleat":31,"Strawberry":38,"Gambling Chip":54,"Philosopher\u0027s Stone":34,"Red Mask":22,"Kunai":46,"Pear":38,"Astrolabe":0,"Blue Candle":26,"Damaru":7,"Velvet Choker":17,"Oddly Smooth Stone":55,"Thread and Needle":39,"OrangePellets":46,"Shuriken":24,"Ornamental Fan":43,"Bag of Marbles":25,"Membership Card":25,"PureWater":0},{"Singing Bowl":4,"Enchiridion":14,"Vajra":21,"ClockworkSouvenir":6,"Blood Vial":21,"Centennial Puzzle":6,"Matryoshka":14,"HornCleat":16,"Strawberry":19,"Gambling Chip":26,"Philosopher\u0027s Stone":17,"Red Mask":12,"Kunai":22,"Pear":19,"Astrolabe":0,"Blue Candle":13,"Damaru":4,"Velvet Choker":9,"Oddly Smooth Stone":27,"Thread and Needle":20,"OrangePellets":22,"Shuriken":13,"Ornamental Fan":21,"Bag of Marbles":13,"Membership Card":13,"PureWater":0},{"Singing Bowl":13,"Enchiridion":67,"Vajra":124,"ClockworkSouvenir":21,"Blood Vial":124,"Centennial Puzzle":21,"Matryoshka":67,"HornCleat":81,"Strawberry":111,"Gambling Chip":188,"Philosopher\u0027s Stone":91,"Red Mask":54,"Kunai":129,"Pear":111,"Astrolabe":0,"Blue Candle":62,"Damaru":13,"Velvet Choker":35,"Oddly Smooth Stone":200,"Thread and Needle":115,"OrangePellets":129,"Shuriken":62,"Ornamental Fan":124,"Bag of Marbles":62,"Membership Card":62,"PureWater":0}]},"card_choices":[{"not_picked":["PathToVictory","Consecrate"],"picked":"ClearTheMind","floor":1},{"not_picked":["Pray","BowlingBash"],"picked":"Blasphemy","floor":7},{"not_picked":["FlyingSleeves","Evaluate","ClearTheMind"],"picked":"Singing Bowl","floor":10},{"not_picked":["Fasting2","Evaluate"],"picked":"LikeWater","floor":11},{"not_picked":["Crescendo","EmptyBody","Prostrate"],"picked":"Singing Bowl","floor":13},{"not_picked":["Wallop","Crescendo"],"picked":"ThirdEye","floor":14},{"not_picked":["Blasphemy","Ragnarok"],"picked":"Wish","floor":16},{"not_picked":["Crescendo","EmptyFist+1"],"picked":"CutThroughFate+1","floor":18},{"not_picked":["Swivel+1","EmptyBody","ClearTheMind"],"picked":"Singing Bowl","floor":21},{"not_picked":["Protect","FlurryOfBlows"],"picked":"Weave","floor":22},{"not_picked":["ReachHeaven+1","PathToVictory"],"picked":"Judgement","floor":24},{"not_picked":["CutThroughFate","Halt","CarveReality"],"picked":"Singing Bowl","floor":27},{"not_picked":["EmptyFist","FlurryOfBlows","Halt"],"picked":"Singing Bowl","floor":30},{"not_picked":["Sanctity","ThirdEye"],"picked":"Scrawl","floor":31},{"not_picked":["Scrawl","SpiritShield"],"picked":"Omniscience","floor":33},{"not_picked":["Sanctity","FollowUp"],"picked":"Worship","floor":35},{"not_picked":["ReachHeaven","Crescendo","Evaluate+1"],"picked":"Singing Bowl","floor":37},{"not_picked":["ClearTheMind","WheelKick"],"picked":"Consecrate+1","floor":39},{"not_picked":["SignatureMove","WindmillStrike","Adaptation"],"picked":"Singing Bowl","floor":41},{"not_picked":["CutThroughFate","EmptyBody"],"picked":"WaveOfTheHand","floor":45},{"not_picked":["Sanctity","EmptyBody","EmptyFist"],"picked":"Singing Bowl","floor":47},{"not_picked":["EmptyFist","JustLucky","SignatureMove+1"],"picked":"Singing Bowl","floor":48},{"not_picked":["PathToVictory","FlurryOfBlows"],"picked":"ConjureBlade","floor":55}],"player_experience":2666720,"relics_obtained":[{"floor":7,"key":"Damaru"},{"floor":8,"key":"Singing Bowl"},{"floor":11,"key":"Centennial Puzzle"},{"floor":22,"key":"Red Mask"},{"floor":24,"key":"Shuriken"},{"floor":26,"key":"Blue Candle"},{"floor":27,"key":"Matryoshka"},{"floor":29,"key":"Enchiridion"},{"floor":31,"key":"HornCleat"},{"floor":39,"key":"Thread and Needle"},{"floor":41,"key":"Vajra"},{"floor":43,"key":"Blood Vial"},{"floor":43,"key":"Ornamental Fan"},{"floor":55,"key":"Oddly Smooth Stone"}],"event_choices":[{"damage_healed":0,"gold_gain":0,"player_choice":"Donut","damage_taken":0,"max_hp_gain":5,"max_hp_loss":0,"event_name":"Big Fish","floor":4,"gold_loss":0},{"damage_healed":0,"gold_gain":75,"player_choice":"Gather Gold","damage_taken":11,"max_hp_gain":0,"max_hp_loss":0,"event_name":"World of Goop","floor":5,"gold_loss":0},{"cards_removed":["Strike_P"],"damage_healed":0,"gold_gain":0,"player_choice":"Elegance","damage_taken":0,"max_hp_gain":0,"max_hp_loss":0,"event_name":"Back to Basics","floor":19,"gold_loss":0},{"damage_healed":0,"gold_gain":0,"player_choice":"Ignored","damage_taken":0,"max_hp_gain":0,"max_hp_loss":0,"event_name":"Ghosts","floor":20,"gold_loss":0},{"damage_healed":0,"gold_gain":0,"player_choice":"Fought Bandits","damage_taken":0,"max_hp_gain":0,"max_hp_loss":0,"event_name":"Masked Bandits","floor":22,"gold_loss":0},{"damage_healed":0,"gold_gain":0,"player_choice":"Obtained Book","damage_taken":21,"max_hp_gain":0,"max_hp_loss":0,"event_name":"Cursed Tome","floor":29,"gold_loss":0},{"damage_healed":0,"gold_gain":0,"player_choice":"Ignored","damage_taken":0,"max_hp_gain":0,"max_hp_loss":0,"event_name":"Mysterious Sphere","floor":36,"gold_loss":0},{"damage_healed":0,"gold_gain":0,"player_choice":"Fight","damage_taken":0,"max_hp_gain":0,"max_hp_loss":0,"event_name":"MindBloom","floor":39,"gold_loss":0}],"is_beta":false,"boss_relics":[{"not_picked":["Black Star","Tiny House"],"picked":"Velvet Choker"},{"not_picked":["VioletLotus","Empty Cage"],"picked":"Philosopher\u0027s Stone"}],"items_purged_floors":[38],"is_endless":false,"potions_floor_spawned":[3,11,13,16,24,27,31,33,35,39,45,48],"killed_by":"The Heart","ascension_level":20}}