{"host":"50qwps766cbz6ukm","time":1613133772,"event":{"mods":["BaseMod","Colored Map","Colored Powertips","DeckTracker","Highlight Path","Minty Spire (QoL Compilation)","Quick Restart","Remove Card Discount Mod","StSLib","SuperFastMode","Synergy Search"],"gold_per_floor":[113,113,101,101,101,126,145,145,145,161,182,203,227,101,101,225,225,248,248,323,341,19,50,50,48,48,48,48,62,187,203,203,328,328,346,346,346,409,409,409],"floor_reached":39,"language":"ENG","playtime":827,"items_purged":["Strike_P","Strike_P","Strike_P","Defend_P","Defend_P","Defend_P","Regret","Strike_P+1","Defend_P","Shame"],"score":651,"play_id":"5b0d63d3-349a-46d7-8e43-3c085af1c3dd","local_time":"20210212144252","is_ascension_mode":true,"campfire_choices":[{"floor":15,"key":"REST"},{"data":"Vigilance","floor":27,"key":"SMITH"},{"floor":32,"key":"REST"}],"circlet_count":0,"master_deck":["Eruption+1","Vigilance+1","FlurryOfBlows+1","BattleHymn","Prostrate+1","Prostrate+1","Devotion+1","Adaptation+1"],"relics":["PureWater","NeowsBlessing","Toxic Egg 2","Thread and Needle","The Courier","Golden Idol","Molten Egg 2","Pen Nib","Sozu","Blue Candle","Membership Card","Kunai","Frozen Egg 2","Blood Vial","Orichalcum","Whetstone","TungstenRod","Darkstone Periapt","Philosopher\u0027s Stone","Calipers"],"acts_visited":["Exordium","TheCity","TheBeyond"],"potions_floor_usage":[16,30],"damage_taken":[{"damage":0,"enemies":"Cultist","floor":1,"turns":1},{"damage":0,"enemies":"Lagavulin","floor":6,"turns":1},{"damage":0,"enemies":"2 Louse","floor":7,"turns":1},{"damage":13,"enemies":"Small Slimes","floor":10,"turns":3},{"damage":3,"enemies":"3 Louse","floor":11,"turns":3},{"damage":4,"enemies":"Blue Slaver","floor":12,"turns":3},{"damage":6,"enemies":"Large Slime","floor":13,"turns":5},{"damage":14,"enemies":"The Guardian","floor":16,"turns":7},{"damage":0,"enemies":"Shell Parasite","floor":18,"turns":3},{"damage":0,"enemies":"2 Thieves","floor":21,"turns":5},{"damage":0,"enemies":"Book of Stabbing","floor":23,"turns":3},{"damage":0,"enemies":"3 Cultists","floor":29,"turns":3},{"damage":15,"enemies":"Colosseum Slavers","floor":30,"turns":2},{"damage":0,"enemies":"Colosseum Nobs","floor":30,"turns":3},{"damage":0,"enemies":"Centurion and Healer","floor":31,"turns":3},{"damage":2,"enemies":"Collector","floor":33,"turns":6},{"damage":9,"enemies":"Orb Walker","floor":35,"turns":3},{"damage":8,"enemies":"Mind Bloom Boss Battle","floor":38,"turns":5},{"damage":65,"enemies":"2 Orb Walkers","floor":39,"turns":4}],"seed_played":"102660738906380132","potions_obtained":[{"floor":1,"key":"SneckoOil"},{"floor":11,"key":"Regen Potion"},{"floor":13,"key":"Explosive Potion"}],"is_trial":false,"path_per_floor":["M","T","$","?","?","E","M","?","T","M","M","M","M","$","R","B",null,"M","?","?","M","$","E","?","$","T","R","?","M","?","M","R","B",null,"M","?","?","?","?"],"character_chosen":"WATCHER","items_purchased":["Pen Nib","Membership Card","Kunai","Frozen Egg 2"],"campfire_rested":2,"item_purchase_floors":[14,22,22,22],"current_hp_per_floor":[65,65,65,51,51,51,51,33,33,20,17,13,7,7,28,29,61,61,61,54,54,54,54,54,54,54,54,38,40,29,31,52,52,67,60,60,60,54,0,0],"gold":409,"neow_bonus":"THREE_ENEMY_KILL","is_daily":false,"chose_seed":false,"campfire_upgraded":1,"win_rate":0.0,"timestamp":1613133772,"path_taken":["M","?","$","?","?","E","M","?","T","?","M","M","M","$","R","BOSS","M","?","?","?","?","E","?","$","T","R","?","M","?","?","R","BOSS","M","?","?","?","?"],"items_purchased_type":["Relic","Relic","Relic","Relic"],"build_version":"2020-12-22","purchased_purges":10,"victory":false,"max_hp_per_floor":[72,72,72,72,72,72,72,72,72,72,72,72,72,72,72,72,72,72,72,72,72,72,72,72,72,72,72,72,72,72,72,72,72,72,72,72,72,72,72,72],"card_choices":[{"not_picked":["Study","Crescendo","PathToVictory"],"picked":"SKIP","floor":1},{"not_picked":["JustLucky","Crescendo+1"],"picked":"FlurryOfBlows","floor":6},{"not_picked":["Meditate+1","BowlingBash"],"picked":"BattleHymn","floor":7},{"not_picked":["BattleHymn","Wireheading"],"picked":"Prostrate+1","floor":10},{"not_picked":["PathToVictory+1","SashWhip+1","WindmillStrike+1"],"picked":"SKIP","floor":11},{"not_picked":["CutThroughFate+1","EmptyBody+1"],"picked":"TalkToTheHand+1","floor":12},{"not_picked":["Collect+1","SignatureMove+1","CrushJoints+1"],"picked":"SKIP","floor":13},{"not_picked":["Tantrum+1","Fasting2"],"picked":"Prostrate+1","floor":18},{"not_picked":["BowlingBash+1","FlyingSleeves+1","Prostrate+1"],"picked":"SKIP","floor":21},{"not_picked":["Crescendo+1","EmptyFist+1","Swivel+1"],"picked":"SKIP","floor":23},{"not_picked":["Sanctity+1","SashWhip+1","Protect+1"],"picked":"SKIP","floor":29},{"not_picked":["ThirdEye+1","ClearTheMind+1","EmptyFist+1"],"picked":"SKIP","floor":31},{"not_picked":["LessonLearned+1","Scrawl+1"],"picked":"Devotion+1","floor":33},{"not_picked":["InnerPeace+1","CrushJoints+1"],"picked":"Adaptation+1","floor":35}],"player_experience":590307,"relics_obtained":[{"floor":2,"key":"Toxic Egg 2"},{"floor":6,"key":"The Courier"},{"floor":9,"key":"Molten Egg 2"},{"floor":23,"key":"Blood Vial"},{"floor":26,"key":"Whetstone"},{"floor":30,"key":"TungstenRod"},{"floor":30,"key":"Darkstone Periapt"},{"floor":38,"key":"Calipers"}],"event_choices":[{"damage_healed":0,"gold_gain":0,"player_choice":"Entered Light","damage_taken":14,"max_hp_gain":0,"max_hp_loss":0,"event_name":"Shining Light","floor":4,"gold_loss":0,"cards_upgraded":["Strike_P","Eruption"]},{"damage_healed":0,"gold_gain":0,"player_choice":"Box","damage_taken":0,"relics_obtained":["Thread and Needle"],"max_hp_gain":0,"max_hp_loss":0,"event_name":"Big Fish","floor":5,"gold_loss":0,"cards_obtained":["Regret"]},{"damage_healed":0,"gold_gain":0,"player_choice":"Take Damage","damage_taken":18,"relics_obtained":["Golden Idol"],"max_hp_gain":0,"max_hp_loss":0,"event_name":"Golden Idol","floor":8,"gold_loss":0},{"damage_healed":0,"gold_gain":0,"player_choice":"Opened","damage_taken":0,"relics_obtained":["Blue Candle"],"max_hp_gain":0,"max_hp_loss":0,"event_name":"The Mausoleum","floor":19,"gold_loss":0},{"damage_healed":0,"gold_gain":75,"player_choice":"Touch","damage_taken":7,"max_hp_gain":0,"max_hp_loss":0,"event_name":"FaceTrader","floor":20,"gold_loss":0},{"damage_healed":0,"gold_gain":0,"player_choice":"Stole Relic","damage_taken":0,"relics_obtained":["Orichalcum"],"max_hp_gain":0,"max_hp_loss":0,"event_name":"Addict","floor":24,"gold_loss":0,"cards_obtained":["Shame"]},{"damage_healed":0,"gold_gain":0,"player_choice":"Obtained Book","damage_taken":16,"max_hp_gain":0,"max_hp_loss":0,"event_name":"Cursed Tome","floor":28,"gold_loss":0},{"damage_healed":0,"gold_gain":0,"player_choice":"Fight","damage_taken":0,"max_hp_gain":0,"max_hp_loss":0,"event_name":"Colosseum","floor":30,"gold_loss":0},{"damage_healed":0,"gold_gain":0,"player_choice":"Fought Nobs","damage_taken":0,"max_hp_gain":0,"max_hp_loss":0,"event_name":"Colosseum","floor":30,"gold_loss":0},{"damage_healed":0,"gold_gain":0,"player_choice":"Memory 1","damage_taken":0,"max_hp_gain":0,"max_hp_loss":0,"event_name":"SensoryStone","floor":36,"gold_loss":0},{"cards_removed":["TalkToTheHand"],"damage_healed":0,"gold_gain":0,"player_choice":"Removed Attack","damage_taken":0,"max_hp_gain":0,"max_hp_loss":0,"event_name":"Falling","floor":37,"gold_loss":0},{"damage_healed":0,"gold_gain":0,"player_choice":"Fight","damage_taken":0,"max_hp_gain":0,"max_hp_loss":0,"event_name":"MindBloom","floor":38,"gold_loss":0},{"damage_healed":0,"gold_gain":0,"player_choice":"Fight","damage_taken":0,"max_hp_gain":0,"max_hp_loss":0,"event_name":"Mysterious Sphere","floor":39,"gold_loss":0}],"is_beta":false,"boss_relics":[{"not_picked":["HolyWater","Velvet Choker"],"picked":"Sozu"},{"not_picked":["Runic Dome","VioletLotus"],"picked":"Philosopher\u0027s Stone"}],"items_purged_floors":[3,3,3,3,3,3,14,14,22,25],"is_endless":false,"potions_floor_spawned":[1,11,13,21,29,30,33],"killed_by":"2 Orb Walkers","ascension_level":8}}