{"host":"jruzzdd1waq9u00d","time":1613132463,"event":{"mods":["BaseMod","Colored Map","Colored Powertips","DeckTracker","Downfall","Minty Spire (QoL Compilation)","Quick Restart","Relic Stats","StSLib","SuperFastMode"],"gold_per_floor":[109,109,109,122,122,148,148,158,158,158,158],"floor_reached":10,"language":"ENG","playtime":200,"items_purged":[],"score":182,"play_id":"99c01d6d-0d6a-4bc4-add3-9f51a7666d05","local_time":"20210212212103","is_ascension_mode":true,"campfire_choices":[{"data":"Eruption","floor":7.0,"key":"SMITH"}],"circlet_count":0,"master_deck":["AscendersBane","Strike_P","Strike_P","Strike_P","Defend_P","Defend_P","Defend_P","Defend_P+1","Eruption+1","Vigilance+1","FlurryOfBlows","Pain","FearNoEvil","Tantrum"],"relics":["PureWater","NeowsBlessing","WarpedTongs","StrikeDummy","Meat on the Bone"],"acts_visited":["Exordium"],"potions_floor_usage":[],"damage_taken":[{"damage":0.0,"enemies":"2 Louse","floor":1.0,"turns":1.0},{"damage":1.0,"enemies":"Jaw Worm","floor":4.0,"turns":1.0},{"damage":1.0,"enemies":"Gremlin Nob","floor":6.0,"turns":1.0},{"damage":0.0,"enemies":"Cultist","floor":8.0,"turns":2.0},{"damage":15,"enemies":"3 Sentries","floor":10,"turns":4}],"seed_played":"-2571197007885481080","potions_obtained":[{"floor":6.0,"key":"BottledMiracle"}],"is_trial":false,"path_per_floor":["M","?","?","M","?","E","R","M","T","E"],"character_chosen":"WATCHER","items_purchased":[],"campfire_rested":0,"item_purchase_floors":[],"current_hp_per_floor":[61,54,54,53,33,32,32,32,32,17,17],"gold":158,"neow_bonus":"THREE_ENEMY_KILL","is_daily":false,"chose_seed":false,"campfire_upgraded":1,"win_rate":0.0,"timestamp":1613132463,"path_taken":["M","?","?","?","?","E","R","M","T","E"],"items_purchased_type":[],"build_version":"2020-12-22","purchased_purges":0,"victory":false,"max_hp_per_floor":[68,68,68,68,68,68,68,68,68,68,68],"relic_stats":{"counters":[5,9],"obtain_stats":[{"NeowsBlessing":0,"PureWater":0,"StrikeDummy":6,"WarpedTongs":3,"Meat on the Bone":9},{"NeowsBlessing":0,"PureWater":0,"StrikeDummy":3,"WarpedTongs":1,"Meat on the Bone":4},{"NeowsBlessing":0,"PureWater":0,"StrikeDummy":3,"WarpedTongs":1,"Meat on the Bone":5}],"WarpedTongs":[7],"Meat on the Bone":0},"card_choices":[{"not_picked":["Evaluate","FlyingSleeves"],"picked":"FlurryOfBlows","floor":1.0},{"not_picked":["Perseverance","SashWhip"],"picked":"FearNoEvil","floor":4.0},{"not_picked":["Evaluate","CrushJoints","DeceiveReality"],"picked":"SKIP","floor":6.0},{"not_picked":["Evaluate","CrushJoints","DeceiveReality"],"picked":"SKIP","floor":6.0},{"not_picked":["BowlingBash","JustLucky"],"picked":"Tantrum","floor":8.0}],"player_experience":435407,"relics_obtained":[{"floor":6.0,"key":"StrikeDummy"},{"floor":9.0,"key":"Meat on the Bone"}],"event_choices":[{"cards_removed":["Strike_P"],"damage_healed":0.0,"max_hp_gain":0.0,"max_hp_loss":0.0,"gold_gain":0.0,"event_name":"Golden Wing","player_choice":"Card Removal","floor":2.0,"gold_loss":0.0,"damage_taken":7.0},{"damage_healed":0.0,"max_hp_gain":0.0,"max_hp_loss":0.0,"gold_gain":0.0,"event_name":"Accursed Blacksmith","player_choice":"Rummage","floor":3.0,"gold_loss":0.0,"damage_taken":0.0,"relics_obtained":["WarpedTongs"],"cards_obtained":["Pain"]},{"damage_healed":0.0,"max_hp_gain":0.0,"max_hp_loss":0.0,"gold_gain":0.0,"event_name":"Shining Light","player_choice":"Entered Light","floor":5.0,"gold_loss":0.0,"damage_taken":20.0,"cards_upgraded":["Defend_P","Vigilance"]}],"is_beta":false,"boss_relics":[],"items_purged_floors":[],"is_endless":false,"potions_floor_spawned":[6],"killed_by":"3 Sentries","ascension_level":20}}