{"host":"pqs17sqrgflf4eqa","time":1613158333,"event":{"mods":["AchievementEnabler","BaseMod","Bestiary","Better Altar","Colored Map","Colored Powertips","Emptier Cage","Googly Eyes","Highlight Path","Minty Spire (QoL Compilation)","Quick Restart","StSLib","SuperFastMode","Transform Curses","slay the spire mod where everything is the same but ironclad has a cowboy hat"],"gold_per_floor":[115,134,3,3,22,55,73,23,94,94,107,207,223,237,237,333,333,350,350,368,20,20,20,53,53,106,106,8,19,54,70,70,70,70],"floor_reached":33,"language":"ENG","playtime":650,"items_purged":[],"score":359,"play_id":"2d296327-a6ed-47e2-8182-fcfe2d40a8a7","local_time":"20210212143213","is_ascension_mode":true,"campfire_choices":[{"floor":10.0,"key":"REST"},{"floor":15.0,"key":"REST"},{"floor":23.0,"key":"REST"},{"floor":27,"key":"REST"},{"floor":32,"key":"REST"}],"circlet_count":0,"master_deck":["Strike_P+1","Strike_P","Strike_P","Strike_P","Defend_P","Defend_P","Defend_P","Defend_P","Eruption+1","Vigilance","FlyingSleeves","Crescendo","Prostrate","FlyingSleeves","CutThroughFate","Conclude","DeceiveReality","TalkToTheHand","Halt","ReachHeaven","EmptyFist","Halt","SandsOfTime+1","Apotheosis","Prostrate","Pray","Consecrate","SashWhip","CrushJoints","Halt+1"],"relics":["PureWater","Unceasing Top","Letter Opener","Fusion Hammer","Whetstone","MutagenicStrength","PreservedInsect","Tiny Chest","Toy Ornithopter","Centennial Puzzle"],"acts_visited":["Exordium","TheCity"],"potions_floor_usage":[30,30],"damage_taken":[{"damage":19.0,"enemies":"Jaw Worm","floor":1.0,"turns":2.0},{"damage":0.0,"enemies":"Small Slimes","floor":2.0,"turns":1.0},{"damage":1.0,"enemies":"Cultist","floor":5.0,"turns":3.0},{"damage":15.0,"enemies":"Gremlin Nob","floor":6.0,"turns":3.0},{"damage":43.0,"enemies":"Exordium Thugs","floor":7.0,"turns":2.0},{"damage":0.0,"enemies":"3 Louse","floor":11.0,"turns":1.0},{"damage":7.0,"enemies":"Gremlin Gang","floor":13.0,"turns":2.0},{"damage":0.0,"enemies":"Exordium Thugs","floor":14.0,"turns":3.0},{"damage":34.0,"enemies":"The Guardian","floor":16.0,"turns":10.0},{"damage":8.0,"enemies":"Chosen","floor":18.0,"turns":4.0},{"damage":11.0,"enemies":"3 Byrds","floor":20.0,"turns":4.0},{"damage":30,"enemies":"Gremlin Leader","floor":24,"turns":5},{"damage":28,"enemies":"Centurion and Healer","floor":29,"turns":5},{"damage":15,"enemies":"Slavers","floor":30,"turns":3},{"damage":3,"enemies":"Cultist and Chosen","floor":31,"turns":5},{"damage":44,"enemies":"Automaton","floor":33,"turns":2}],"seed_played":"3996803533212147396","potions_obtained":[{"floor":2.0,"key":"Weak Potion"},{"floor":6.0,"key":"Regen Potion"},{"floor":11.0,"key":"BlessingOfTheForge"},{"floor":13.0,"key":"Dexterity Potion"},{"floor":14.0,"key":"FearPotion"},{"floor":20.0,"key":"GamblersBrew"},{"floor":24,"key":"Strength Potion"}],"is_trial":false,"path_per_floor":["M","M","$","?","M","E","M","?","T","R","M","?","M","M","R","B",null,"M","?","M","$","?","R","E","?","T","R","$","M","E","M","R","B"],"character_chosen":"WATCHER","items_purchased":["Prostrate","FlyingSleeves","CutThroughFate","Apotheosis","Whetstone","Prostrate","Consecrate","SashWhip"],"campfire_rested":5,"item_purchase_floors":[3,3,3,21,21,21,28,28],"current_hp_per_floor":[53,53,53,58,57,42,4,4,4,27,27,27,20,20,43,9,60,52,52,41,41,41,64,34,34,34,57,57,29,24,21,44,0,0],"gold":70,"neow_bonus":"UPGRADE_CARD","is_daily":false,"chose_seed":false,"campfire_upgraded":0,"win_rate":0.0,"timestamp":1613158333,"path_taken":["M","M","$","?","M","E","M","?","T","R","M","?","M","M","R","BOSS","M","?","M","$","?","R","E","?","T","R","$","M","E","M","R","BOSS"],"items_purchased_type":["Card","Card","Card","Card","Relic","Card","Card","Card"],"build_version":"2020-12-22","purchased_purges":0,"victory":false,"max_hp_per_floor":[72,72,72,77,77,77,77,77,77,77,77,77,77,77,77,77,77,77,77,77,77,77,77,77,77,77,77,77,77,77,77,77,77,77],"card_choices":[{"not_picked":["EmptyFist","FlurryOfBlows"],"picked":"FlyingSleeves","floor":1.0},{"not_picked":["CrushJoints","FollowUp"],"picked":"Crescendo","floor":2.0},{"not_picked":["Worship","Adaptation"],"picked":"Conclude","floor":5.0},{"not_picked":["Collect","Wireheading"],"picked":"DeceiveReality","floor":6.0},{"not_picked":["InnerPeace","PathToVictory"],"picked":"TalkToTheHand","floor":7.0},{"not_picked":["PathToVictory","EmptyBody"],"picked":"Halt","floor":11.0},{"not_picked":["Fasting2","Wallop"],"picked":"ReachHeaven","floor":13.0},{"not_picked":["JustLucky","PathToVictory"],"picked":"EmptyFist","floor":14.0},{"not_picked":["WheelKick+1","Evaluate"],"picked":"Halt","floor":18.0},{"not_picked":["Halt","Indignation"],"picked":"SandsOfTime","floor":20.0},{"not_picked":["Weave","Nirvana"],"picked":"Pray","floor":24},{"not_picked":["Fasting2","Nirvana"],"picked":"CrushJoints","floor":29},{"not_picked":["Weave","Fasting2","Meditate"],"picked":"SKIP","floor":30},{"not_picked":["Consecrate","CutThroughFate"],"picked":"Halt+1","floor":31}],"player_experience":175570,"relics_obtained":[{"floor":6.0,"key":"Unceasing Top"},{"floor":9.0,"key":"Letter Opener"},{"floor":24,"key":"PreservedInsect"},{"floor":25,"key":"Tiny Chest"},{"floor":26,"key":"Toy Ornithopter"},{"floor":30,"key":"Centennial Puzzle"}],"event_choices":[{"damage_healed":0.0,"max_hp_gain":5.0,"max_hp_loss":0.0,"gold_gain":0.0,"event_name":"Big Fish","player_choice":"Donut","floor":4.0,"gold_loss":0.0,"damage_taken":0.0},{"damage_healed":0.0,"max_hp_gain":0.0,"max_hp_loss":0.0,"gold_gain":0.0,"event_name":"World of Goop","player_choice":"Left Gold","floor":8.0,"gold_loss":50.0,"damage_taken":0.0},{"damage_healed":0.0,"max_hp_gain":0.0,"max_hp_loss":0.0,"gold_gain":100.0,"event_name":"Wheel of Change","player_choice":"Gold","floor":12.0,"gold_loss":0.0,"damage_taken":0.0},{"damage_healed":0.0,"max_hp_gain":0.0,"max_hp_loss":0.0,"gold_gain":0.0,"event_name":"Beggar","player_choice":"Ignored","floor":19.0,"gold_loss":0.0,"damage_taken":0.0},{"damage_healed":0.0,"max_hp_gain":0.0,"max_hp_loss":0.0,"gold_gain":0.0,"event_name":"Drug Dealer","player_choice":"Inject Mutagens","floor":22.0,"gold_loss":0.0,"damage_taken":0.0,"relics_obtained":["MutagenicStrength"]},{"damage_healed":0,"gold_gain":0,"player_choice":"Relic","damage_taken":0,"max_hp_gain":0,"max_hp_loss":0,"event_name":"Wheel of Change","floor":25,"gold_loss":0}],"is_beta":false,"boss_relics":[{"not_picked":["Velvet Choker","Busted Crown"],"picked":"Fusion Hammer"}],"items_purged_floors":[],"is_endless":false,"potions_floor_spawned":[2,6,11,13,14,20,24],"killed_by":"Automaton","ascension_level":5}}