{"host":"uv5ws9rdk87e8i5k","time":1613108785,"event":{"mods":["AchievementEnabler","BaseMod","Colored Map","Minty Spire (QoL Compilation)","Permanent Neow","Quick Restart","StSLib","SuperFastMode","The Necromancer"],"gold_per_floor":[110,126,144,162,180,208,228,254,279,279,306,306,53,53,53,125,125,141,66,76,96,114,146,157,183,208,208,208,227,253,69,69,148,148,162,182,182,202,202,202,227,245,245,280,280,306,17,17,17,17,17,17,17,50,50],"floor_reached":56,"language":"ENG","playtime":1566,"items_purged":["Strike_W","Strike_W","Parasite"],"score":2270,"play_id":"192d9349-f1a3-46e4-bbbc-3ce375bd00f1","local_time":"20210211234625","is_ascension_mode":true,"campfire_choices":[{"data":"Summon_Vampire_Lady","floor":12.0,"key":"SMITH"},{"data":"Summon_Vampire_Lady","floor":15.0,"key":"SMITH"},{"data":"Summon_Death_Knight","floor":28.0,"key":"SMITH"},{"data":"Cloudkill","floor":32.0,"key":"SMITH"},{"data":"Requiem","floor":40.0,"key":"SMITH"},{"data":"Summon_Death_Knight","floor":45,"key":"SMITH"},{"floor":49,"key":"RECALL"},{"data":"Spectral_Walk","floor":52,"key":"SMITH"}],"circlet_count":0,"master_deck":["AscendersBane","Strike_W+1","Defend_W","Defend_W","Defend_W","Defend_W+1","Negative_Energy_Arrows+1","Bone_Wall","Summon_Death_Knight+1","Spectral_Walk","Summon_Vampire_Lady+1","Life_Drain","Spectral_Walk+1","Summon_Vampire_Lady+1","Cloudkill+1","Summon_Death_Knight+1","Negative_Energy_Burst","Summon_Undead_Army","Summon_Death_Knight+1","Summon_Lich","Stop_Heart","Shade_Step","Cloudkill+1","Requiem+1","Summon_Vampire_Lady+1","Skeleton_Dragon","Requiem+1"],"relics":["Vampire_Amulet","Letter Opener","Odd Mushroom","Lantern","Whetstone","PreservedInsect","Velvet Choker","Boot","Mummified Hand","Anchor","Matryoshka","Cursed Key","Centennial Puzzle","HornCleat","Dream Catcher","FossilizedHelix","DollysMirror","Blue Candle"],"acts_visited":["Exordium","TheCity","TheBeyond","TheEnding"],"potions_floor_usage":[50,55,55],"damage_taken":[{"damage":8.0,"enemies":"Cultist","floor":1.0,"turns":5.0},{"damage":9.0,"enemies":"Jaw Worm","floor":2.0,"turns":4.0},{"damage":0.0,"enemies":"Small Slimes","floor":3.0,"turns":4.0},{"damage":1.0,"enemies":"2 Fungi Beasts","floor":4.0,"turns":5.0},{"damage":12.0,"enemies":"Looter","floor":5.0,"turns":4.0},{"damage":12.0,"enemies":"Lagavulin","floor":6.0,"turns":8.0},{"damage":20.0,"enemies":"The Mushroom Lair","floor":7.0,"turns":5.0},{"damage":20.0,"enemies":"Gremlin Nob","floor":8.0,"turns":6.0},{"damage":17.0,"enemies":"Lagavulin","floor":11.0,"turns":6.0},{"damage":21.0,"enemies":"The Guardian","floor":16.0,"turns":9.0},{"damage":8.0,"enemies":"Chosen","floor":18.0,"turns":5.0},{"damage":15.0,"enemies":"3 Byrds","floor":20.0,"turns":4.0},{"damage":10.0,"enemies":"Snake Plant","floor":21.0,"turns":4.0},{"damage":13.0,"enemies":"3 Cultists","floor":22.0,"turns":4.0},{"damage":30.0,"enemies":"Slavers","floor":23.0,"turns":4.0},{"damage":17.0,"enemies":"Centurion and Healer","floor":24.0,"turns":5.0},{"damage":0.0,"enemies":"Gremlin Leader","floor":25.0,"turns":3.0},{"damage":14.0,"enemies":"Chosen and Byrds","floor":29.0,"turns":4.0},{"damage":13.0,"enemies":"Slavers","floor":30.0,"turns":4.0},{"damage":7.0,"enemies":"Automaton","floor":33.0,"turns":8.0},{"damage":0.0,"enemies":"3 Darklings","floor":35.0,"turns":3.0},{"damage":2.0,"enemies":"Orb Walker","floor":36.0,"turns":3.0},{"damage":0.0,"enemies":"Transient","floor":38.0,"turns":6.0},{"damage":35.0,"enemies":"Nemesis","floor":41.0,"turns":5.0},{"damage":11.0,"enemies":"Writhing Mass","floor":42.0,"turns":5.0},{"damage":9,"enemies":"Reptomancer","floor":44,"turns":4},{"damage":0,"enemies":"Giant Head","floor":46,"turns":6},{"damage":6,"enemies":"Awakened One","floor":50,"turns":9},{"damage":37,"enemies":"Shield and Spear","floor":54,"turns":5},{"damage":64,"enemies":"The Heart","floor":55,"turns":8}],"seed_played":"-5432821577782192707","potions_obtained":[{"floor":2.0,"key":"FearPotion"},{"floor":3.0,"key":"ColorlessPotion"},{"floor":6.0,"key":"Dexterity Potion"},{"floor":11.0,"key":"Block Potion"},{"floor":16.0,"key":"SpeedPotion"},{"floor":21.0,"key":"ColorlessPotion"},{"floor":24.0,"key":"Energy Potion"},{"floor":44,"key":"DistilledChaos"},{"floor":54,"key":"Weak Potion"}],"is_trial":false,"path_per_floor":["M","M","M","M","M","E","?","E","T","?","E","R","$","?","R","B",null,"M","?","M","M","M","E","M","E","T","?","R","M","E","$","R","B",null,"M","M","?","M","$","R","E","M","T","E","R","E","$","?","R","B",null,"R","$","E","B",null],"character_chosen":"NECROMANCER","items_purchased":["Cloudkill","Cloudkill","DollysMirror"],"campfire_rested":0,"item_purchase_floors":[13,31,47],"current_hp_per_floor":[58,51,55,58,57,69,61,65,65,65,71,71,71,50,50,67,70,71,71,71,71,70,58,71,71,71,71,71,70,71,71,71,71,71,71,71,71,71,71,71,45,61,61,71,71,71,68,68,68,68,68,68,68,50,42],"gold":50,"neow_bonus":"ONE_RANDOM_RARE_CARD","is_daily":false,"chose_seed":false,"campfire_upgraded":7,"win_rate":0.0,"timestamp":1613108785,"path_taken":["M","M","M","M","M","E","?","E","T","?","E","R","$","?","R","BOSS","M","?","M","M","M","E","M","E","T","?","R","M","E","$","R","BOSS","M","M","?","?","$","R","E","M","T","E","R","E","$","?","R","BOSS","R","$","E","BOSS"],"items_purchased_type":["Card","Card","Relic"],"build_version":"2020-12-22","purchased_purges":3,"victory":true,"max_hp_per_floor":[71,71,71,71,71,71,71,71,71,71,71,71,71,71,71,71,71,71,71,71,71,71,71,71,71,71,71,71,71,71,71,71,71,71,71,71,71,71,71,71,71,71,71,71,71,71,68,68,68,68,68,68,68,68,68],"card_choices":[{"not_picked":["Blood_Curse","Finger_Of_Death","Consume_Illness"],"picked":"SKIP","floor":1.0},{"not_picked":["Consume_Illness","Epidemic","Bones_to_Steel"],"picked":"SKIP","floor":2.0},{"not_picked":["Bones_to_Steel","Negative_Energy_Sphere"],"picked":"Spectral_Walk","floor":3.0},{"not_picked":["Negative_Energy_Javelin","Negative_Energy_Mist"],"picked":"Summon_Vampire_Lady","floor":4.0},{"not_picked":["Pandemic","Thousand_Bone_Knives"],"picked":"Life_Drain","floor":5.0},{"not_picked":["Death_March_Dance","Whirlwind_of_Bones","Bone_Armor"],"picked":"SKIP","floor":6.0},{"not_picked":["Summon_Undead_Army","Shade_Step"],"picked":"Spectral_Walk","floor":7.0},{"not_picked":["Negative_Energy_Javelin","Siphon_Strength"],"picked":"Summon_Vampire_Lady","floor":8.0},{"not_picked":["Whirlwind_of_Bones","Vampiric_Strike","Blood_Whip"],"picked":"SKIP","floor":11.0},{"not_picked":["Reap_The_Weak","Summon_Vampire_Lady"],"picked":"Summon_Death_Knight","floor":16.0},{"not_picked":["Negative_Energy_Mist","Violent_Necrosis"],"picked":"Negative_Energy_Burst","floor":18.0},{"not_picked":["Death_Coil","Negative_Energy_Javelin","Death_March_Dance"],"picked":"SKIP","floor":20.0},{"not_picked":["Plague_Bolt","Scare+1","Negative_Energy_Mist"],"picked":"SKIP","floor":21.0},{"not_picked":["Life_Tap","Bone_Spikes"],"picked":"Summon_Undead_Army","floor":22.0},{"not_picked":["Bone_Spikes","Death_Coil"],"picked":"Summon_Death_Knight","floor":23.0},{"not_picked":["Negative_Energy_Mist","Negative_Energy_Shield+1"],"picked":"Summon_Lich","floor":24.0},{"not_picked":["Negative_Energy_Javelin","Blood_Is_Power","Vampiric_Strike"],"picked":"SKIP","floor":25.0},{"not_picked":["Bone_Bullets","Deaths_Shadow"],"picked":"Shade_Step","floor":29.0},{"not_picked":["Negative_Energy_Javelin","Bone_Prison","Bones_to_Steel"],"picked":"SKIP","floor":30.0},{"not_picked":["Reap_The_Weak","Negative_Energy_Bomb"],"picked":"Requiem","floor":33.0},{"not_picked":["Death_March_Dance","Finger_Of_Death+1","Negative_Energy_Javelin+1"],"picked":"SKIP","floor":35.0},{"not_picked":["Bones_to_Steel+1","Blood_Shield","Vampiric_Strike"],"picked":"SKIP","floor":36.0},{"not_picked":["Consume_Illness","Chill_Blood"],"picked":"Summon_Vampire_Lady","floor":38.0},{"not_picked":["Strike_from_Beyond","Deaths_Shadow+1"],"picked":"Skeleton_Dragon","floor":41.0},{"not_picked":["Blood_Curse","Bone_Spikes","Vampiric_Strike"],"picked":"SKIP","floor":42.0},{"not_picked":["Bone_Armor","Thousand_Bone_Knives","Corrupt"],"picked":"SKIP","floor":44},{"not_picked":["Negative_Energy_Shield+1","Plague_Bolt","Blood_Is_Power"],"picked":"SKIP","floor":46},{"not_picked":["Bones_to_Steel","Bone_Armory","Epidemic"],"picked":"SKIP","floor":54}],"player_experience":152651,"relics_obtained":[{"floor":6.0,"key":"Letter Opener"},{"floor":7.0,"key":"Odd Mushroom"},{"floor":8.0,"key":"Lantern"},{"floor":9.0,"key":"Whetstone"},{"floor":11.0,"key":"PreservedInsect"},{"floor":23.0,"key":"Boot"},{"floor":25.0,"key":"Mummified Hand"},{"floor":26.0,"key":"Anchor"},{"floor":30.0,"key":"Matryoshka"},{"floor":41.0,"key":"Centennial Puzzle"},{"floor":43,"key":"HornCleat"},{"floor":44,"key":"Dream Catcher"},{"floor":46,"key":"FossilizedHelix"},{"floor":54,"key":"Blue Candle"}],"event_choices":[{"damage_healed":0.0,"max_hp_gain":0.0,"max_hp_loss":0.0,"gold_gain":0.0,"event_name":"Mushrooms","player_choice":"Fought Mushrooms","floor":7.0,"gold_loss":0.0,"damage_taken":0.0},{"damage_healed":0.0,"max_hp_gain":0.0,"max_hp_loss":0.0,"gold_gain":0.0,"event_name":"Living Wall","player_choice":"Grow","floor":10.0,"gold_loss":0.0,"damage_taken":0.0,"cards_upgraded":["Summon_Death_Knight"]},{"damage_healed":0.0,"max_hp_gain":0.0,"max_hp_loss":0.0,"gold_gain":0.0,"event_name":"Shining Light","player_choice":"Entered Light","floor":14.0,"gold_loss":0.0,"damage_taken":21.0,"cards_upgraded":["Cloudkill","Defend_W"]},{"cards_removed":["Strike_W"],"damage_healed":0.0,"max_hp_gain":0.0,"max_hp_loss":0.0,"gold_gain":0.0,"event_name":"Beggar","player_choice":"Gave Gold","floor":19.0,"gold_loss":75.0,"damage_taken":0.0},{"damage_healed":0.0,"max_hp_gain":0.0,"max_hp_loss":0.0,"gold_gain":0.0,"event_name":"The Library","player_choice":"Read","floor":27.0,"gold_loss":0.0,"damage_taken":0.0,"cards_obtained":["Stop_Heart"]},{"damage_healed":0.0,"max_hp_gain":0.0,"max_hp_loss":0.0,"gold_gain":0.0,"event_name":"SecretPortal","player_choice":"Ignored","floor":37.0,"gold_loss":0.0,"damage_taken":0.0},{"damage_healed":0,"gold_gain":0,"player_choice":"Forge","damage_taken":0,"max_hp_gain":0,"max_hp_loss":0,"event_name":"Accursed Blacksmith","floor":48,"gold_loss":0,"cards_upgraded":["Summon_Vampire_Lady"]}],"is_beta":false,"boss_relics":[{"not_picked":["Busted Crown","Black Star"],"picked":"Velvet Choker"},{"not_picked":["Runic Dome","SlaversCollar"],"picked":"Cursed Key"}],"items_purged_floors":[13,31,47],"is_endless":false,"potions_floor_spawned":[2,3,6,11,16,21,22,24,33,35,42,44,54],"ascension_level":17}}