{"host":"xg4r5pv6chpuampg","time":1613149697,"event":{"mods":["AchievementEnabler","BaseMod","Googly Eyes","Minty Spire (QoL Compilation)"],"gold_per_floor":[112,62,62,62,81,114,114,139,162,115,115,1,1,28,28,132,132,143,157,172,29,53,53,63,63,63,63,63,63,63,76,76,76,76],"floor_reached":33,"language":"ENG","playtime":1061,"items_purged":[],"score":274,"play_id":"de7929a0-ce60-46a3-a70a-79c90ed2f351","local_time":"20210212200817","is_ascension_mode":false,"campfire_choices":[{"data":"Lockon","floor":7,"key":"SMITH"},{"floor":13,"key":"REST"},{"data":"White Noise","floor":15,"key":"SMITH"},{"floor":23,"key":"RECALL"},{"floor":25,"key":"REST"},{"floor":28,"key":"REST"},{"data":"Buffer","floor":30,"key":"SMITH"},{"data":"Thunder Strike","floor":32,"key":"SMITH"}],"circlet_count":0,"master_deck":["Strike_B+1","Strike_B+1","Strike_B+1","Defend_B+1","Defend_B+1","Defend_B+1","Zap","Dualcast","Ball Lightning","Lockon+1","Melter","Buffer+1","Self Repair","White Noise+1","Thunder Strike+1","Ball Lightning+1","Rebound","FTL","Heatsinks"],"relics":["Cracked Core","NeowsBlessing","Bag of Marbles","Cables","Regal Pillow","Philosopher\u0027s Stone","Dream Catcher","Lantern","Vajra"],"acts_visited":["Exordium","TheCity"],"potions_floor_usage":[16,16,24,33],"damage_taken":[{"damage":0,"enemies":"2 Louse","floor":1,"turns":1},{"damage":0,"enemies":"Jaw Worm","floor":5,"turns":1},{"damage":0,"enemies":"Lagavulin","floor":6,"turns":1},{"damage":30,"enemies":"3 Sentries","floor":8,"turns":6},{"damage":26,"enemies":"The Guardian","floor":16,"turns":7},{"damage":0,"enemies":"Spheric Guardian","floor":18,"turns":2},{"damage":14,"enemies":"Shell Parasite","floor":19,"turns":2},{"damage":0,"enemies":"Snake Plant","floor":20,"turns":2},{"damage":14,"enemies":"Centurion and Healer","floor":24,"turns":4},{"damage":8,"enemies":"Snecko","floor":31,"turns":4},{"damage":89,"enemies":"Automaton","floor":33,"turns":8}],"seed_played":"3622445167926088715","potions_obtained":[{"floor":1,"key":"FearPotion"},{"floor":6,"key":"BlessingOfTheForge"},{"floor":8,"key":"Weak Potion"},{"floor":19,"key":"Weak Potion"},{"floor":20,"key":"SpeedPotion"},{"floor":24,"key":"Fruit Juice"}],"is_trial":false,"path_per_floor":["M","?","?","$","M","E","R","E","T","?","?","$","R","T","R","B",null,"M","M","M","$","T","R","M","R","T","?","R","?","R","M","R","B"],"character_chosen":"DEFECT","items_purchased":["Self Repair","White Noise","Dream Catcher"],"campfire_rested":3,"item_purchase_floors":[12,12,21],"current_hp_per_floor":[75,75,68,68,68,68,68,38,38,38,38,38,60,60,60,34,75,75,61,61,61,61,61,59,80,80,65,85,85,85,84,84,0,0],"gold":76,"neow_bonus":"THREE_ENEMY_KILL","is_daily":false,"chose_seed":false,"campfire_upgraded":4,"win_rate":0.0,"timestamp":1613149697,"path_taken":["M","?","?","$","M","E","R","E","T","?","?","?","R","?","R","BOSS","M","M","M","$","?","R","M","R","T","?","R","?","R","M","R","BOSS"],"items_purchased_type":["Card","Card","Relic"],"build_version":"2020-12-22","purchased_purges":0,"victory":false,"max_hp_per_floor":[75,75,75,75,75,75,75,75,75,75,75,75,75,75,75,75,75,75,75,75,75,75,75,80,80,80,85,85,85,85,85,85,85,85],"card_choices":[{"not_picked":["Auto Shields","Darkness"],"picked":"Ball Lightning","floor":1},{"not_picked":["Fusion","Go for the Eyes"],"picked":"Lockon","floor":5},{"not_picked":["Stack","Cold Snap"],"picked":"Melter","floor":6},{"not_picked":["Steam","Hologram"],"picked":"Buffer","floor":8},{"not_picked":["Machine Learning","Rainbow"],"picked":"Thunder Strike","floor":16},{"not_picked":["Go for the Eyes","Coolheaded"],"picked":"Ball Lightning+1","floor":18},{"not_picked":["Recycle","Steam"],"picked":"Rebound","floor":19},{"not_picked":["Rebound","Gash+1"],"picked":"FTL","floor":20},{"not_picked":["Sunder","BootSequence","Sweeping Beam"],"picked":"SKIP","floor":24},{"not_picked":["Turbo","Beam Cell"],"picked":"Heatsinks","floor":28},{"not_picked":["Gash+1","Barrage","Turbo"],"picked":"SKIP","floor":31}],"player_experience":117061,"relics_obtained":[{"floor":6,"key":"Bag of Marbles"},{"floor":8,"key":"Cables"},{"floor":14,"key":"Regal Pillow"},{"floor":22,"key":"Lantern"},{"floor":26,"key":"Vajra"}],"event_choices":[{"cards_removed":["Strike_B"],"damage_healed":0,"gold_gain":0,"player_choice":"Card Removal","damage_taken":0,"max_hp_gain":0,"max_hp_loss":0,"event_name":"The Cleric","floor":2,"gold_loss":50},{"cards_removed":["Defend_B"],"damage_healed":0,"gold_gain":0,"player_choice":"Card Removal","damage_taken":7,"max_hp_gain":0,"max_hp_loss":0,"event_name":"Golden Wing","floor":3,"gold_loss":0},{"damage_healed":0,"gold_gain":0,"player_choice":"Left Gold","damage_taken":0,"max_hp_gain":0,"max_hp_loss":0,"event_name":"World of Goop","floor":10,"gold_loss":47},{"damage_healed":0,"gold_gain":0,"player_choice":"Ignored","damage_taken":0,"max_hp_gain":0,"max_hp_loss":0,"event_name":"Shining Light","floor":11,"gold_loss":0},{"damage_healed":0,"gold_gain":0,"player_choice":"Shed Blood","damage_taken":20,"max_hp_gain":5,"max_hp_loss":0,"event_name":"Forgotten Altar","floor":27,"gold_loss":0},{"damage_healed":0,"gold_gain":0,"player_choice":"Simplicity","damage_taken":0,"max_hp_gain":0,"max_hp_loss":0,"event_name":"Back to Basics","floor":29,"gold_loss":0,"cards_upgraded":["Strike_B","Strike_B","Strike_B","Defend_B","Defend_B","Defend_B"]}],"is_beta":false,"boss_relics":[{"not_picked":["Inserter","Runic Pyramid"],"picked":"Philosopher\u0027s Stone"}],"items_purged_floors":[],"is_endless":false,"potions_floor_spawned":[1,6,8,19,20,24],"killed_by":"Automaton","ascension_level":0}}