{"host":"7sni158j623xchr2","time":1613162066,"event":{"mods":["BaseMod","Colored Map","Highlight Path","Minty Spire (QoL Compilation)","Permanent Neow","Potion Indicator Mod","Rare Cards Sparkle","Relic Sorter","Relic Stats","StSLib","everything is the same but u backflip on backflip"],"gold_per_floor":[212,6,18,37,37,62,62,74,74,74,93,119,119,19,19,116,116,134,134,9,9,28,28,59,59,130,141,69,69,97,109,109,109,109],"floor_reached":33,"language":"ENG","playtime":755,"items_purged":["Defend_G","Strike_G","Strike_G"],"score":287,"play_id":"99254a49-f684-4899-b00a-01977b75c256","local_time":"20210212143426","is_ascension_mode":true,"campfire_choices":[{"data":"Bouncing Flask","floor":7,"key":"SMITH"},{"data":"Bane","floor":10,"key":"SMITH"},{"data":"Footwork","floor":15,"key":"SMITH"},{"data":"Crippling Poison","floor":23,"key":"SMITH"},{"data":"Burst","floor":29,"key":"SMITH"},{"data":"Deflect","floor":32,"key":"SMITH"}],"circlet_count":0,"master_deck":["Strike_G","Defend_G","Defend_G","Defend_G","Defend_G","Survivor","Neutralize","Bouncing Flask+1","Dagger Spray+1","Footwork+1","Bane+1","Masterful Stab","All Out Attack","Dodge and Roll","Burst+1","Backstab","Riddle With Holes","Crippling Poison+1","Shame","Deflect+1","Deadly Poison+1"],"relics":["Ring of the Snake","Regal Pillow","Matryoshka","Shuriken","Bag of Preparation","Mummified Hand","Nunchaku","Orichalcum","Meat on the Bone","Red Mask"],"acts_visited":["Exordium","TheCity"],"potions_floor_usage":[6,18,18,22,24,30,30,33],"damage_taken":[{"damage":0,"enemies":"Cultist","floor":1,"turns":4},{"damage":0,"enemies":"2 Louse","floor":3,"turns":3},{"damage":0,"enemies":"Small Slimes","floor":4,"turns":3},{"damage":18,"enemies":"Lagavulin","floor":6,"turns":5},{"damage":0,"enemies":"Looter","floor":8,"turns":2},{"damage":0,"enemies":"Blue Slaver","floor":11,"turns":3},{"damage":12,"enemies":"Gremlin Nob","floor":12,"turns":3},{"damage":12,"enemies":"The Guardian","floor":16,"turns":9},{"damage":0,"enemies":"2 Thieves","floor":18,"turns":4},{"damage":0,"enemies":"Shell Parasite","floor":22,"turns":4},{"damage":15,"enemies":"Book of Stabbing","floor":24,"turns":5},{"damage":11,"enemies":"Snecko","floor":27,"turns":4},{"damage":0,"enemies":"Masked Bandits","floor":30,"turns":1},{"damage":0,"enemies":"Cultist and Chosen","floor":31,"turns":5},{"damage":54,"enemies":"Champ","floor":33,"turns":10}],"seed_played":"4470601440034083656","potions_obtained":[{"floor":1,"key":"DuplicationPotion"},{"floor":8,"key":"EntropicBrew"},{"floor":12,"key":"Ancient Potion"},{"floor":18,"key":"BlessingOfTheForge"},{"floor":22,"key":"SteroidPotion"},{"floor":24,"key":"BlessingOfTheForge"},{"floor":31,"key":"FearPotion"}],"is_trial":false,"path_per_floor":["M","$","M","M","?","E","R","M","T","R","M","E","?","$","R","B",null,"M","?","$","?","M","R","E","?","T","M","$","R","?","M","R","B"],"character_chosen":"THE_SILENT","items_purchased":["Dagger Spray","Footwork","LiquidMemories"],"campfire_rested":0,"item_purchase_floors":[2,2,28],"current_hp_per_floor":[70,70,70,70,70,52,52,52,52,52,52,40,40,40,40,28,70,70,70,70,70,70,70,55,55,55,44,44,44,44,44,44,0,0],"gold":109,"neow_bonus":"HUNDRED_GOLD","is_daily":false,"chose_seed":false,"campfire_upgraded":6,"win_rate":0.0,"timestamp":1613162066,"path_taken":["M","$","?","M","?","E","R","M","T","R","M","E","?","$","R","BOSS","M","?","$","?","M","R","E","?","T","M","$","R","?","M","R","BOSS"],"items_purchased_type":["Card","Card","Potion"],"build_version":"2020-12-22","purchased_purges":3,"victory":false,"max_hp_per_floor":[70,70,70,70,70,70,70,70,70,70,70,70,70,70,70,70,70,70,70,70,70,70,70,70,70,70,70,70,70,70,70,70,70,70],"relic_stats":{"Regal Pillow":0,"Nunchaku":[2],"counters":[15,65],"Shuriken":[5],"Mummified Hand":[1],"Bag of Preparation":[16],"Orichalcum":[36],"obtain_stats":[{"Regal Pillow":6,"Nunchaku":25,"Matryoshka":9,"Shuriken":12,"Mummified Hand":24,"Bag of Preparation":13,"Red Mask":30,"Orichalcum":26,"Ring of the Snake":0,"Meat on the Bone":26},{"Regal Pillow":4,"Nunchaku":11,"Matryoshka":5,"Shuriken":7,"Mummified Hand":11,"Bag of Preparation":7,"Red Mask":13,"Orichalcum":11,"Ring of the Snake":0,"Meat on the Bone":11},{"Regal Pillow":15,"Nunchaku":45,"Matryoshka":17,"Shuriken":23,"Mummified Hand":45,"Bag of Preparation":23,"Red Mask":50,"Orichalcum":45,"Ring of the Snake":0,"Meat on the Bone":45}],"Ring of the Snake":[30],"Meat on the Bone":0},"card_choices":[{"not_picked":["Prepared","Underhanded Strike"],"picked":"Bouncing Flask","floor":1},{"not_picked":["Flying Knee","Outmaneuver"],"picked":"Bane","floor":3},{"not_picked":["Poisoned Stab","Caltrops"],"picked":"Masterful Stab","floor":4},{"not_picked":["Distraction","Leg Sweep"],"picked":"All Out Attack","floor":6},{"not_picked":["Backflip","Calculated Gamble"],"picked":"Dodge and Roll","floor":8},{"not_picked":["Riddle With Holes","Noxious Fumes","Dagger Spray"],"picked":"SKIP","floor":11},{"not_picked":["Calculated Gamble","Flying Knee","Skewer"],"picked":"SKIP","floor":12},{"not_picked":["Malaise","A Thousand Cuts"],"picked":"Burst","floor":16},{"not_picked":["Outmaneuver","Quick Slash+1","Blade Dance"],"picked":"SKIP","floor":18},{"not_picked":["Accuracy","Sucker Punch","All Out Attack"],"picked":"SKIP","floor":22},{"not_picked":["Poisoned Stab","Flying Knee","Backflip"],"picked":"SKIP","floor":24},{"not_picked":["Footwork","Bane+1"],"picked":"Deflect","floor":27},{"not_picked":["Quick Slash+1","Calculated Gamble"],"picked":"Deadly Poison+1","floor":31}],"player_experience":1788405,"relics_obtained":[{"floor":6,"key":"Regal Pillow"},{"floor":9,"key":"Matryoshka"},{"floor":12,"key":"Shuriken"},{"floor":24,"key":"Mummified Hand"},{"floor":26,"key":"Orichalcum"},{"floor":26,"key":"Meat on the Bone"},{"floor":30,"key":"Red Mask"}],"event_choices":[{"damage_healed":0,"gold_gain":0,"player_choice":"Grow","damage_taken":0,"max_hp_gain":0,"max_hp_loss":0,"event_name":"Living Wall","floor":5,"gold_loss":0,"cards_upgraded":["Dagger Spray"]},{"damage_healed":0,"gold_gain":0,"player_choice":"Gave Potion","damage_taken":0,"relics_obtained":["Bag of Preparation"],"max_hp_gain":0,"max_hp_loss":0,"event_name":"WeMeetAgain","floor":13,"gold_loss":0},{"damage_healed":0,"gold_gain":0,"cards_transformed":["Strike_G","Strike_G"],"player_choice":"Became Test Subject","damage_taken":0,"max_hp_gain":0,"max_hp_loss":0,"event_name":"Drug Dealer","floor":19,"gold_loss":0,"cards_obtained":["Backstab","Riddle With Holes"]},{"damage_healed":0,"gold_gain":0,"player_choice":"Read","damage_taken":0,"max_hp_gain":0,"max_hp_loss":0,"event_name":"The Library","floor":21,"gold_loss":0,"cards_obtained":["Crippling Poison"]},{"damage_healed":0,"gold_gain":0,"player_choice":"Stole Relic","damage_taken":0,"relics_obtained":["Nunchaku"],"max_hp_gain":0,"max_hp_loss":0,"event_name":"Addict","floor":25,"gold_loss":0,"cards_obtained":["Shame"]},{"damage_healed":0,"gold_gain":0,"player_choice":"Fought Bandits","damage_taken":0,"max_hp_gain":0,"max_hp_loss":0,"event_name":"Masked Bandits","floor":30,"gold_loss":0}],"is_beta":false,"boss_relics":[{"not_picked":["Ectoplasm","Runic Dome","Fusion Hammer"]}],"items_purged_floors":[2,14,20],"is_endless":false,"potions_floor_spawned":[1,8,12,18,22,24,31],"killed_by":"Champ","ascension_level":1}}