{"host":"jqkewjmybebgw3gd","time":1613126009,"event":{"mods":["AchievementEnabler","BaseMod","Colored Map","DeckTracker","Minty Spire (QoL Compilation)","StSLib","SuperFastMode"],"gold_per_floor":[115,129,140,140,156,191,191,266,266,266,296,314,314,349,349,446,446,457,457,131,56,71,71,105,105,105,5,5,17,28,53,53,153,153,165,179,229,247,247,247,279,279,327,327,25,25,44,76,76,76,76,76,25,59,59,59],"floor_reached":55,"language":"KOR","playtime":3152,"items_purged":["Strike_B","Defend_B"],"score":794,"play_id":"c943c02d-a4a7-47ac-b0f9-35cf3b2c69de","local_time":"20210212193329","is_ascension_mode":true,"campfire_choices":[{"floor":7.0,"key":"REST"},{"data":"Dualcast","floor":10.0,"key":"SMITH"},{"floor":13.0,"key":"REST"},{"floor":15.0,"key":"REST"},{"data":"Apotheosis","floor":23.0,"key":"SMITH"},{"floor":25.0,"key":"RECALL"},{"data":"Static Discharge","floor":32.0,"key":"SMITH"},{"data":"Biased Cognition","floor":40.0,"key":"SMITH"},{"floor":42.0,"key":"REST"},{"floor":44.0,"key":"REST"},{"data":"Defragment","floor":49,"key":"SMITH"},{"data":"Hologram","floor":52,"key":"SMITH"}],"circlet_count":0,"master_deck":["Strike_B","Defend_B","Defend_B","Defend_B","Zap","Dualcast+1","Biased Cognition+1","Capacitor","Ball Lightning","Coolheaded","Chill","Static Discharge+1","Sweeping Beam+1","Reinforced Body","Biased Cognition+1","Tempest","Apotheosis+1","Defragment+1","Turbo+1","Consume","Gash+1","FTL+1","Echo Form+1","CurseOfTheBell","Coolheaded","Hologram+1","Steam+1","Skim+1","Streamline+1"],"relics":["Cracked Core","Molten Egg 2","Ornamental Fan","Nuclear Battery","Sundial","Cables","Blood Vial","Calling Bell","Toy Ornithopter","InkBottle","Unceasing Top","Torii","Orichalcum","Membership Card","Bag of Marbles","Art of War","DataDisk","Happy Flower"],"acts_visited":["Exordium","TheCity","TheBeyond","TheEnding"],"potions_floor_usage":[50,50,50,50,54,55,55],"damage_taken":[{"damage":6.0,"enemies":"Jaw Worm","floor":1.0,"turns":2.0},{"damage":15.0,"enemies":"Small Slimes","floor":2.0,"turns":2.0},{"damage":0.0,"enemies":"2 Louse","floor":3.0,"turns":2.0},{"damage":6.0,"enemies":"Looter","floor":5.0,"turns":3.0},{"damage":7.0,"enemies":"3 Sentries","floor":6.0,"turns":8.0},{"damage":15.0,"enemies":"Gremlin Nob","floor":11.0,"turns":4.0},{"damage":0.0,"enemies":"Blue Slaver","floor":12.0,"turns":3.0},{"damage":15.0,"enemies":"3 Sentries","floor":14.0,"turns":3.0},{"damage":10.0,"enemies":"The Guardian","floor":16.0,"turns":10.0},{"damage":3.0,"enemies":"Chosen","floor":18.0,"turns":3.0},{"damage":4.0,"enemies":"Spheric Guardian","floor":22.0,"turns":2.0},{"damage":13.0,"enemies":"Book of Stabbing","floor":24.0,"turns":4.0},{"damage":0.0,"enemies":"Snecko","floor":29.0,"turns":3.0},{"damage":0.0,"enemies":"Cultist and Chosen","floor":30.0,"turns":3.0},{"damage":0.0,"enemies":"Gremlin Leader","floor":31.0,"turns":2.0},{"damage":28.0,"enemies":"Collector","floor":33.0,"turns":5.0},{"damage":17.0,"enemies":"3 Shapes","floor":35.0,"turns":4.0},{"damage":0.0,"enemies":"Orb Walker","floor":36.0,"turns":3.0},{"damage":0.0,"enemies":"Mind Bloom Boss Battle","floor":37.0,"turns":5.0},{"damage":23.0,"enemies":"Jaw Worm Horde","floor":38.0,"turns":5.0},{"damage":29.0,"enemies":"Nemesis","floor":41.0,"turns":5.0},{"damage":4.0,"enemies":"Sphere and 2 Shapes","floor":47.0,"turns":4.0},{"damage":2,"enemies":"Giant Head","floor":48,"turns":7},{"damage":56,"enemies":"Awakened One","floor":50,"turns":10},{"damage":57,"enemies":"Shield and Spear","floor":54,"turns":7},{"damage":30,"enemies":"The Heart","floor":55,"turns":6}],"seed_played":"-3218112015902393528","potions_obtained":[{"floor":3.0,"key":"Weak Potion"},{"floor":6.0,"key":"Weak Potion"},{"floor":11.0,"key":"PowerPotion"},{"floor":12.0,"key":"Dexterity Potion"},{"floor":16.0,"key":"FocusPotion"},{"floor":24.0,"key":"Explosive Potion"},{"floor":30.0,"key":"ColorlessPotion"},{"floor":31.0,"key":"FearPotion"},{"floor":36.0,"key":"ColorlessPotion"},{"floor":38.0,"key":"ColorlessPotion"},{"floor":41.0,"key":"EntropicBrew"},{"floor":47.0,"key":"LiquidBronze"}],"is_trial":false,"path_per_floor":["M","M","M","?","M","E","R","?","T","R","E","M","R","E","R","B",null,"M","?","$","?","M","R","E","R","T","$","?","M","M","E","R","B",null,"M","M","?","M","?","R","E","R","T","R","$","?","M","E","R","B",null,"R","$","E","B"],"character_chosen":"DEFECT","items_purchased":["Apotheosis","Defragment","Membership Card","Bag of Marbles","Art of War","FocusPotion","ColorlessPotion"],"campfire_rested":5,"item_purchase_floors":[20,20,45,45,45,53,53],"current_hp_per_floor":[48,33,33,33,27,20,42,31,31,31,16,16,38,23,45,35,75,72,72,72,72,68,68,55,55,55,55,55,55,55,55,55,29,75,58,60,62,46,46,46,24,46,46,68,68,68,66,66,66,19,75,75,75,18,0,0],"gold":59,"neow_bonus":"THREE_RARE_CARDS","is_daily":false,"chose_seed":false,"campfire_upgraded":6,"win_rate":0.0,"timestamp":1613126009,"path_taken":["M","M","M","?","M","E","R","?","T","R","E","M","R","E","R","BOSS","M","?","$","?","M","R","E","R","T","$","?","?","M","E","R","BOSS","M","M","?","M","?","R","E","R","T","R","$","?","M","E","R","BOSS","R","$","E","BOSS"],"items_purchased_type":["Card","Card","Relic","Relic","Relic","Potion","Potion"],"build_version":"2020-12-22","purchased_purges":2,"victory":false,"max_hp_per_floor":[75,75,75,75,75,75,75,75,75,75,75,75,75,75,75,75,75,75,75,75,75,75,75,75,75,75,75,75,75,75,75,75,75,75,75,75,75,75,75,75,75,75,75,75,75,75,75,75,75,75,75,75,75,75,75,75],"card_choices":[{"not_picked":["All For One","Rainbow"],"picked":"Biased Cognition","floor":0.0},{"not_picked":["Turbo","Darkness"],"picked":"Capacitor","floor":1.0},{"not_picked":["Rip and Tear","Sweeping Beam"],"picked":"Ball Lightning","floor":2.0},{"not_picked":["Fusion","Barrage"],"picked":"Coolheaded","floor":3.0},{"not_picked":["Steam Power","Go for the Eyes"],"picked":"Chill","floor":5.0},{"not_picked":["Hello World","Redo","Leap"],"picked":"SKIP","floor":6.0},{"not_picked":["Rainbow","Steam"],"picked":"Static Discharge","floor":11.0},{"not_picked":["Compile Driver+1","Steam"],"picked":"Sweeping Beam+1","floor":12.0},{"not_picked":["Turbo","Thunder Strike+1"],"picked":"Reinforced Body","floor":14.0},{"not_picked":["Rainbow","Machine Learning"],"picked":"Biased Cognition","floor":16.0},{"not_picked":["Steam","Capacitor"],"picked":"Tempest","floor":18.0},{"not_picked":["Compile Driver+1","Conserve Battery"],"picked":"Turbo+1","floor":22.0},{"not_picked":["White Noise","All For One+1","Go for the Eyes+1"],"picked":"SKIP","floor":24.0},{"not_picked":["Stack","Beam Cell+1"],"picked":"Consume","floor":29.0},{"not_picked":["Conserve Battery+1","Sweeping Beam+1"],"picked":"Gash+1","floor":30.0},{"not_picked":["Go for the Eyes+1","Conserve Battery+1"],"picked":"FTL+1","floor":31.0},{"not_picked":["Creative AI","Buffer"],"picked":"Echo Form","floor":33.0},{"not_picked":["Doom and Gloom+1","Go for the Eyes+1"],"picked":"Coolheaded","floor":35.0},{"not_picked":["Leap","Sweeping Beam+1"],"picked":"Hologram","floor":36.0},{"not_picked":["Conserve Battery","Darkness"],"picked":"Steam+1","floor":37.0},{"not_picked":["Scrape+1","Ball Lightning+1","Loop+1"],"picked":"SKIP","floor":38.0},{"not_picked":["Barrage+1","Turbo","Recycle+1"],"picked":"SKIP","floor":41.0},{"not_picked":["Meteor Strike+1","Fusion+1"],"picked":"Skim+1","floor":47.0},{"not_picked":["Meteor Strike+1","Beam Cell+1"],"picked":"Streamline+1","floor":48},{"not_picked":["Go for the Eyes+1","Recycle","Self Repair"],"picked":"SKIP","floor":54}],"player_experience":524557,"relics_obtained":[{"floor":9.0,"key":"Molten Egg 2"},{"floor":11.0,"key":"Ornamental Fan"},{"floor":24.0,"key":"Sundial"},{"floor":26.0,"key":"Cables"},{"floor":31.0,"key":"Blood Vial"},{"floor":34.0,"key":"Toy Ornithopter"},{"floor":34.0,"key":"InkBottle"},{"floor":34.0,"key":"Unceasing Top"},{"floor":37.0,"key":"Torii"},{"floor":41.0,"key":"Orichalcum"},{"floor":48,"key":"DataDisk"},{"floor":54,"key":"Happy Flower"}],"event_choices":[{"damage_healed":0.0,"max_hp_gain":0.0,"max_hp_loss":0.0,"gold_gain":0.0,"event_name":"Living Wall","player_choice":"Grow","floor":4.0,"gold_loss":0.0,"damage_taken":0.0,"cards_upgraded":["Biased Cognition"]},{"damage_healed":0.0,"max_hp_gain":0.0,"max_hp_loss":0.0,"gold_gain":75.0,"event_name":"World of Goop","player_choice":"Gather Gold","floor":8.0,"gold_loss":0.0,"damage_taken":11.0},{"cards_removed":["Strike_B"],"damage_healed":0.0,"max_hp_gain":0.0,"max_hp_loss":0.0,"gold_gain":0.0,"event_name":"Back to Basics","player_choice":"Elegance","floor":19.0,"gold_loss":0.0,"damage_taken":0.0},{"cards_removed":["Strike_B"],"damage_healed":0.0,"max_hp_gain":0.0,"max_hp_loss":0.0,"gold_gain":0.0,"event_name":"Beggar","player_choice":"Gave Gold","floor":21.0,"gold_loss":75.0,"damage_taken":0.0},{"damage_healed":0.0,"max_hp_gain":0.0,"max_hp_loss":0.0,"gold_gain":0.0,"event_name":"MindBloom","player_choice":"Fight","floor":37.0,"gold_loss":0.0,"damage_taken":0.0},{"damage_healed":0.0,"max_hp_gain":0.0,"max_hp_loss":0.0,"gold_gain":0.0,"event_name":"Tomb of Lord Red Mask","player_choice":"Ignored","floor":39.0,"gold_loss":0.0,"damage_taken":0.0},{"damage_healed":0.0,"max_hp_gain":0.0,"max_hp_loss":0.0,"gold_gain":0.0,"event_name":"Upgrade Shrine","player_choice":"Upgraded","floor":46.0,"gold_loss":0.0,"damage_taken":0.0,"cards_upgraded":["Echo Form"]}],"is_beta":false,"boss_relics":[{"not_picked":["Fusion Hammer","Ectoplasm"],"picked":"Nuclear Battery"},{"not_picked":["Black Star","SacredBark"],"picked":"Calling Bell"}],"items_purged_floors":[20,27],"is_endless":false,"potions_floor_spawned":[3,6,11,12,16,24,30,31,36,38,41,47],"killed_by":"The Heart","ascension_level":1}}