{"host":"49abft5853189zwb","time":1613131715,"event":{"mods":["Aspiration","BaseMod","Bossed Relics","Downfall","Duelist Mod","Hermit","Hubris","Infinite Spire","Koishi","Lobotomy","Marisa????????","Minty Spire (QoL Compilation)","Quick Restart","Reimu??????","Remilia??????","StSLib","The Administrix","The Bug Knight","The Construct","The Cursed","The Disciple","The Necromancer","The Runesmith","The Senshi","The Servant 0.9.4","Yuyuko","[IsaacMod]????"],"gold_per_floor":[116,116,126,143,158,186,227,227,227,302,321,351,38,65,65,170,170,190,190,219,219,27,27,68,5,5,5,22,54,66,116,116,214,214,232,251,251,269,283,313,313,341,422,456,536,536,536,188,188,772,772,788,835,835,840,104,104,118,131,131,131,131,150,150,166,166,244,244,241,254,253,264,264,264,276,289,367,327,342,342,347,345,345,323,323,326,338,338,338,338,338,346,359,359,80,157,157,157,173,173,133,133],"floor_reached":101,"language":"ENG","playtime":6992,"items_purged":["Strike_RM","Strike_RM","Defend_RM","Defend_RM","Strike_RM"],"score":1803,"play_id":"2e3049c3-2c89-4bd3-bb9f-59cb311ca3a4","local_time":"20210212153834","is_ascension_mode":true,"campfire_choices":[{"data":"BombardNight","floor":8.0,"key":"SMITH"},{"data":"EmergencyRegeneration","floor":15.0,"key":"SMITH"},{"floor":23.0,"key":"DIG"},{"floor":27.0,"key":"DIG"},{"floor":32.0,"key":"DIG"},{"floor":41.0,"key":"DIG"},{"floor":46.0,"key":"RECALL"},{"floor":49.0,"key":"DIG"},{"floor":57,"key":"DIG"},{"floor":64,"key":"DIG"},{"floor":66,"key":"DIG"},{"floor":74,"key":"REST"},{"floor":80,"key":"DIG"},{"floor":83,"key":"DIG"},{"floor":91,"key":"DIG"},{"floor":97,"key":"DIG"},{"floor":100,"key":"DIG"}],"circlet_count":0,"master_deck":["Strike_RM+1","Defend_RM","Defend_RM","RedMoon","ScarletShoot+1","BombardNight+1","StarOfDavid","HunterOfTheNight","MastersStateliness","TricksterDevil","EmergencyRegeneration+1","ScarletDevilSign","UnstableMagic+1","BatForm","CurseOfTheBell","RedRainbow","ScarletImprint+1","Panache","ChaoticDestiny","MastersStateliness+1","Stigmanizer+1","ReincarnationDial","EndlessAdversity+1","ScarletCoffin","RedRainbow+1","ScarletImprint+1","infinitespire:Collect+1","UnstableMagic+1","MastersStateliness+1","GlobalNightmare+1","MastersStateliness","UnstableMagic+1","hubris:Lust","Writhe","HellCatastrophe","MastersStateliness","DiffusionOfMisfortune+1","ScarletDevil+1","KillingBlow","DiffusionOfMisfortune+1","ForecastOfChange","DemonKingCradle","MastersStateliness","VampireKiss","DiffusionOfMisfortune","hubris:NaturalOne","MastersStateliness","Stigmanizer","MastersStateliness","ChainGang+1","HeartBreak+1","DiffusionOfMisfortune+1","HunterOfTheNight+1","BloodHunter+1","DiffusionOfMisfortune+1","FitfulNightmare","EquivalentExchange","StarOfDavid+1","hubris:DuctTapeCard","HellCatastrophe+1","TricksterDevil","MastersStateliness","Ultimatum+1","infinitespire:Punishment+1","MastersStateliness+1","BloodyCatastrophe","BloodyHallows","NightDance+1","Ultimatum+1"],"relics":["ScarletHat","HushsDoor","aspiration:Nostalgia","Coronal","GuppysTail","infinitespire:Beetle Shell","Mastiff:ReiMu","infinitespire:EmpoweringShard","TheBean","Lee\u0027s Waffle","Runesmith:AutoHammer","CrazyTorch:ReiMu","Calling Bell","Shovel","Question Card","Orichalcum","Lizard Tail","Red Mask","MawBank","SharpPlug","FairyMaid","InkBottle","infinitespire:Satchel","GnawedLeaf","Bag of Marbles","theSenshi:SailorFukuRelic","hubris:Backtick","Lantern","StoneCalendar","aspiration:ChemicalBlood","RuthlessExorcism:ReiMu","Bronze Scales","Kunai","Blue Candle","Orrery","Dream Catcher","PreservedInsect","infinitespire:CheckeredPen","Strawberry","Toy Ornithopter","bronze:MakeshiftBattery","Darkstone Periapt","hubris:Icosahedron","Meat on the Bone","Gremlin Horn","Strange Spoon","hubris:Reverence","Akabeko","TuHaoJin","Molten Egg 2","AnarchistCookbook","War Paint","hubris:ToyBattleship","RedBat","RedLine:ReiMu","HowToJump","Bottled Flame","ZunR:ReiMu","Whetstone","hubris:DuctTape","HollowMod:PaleOreRelic","hubris:ScarierMask","aspiration:Headhunter","Molten Egg 2","MealTicket","Thread and Needle","hubris:PeanutButter","Bottled Tornado","BookofShadows","hubris:Teleporter","Nunchaku"],"acts_visited":["Exordium","TheCity","TheBeyond","Exordium","TheCity","TheBeyond"],"potions_floor_usage":[65,84,84,84,84,84,84,84,84,84,84,86,93,101,101,101],"damage_taken":[{"damage":0.0,"enemies":"2 Louse","floor":1.0,"turns":4.0},{"damage":12.0,"enemies":"infinitespire:Voidling","floor":3.0,"turns":4.0},{"damage":0.0,"enemies":"Jaw Worm","floor":4.0,"turns":4.0},{"damage":3.0,"enemies":"Blue Slaver","floor":5.0,"turns":3.0},{"damage":10.0,"enemies":"Gremlin Nob","floor":6.0,"turns":6.0},{"damage":24.0,"enemies":"Gremlin Gang","floor":11.0,"turns":4.0},{"damage":51.0,"enemies":"Lagavulin","floor":12.0,"turns":6.0},{"damage":30.0,"enemies":"3 Sentries","floor":14.0,"turns":4.0},{"damage":71.0,"enemies":"Hexaghost","floor":16.0,"turns":8.0},{"damage":0.0,"enemies":"3 Byrds","floor":18.0,"turns":2.0},{"damage":123.0,"enemies":"Masked Bandits","floor":20.0,"turns":6.0},{"damage":4.0,"enemies":"Nightmare","floor":24.0,"turns":8.0},{"damage":0.0,"enemies":"Spheric Guardian","floor":28.0,"turns":2.0},{"damage":0.0,"enemies":"theDuelist:KaibaA2","floor":29.0,"turns":2.0},{"damage":0.0,"enemies":"Centurion and Healer","floor":30.0,"turns":4.0},{"damage":15.0,"enemies":"Hiden Room Battle","floor":31.0,"turns":4.0},{"damage":15.0,"enemies":"Automaton","floor":33.0,"turns":4.0},{"damage":0.0,"enemies":"Orb Walker","floor":35.0,"turns":3.0},{"damage":0.0,"enemies":"3 Darklings","floor":36.0,"turns":2.0},{"damage":0.0,"enemies":"Maw","floor":38.0,"turns":3.0},{"damage":1.0,"enemies":"Sphere and 2 Shapes","floor":39.0,"turns":3.0},{"damage":0.0,"enemies":"HollowMod:StalkingDevout","floor":40.0,"turns":3.0},{"damage":2.0,"enemies":"Giant Head","floor":42.0,"turns":5.0},{"damage":21.0,"enemies":"Nemesis","floor":44.0,"turns":5.0},{"damage":1.00000037E8,"enemies":"infinitespire:MassOfShapes","floor":50.0,"turns":5.0},{"damage":0.0,"enemies":"Small Slimes","floor":52.0,"turns":1.0},{"damage":12.0,"enemies":"Lagavulin Event","floor":53.0,"turns":2.0},{"damage":0.0,"enemies":"Cultist","floor":55.0,"turns":2.0},{"damage":0,"enemies":"2 Louse","floor":58,"turns":1},{"damage":0,"enemies":"Blue Slaver","floor":59,"turns":1},{"damage":11,"enemies":"Lagavulin","floor":63,"turns":2},{"damage":0,"enemies":"Gremlin Nob","floor":65,"turns":2},{"damage":85,"enemies":"Delirium","floor":67,"turns":3},{"damage":0,"enemies":"2 Thieves","floor":69,"turns":2},{"damage":0,"enemies":"Shelled Parasite and Fungi","floor":70,"turns":1},{"damage":26,"enemies":"Centurion and Healer","floor":71,"turns":2},{"damage":0,"enemies":"Snake Plant","floor":72,"turns":1},{"damage":0,"enemies":"Cultist and Chosen","floor":75,"turns":1},{"damage":19,"enemies":"Nightmare","floor":76,"turns":2},{"damage":0,"enemies":"Gremlin Leader","floor":79,"turns":1},{"damage":13,"enemies":"3 Cultists","floor":81,"turns":2},{"damage":1,"enemies":"Shelled Parasite and Fungi","floor":82,"turns":1},{"damage":377,"enemies":"Delirium","floor":84,"turns":8},{"damage":0,"enemies":"3 Darklings","floor":86,"turns":1},{"damage":12,"enemies":"Orb Walker","floor":87,"turns":1},{"damage":57,"enemies":"Maw","floor":89,"turns":3},{"damage":43,"enemies":"Giant Head","floor":92,"turns":3},{"damage":0,"enemies":"3 Darklings","floor":93,"turns":1},{"damage":0,"enemies":"HollowMod:StalkingDevout","floor":99,"turns":2},{"damage":210,"enemies":"Delirium","floor":101,"turns":2}],"seed_played":"1572513159086366523","potions_obtained":[{"floor":4.0,"key":"MagicPotion:ReiMu"},{"floor":6.0,"key":"SneckoOil"},{"floor":14.0,"key":"LiquidBronze"},{"floor":16.0,"key":"DuplicationPotion"},{"floor":18.0,"key":"Regen Potion"},{"floor":30.0,"key":"ColorlessPotion"},{"floor":31.0,"key":"Dexterity Potion"},{"floor":33.0,"key":"SpeedPotion"},{"floor":42.0,"key":"Fruit Juice"},{"floor":44.0,"key":"SmokeBomb"},{"floor":50.0,"key":"Swift Potion"},{"floor":65,"key":"Regen Potion"},{"floor":65,"key":"Weak Potion"},{"floor":69,"key":"infinitespire:BlackPotion"},{"floor":84,"key":"Strength Potion"},{"floor":84,"key":"SpeedPotion"},{"floor":84,"key":"Regen Potion"},{"floor":84,"key":"SpeedPotion"},{"floor":84,"key":"Swift Potion"},{"floor":93,"key":"LiquidBronze"}],"is_trial":false,"path_per_floor":["M","?","M","M","M","E","?","R","T","?","M","E","$","E","R","B",null,"M","AVR","?","?","$","R","NM","$","T","R","M","E","M","?","R","B",null,"M","M","AVR","M","M","E","R","E","T","E","T","R","?","$","R","B",null,"M","?","?","M","$","R","M","M","T","AVR","?","E","R","E","R","B",null,"M","M","M","M","?","R","M","NM","T","?","E","R","M","M","R","B",null,"M","M","AVR","M","?","R","E","M","T","$","T","R","?","E","R","B"],"character_chosen":"REMILIA","items_purchased":["Lee\u0027s Waffle","Runesmith:AutoHammer","Panache","SuicideKing","Orrery","FairyPotion","Meat on the Bone","Gremlin Horn","Strange Spoon","hubris:PeanutButter","NightDance+1"],"campfire_rested":1,"item_purchase_floors":[13,13,22,48,48,51,56,56,56,95,95],"current_hp_per_floor":[75,75,67,67,65,66,51,51,51,40,28,27,82,65,65,45,82,82,82,22,92,92,92,92,92,92,92,92,92,92,77,77,83,92,92,92,92,92,91,92,92,92,92,85,85,85,85,85,85,79,100,100,89,89,90,90,90,96,96,96,96,96,95,95,105,105,42,106,106,106,80,86,71,102,102,93,93,93,93,93,93,92,92,102,106,106,94,94,63,63,63,79,84,84,99,99,99,99,106,106,0,0],"gold":133,"neow_bonus":"NOSTALGIA","is_daily":false,"chose_seed":false,"campfire_upgraded":2,"win_rate":0.0,"timestamp":1613131714,"path_taken":["M","?","?","M","M","E","?","R","T","?","M","E","?","E","R","BOSS","M","AVR","?","?","?","R","NM","$","T","R","M","E","M","?","R","BOSS","M","M","AVR","M","M","E","R","E","T","E","?","R","?","$","R","BOSS","M","?","?","M","$","R","M","?","T","AVR","?","E","R","E","R","BOSS","M","M","M","M","?","R","M","NM","T","?","E","R","M","?","R","BOSS","M","M","AVR","M","?","R","E","M","T","?","?","R","?","E","R","BOSS"],"items_purchased_type":["Relic","Relic","Card","Card","Relic","Potion","Relic","Relic","Relic","Relic","Card"],"build_version":"2020-12-13","purchased_purges":5,"victory":false,"max_hp_per_floor":[75,75,75,75,75,75,75,75,75,75,75,75,82,82,82,82,82,82,82,82,92,92,92,92,92,92,92,92,92,92,92,92,92,92,92,92,92,92,92,92,92,92,92,92,92,92,92,92,92,104,100,100,100,100,100,100,100,106,106,106,106,106,106,106,106,106,106,106,106,106,106,106,106,106,106,106,106,106,106,106,106,106,106,106,106,106,106,106,106,106,106,106,106,106,106,106,106,106,106,106,106,106],"card_choices":[{"not_picked":[],"picked":"ChaosCard","floor":0.0},{"not_picked":["MiserableFate","ForbiddenFruit"],"picked":"BombardNight","floor":1.0},{"not_picked":["ReincarnationDial","ChainGang"],"picked":"StarOfDavid","floor":3.0},{"not_picked":["Maim","CharismaGuard"],"picked":"HunterOfTheNight","floor":4.0},{"not_picked":["ForbiddenFruit","Bomb"],"picked":"MastersStateliness","floor":5.0},{"not_picked":["ReincarnationDial","DevilSight"],"picked":"TricksterDevil","floor":6.0},{"not_picked":["BloodyMagicSquare","NightDance"],"picked":"EmergencyRegeneration","floor":11.0},{"not_picked":["BombardNight","CharismaGuard"],"picked":"ScarletDevilSign","floor":12.0},{"not_picked":["VampireKiss","ScarletGensokyo"],"picked":"UnstableMagic","floor":14.0},{"not_picked":["ChaoticDestiny","HeartBreak"],"picked":"BatForm","floor":16.0},{"not_picked":["StarOfDavid","VampireFantasy","BloodyCatastrophe"],"picked":"RedRainbow","floor":18.0},{"not_picked":["GlobalNightmare","ScarletDevil","VampireKiss"],"picked":"ScarletImprint+1","floor":20.0},{"not_picked":["ChainGang","RedRainbow","BloodHunter"],"picked":"ChaoticDestiny","floor":24.0},{"not_picked":["CharismaGuard","VampirishNight","EndlessAdversity"],"picked":"MastersStateliness+1","floor":28.0},{"not_picked":["VampireSweep","BatForm","NightLord"],"picked":"Stigmanizer+1","floor":29.0},{"not_picked":["VampireKiss","AfternoonTea","ScarletNetherworld"],"picked":"ReincarnationDial","floor":30.0},{"not_picked":["StarOfDavid","VampireSweep","NightDance"],"picked":"EndlessAdversity+1","floor":31.0},{"not_picked":["TransientEternity","ChaoticDestiny","BloodRain"],"picked":"ScarletCoffin","floor":33.0},{"not_picked":["BombardNight+1","StarOfDavid+1","BlasphemousPunishment"],"picked":"RedRainbow+1","floor":35.0},{"not_picked":["ScarletSymphony+1","Ultimatum","Maim"],"picked":"ScarletImprint+1","floor":36.0},{"not_picked":["VampireFantasy+1","BloodyMagicSquare+1","CharismaGuard+1"],"picked":"UnstableMagic","floor":38.0},{"not_picked":["Ultimatum+1","Maim","RedRainbow+1"],"picked":"MastersStateliness+1","floor":39.0},{"not_picked":["ScarletDream","CurseOfVladTepes","RedRainbow"],"picked":"GlobalNightmare+1","floor":40.0},{"not_picked":["FavorOfDestiny+1","VampireKiss+1","UnderTheZenith"],"picked":"MastersStateliness","floor":42.0},{"not_picked":["DevilSight","RedNightlessCastle","EmergencyRegeneration+1"],"picked":"UnstableMagic+1","floor":44.0},{"not_picked":["ScarletDevilSign+1","EndlessAdversity","BlasphemousPunishment"],"picked":"MastersStateliness","floor":48.0},{"not_picked":["ScarletMeister","SuperhumanBloodyKnife+1","ScarletDevil+1"],"picked":"DiffusionOfMisfortune+1","floor":48.0},{"not_picked":["ForbiddenFruit","DiffusionOfMisfortune","VampireKiss"],"picked":"ScarletDevil+1","floor":48.0},{"not_picked":["BloodAndWine+1","StarOfDavid+1","ReincarnationDial"],"picked":"KillingBlow","floor":48.0},{"not_picked":["StarOfDavid","ScarletDevil+1","Maim"],"picked":"DiffusionOfMisfortune+1","floor":48.0},{"not_picked":["BloodyCatastrophe","TricksterDevil","ChaoticDestiny"],"picked":"ForecastOfChange","floor":50.0},{"not_picked":["CurseOfVladTepes","BloodyHallows","TransientEternity"],"picked":"DemonKingCradle","floor":50.0},{"not_picked":["DiffusionOfMisfortune","BloodHunter","VampireKiss"],"picked":"MastersStateliness","floor":52.0},{"not_picked":["ScarletGensokyo","FavorOfDestiny","UnderTheZenith"],"picked":"VampireKiss","floor":53.0},{"not_picked":["EndlessAdversity","BloodyMagicSquare","ScarletImprint"],"picked":"DiffusionOfMisfortune","floor":55.0},{"not_picked":["VampireClaw","HellCatastrophe","UnderTheZenith"],"picked":"MastersStateliness","floor":58},{"not_picked":["StarOfDavid","CharismaGuard","SuperhumanBloodyKnife"],"picked":"Stigmanizer","floor":59},{"not_picked":["EternalNight","ScarletSymphony","Stigmanizer+1"],"picked":"MastersStateliness","floor":63},{"not_picked":["CurseOfVladTepes","VampireKiss+1","FavorOfDestiny"],"picked":"ChainGang+1","floor":65},{"not_picked":["infinitespire:Punishment","infinitespire:NeuralNetwork"],"picked":"infinitespire:UltimateForm","floor":67},{"not_picked":["QueenOfMidnight","BloodyHallows","EquivalentExchange"],"picked":"HeartBreak+1","floor":67},{"not_picked":["FavorOfDestiny+1","ScarletSymphony+1","UnstableMagic"],"picked":"DiffusionOfMisfortune+1","floor":69},{"not_picked":["VampireClaw+1","ScarletSymphony","ScarletDevil+1"],"picked":"HunterOfTheNight+1","floor":70},{"not_picked":["ScarletDevil+1","MastersStateliness","Stigmanizer+1"],"picked":"BloodHunter+1","floor":71},{"not_picked":["ScarletImprint+1","NightDance+1","BloodHunter","DiffusionOfMisfortune+1"],"picked":"SKIP","floor":72},{"not_picked":["Stigmanizer+1","RedRainbow+1","BlasphemousPunishment+1"],"picked":"DiffusionOfMisfortune+1","floor":74},{"not_picked":["UnderTheZenith+1","DiffusionOfMisfortune+1","ScarletImprint+1"],"picked":"FitfulNightmare","floor":75},{"not_picked":["ScarletDevilSign+1","MiserableFate","VampireKiss+1"],"picked":"EquivalentExchange","floor":76},{"not_picked":["VampireSweep+1","BombardNight+1","BlasphemousPunishment"],"picked":"StarOfDavid+1","floor":79},{"not_picked":["UltimateOffering+1","BloodHunter","Stigmanizer+1"],"picked":"HellCatastrophe+1","floor":81},{"not_picked":["UnstableMagic","BloodHunter","ScarletDevilSign+1","Stigmanizer+1"],"picked":"SKIP","floor":82},{"not_picked":["CurseOfVladTepes","BloodyHallows","KillingBlow+1"],"picked":"TricksterDevil","floor":84},{"not_picked":["UnderTheZenith+1","HunterOfTheNight+1","NightDance+1"],"picked":"MastersStateliness","floor":86},{"not_picked":["TwelveNightmare","EmergencyRegeneration+1","FavorOfDestiny"],"picked":"Ultimatum+1","floor":87},{"not_picked":["ScarletDevil+1","EndlessAdversity+1","UltimateOffering+1","ScarletGensokyo+1"],"picked":"SKIP","floor":89},{"not_picked":["StarOfDavid+1","Stigmanizer+1","UnstableMagic+1"],"picked":"MastersStateliness+1","floor":92},{"not_picked":["RedRainbow+1","FavorOfDestiny","GlobalNightmare+1"],"picked":"BloodyCatastrophe","floor":92},{"not_picked":["VampireKiss+1","ScarletDevil+1","RedRainbow+1"],"picked":"BloodyHallows","floor":93},{"not_picked":["DiffusionOfMisfortune+1","DevilSight+1","SuperhumanBloodyKnife+1"],"picked":"Ultimatum+1","floor":99}],"player_experience":120046,"relics_obtained":[{"floor":2.0,"key":"infinitespire:Beetle Shell"},{"floor":6.0,"key":"Mastiff:ReiMu"},{"floor":9.0,"key":"infinitespire:EmpoweringShard"},{"floor":12.0,"key":"TheBean"},{"floor":14.0,"key":"CrazyTorch:ReiMu"},{"floor":17.0,"key":"Shovel"},{"floor":17.0,"key":"Question Card"},{"floor":17.0,"key":"Orichalcum"},{"floor":20.0,"key":"Red Mask"},{"floor":23.0,"key":"MawBank"},{"floor":24.0,"key":"SharpPlug"},{"floor":26.0,"key":"FairyMaid"},{"floor":27.0,"key":"InkBottle"},{"floor":29.0,"key":"infinitespire:Satchel"},{"floor":31.0,"key":"GnawedLeaf"},{"floor":31.0,"key":"Bag of Marbles"},{"floor":32.0,"key":"theSenshi:SailorFukuRelic"},{"floor":40.0,"key":"StoneCalendar"},{"floor":41.0,"key":"aspiration:ChemicalBlood"},{"floor":42.0,"key":"RuthlessExorcism:ReiMu"},{"floor":44.0,"key":"Bronze Scales"},{"floor":45.0,"key":"Kunai"},{"floor":49.0,"key":"Dream Catcher"},{"floor":50.0,"key":"PreservedInsect"},{"floor":50.0,"key":"infinitespire:CheckeredPen"},{"floor":50.0,"key":"Strawberry"},{"floor":50.0,"key":"Toy Ornithopter"},{"floor":57,"key":"hubris:Reverence"},{"floor":58,"key":"Akabeko"},{"floor":60,"key":"TuHaoJin"},{"floor":63,"key":"AnarchistCookbook"},{"floor":64,"key":"War Paint"},{"floor":65,"key":"hubris:ToyBattleship"},{"floor":66,"key":"RedBat"},{"floor":76,"key":"HowToJump"},{"floor":77,"key":"Bottled Flame"},{"floor":79,"key":"Whetstone"},{"floor":80,"key":"hubris:DuctTape"},{"floor":83,"key":"HollowMod:PaleOreRelic"},{"floor":91,"key":"Molten Egg 2"},{"floor":92,"key":"MealTicket"},{"floor":94,"key":"Thread and Needle"},{"floor":96,"key":"Bottled Tornado"},{"floor":97,"key":"BookofShadows"},{"floor":99,"key":"hubris:Teleporter"},{"floor":100,"key":"Nunchaku"}],"event_choices":[{"damage_healed":0.0,"max_hp_gain":0.0,"max_hp_loss":0.0,"gold_gain":75.0,"event_name":"World of Goop","player_choice":"Gather Gold","floor":10.0,"gold_loss":0.0,"damage_taken":11.0},{"damage_healed":0.0,"max_hp_gain":0.0,"max_hp_loss":0.0,"gold_gain":0.0,"event_name":"Masked Bandits","player_choice":"Fought Bandits","floor":20.0,"gold_loss":0.0,"damage_taken":0.0},{"damage_healed":0.0,"max_hp_gain":0.0,"max_hp_loss":0.0,"gold_gain":0.0,"event_name":"HidenRoomEvent","player_choice":"Fight","floor":31.0,"gold_loss":0.0,"damage_taken":0.0},{"damage_healed":0.0,"max_hp_gain":0.0,"max_hp_loss":0.0,"gold_gain":0.0,"event_name":"Dead Adventurer","player_choice":"Searched \u00272\u0027 times","floor":53.0,"gold_loss":0.0,"damage_taken":0.0,"relics_obtained":["Darkstone Periapt"]},{"damage_healed":0,"gold_gain":0,"player_choice":"Ignored","damage_taken":0,"max_hp_gain":0,"max_hp_loss":0,"event_name":"Liars Game","floor":62,"gold_loss":0},{"damage_healed":0,"gold_gain":0,"player_choice":"Keep O-miki","damage_taken":0,"relics_obtained":["ZunR:ReiMu"],"max_hp_gain":0,"max_hp_loss":0,"event_name":"ZunEvent","floor":78,"gold_loss":40},{"damage_healed":0,"gold_gain":0,"player_choice":"Ignored","damage_taken":0,"max_hp_gain":0,"max_hp_loss":0,"event_name":"Tomb of Lord Red Mask","floor":90,"gold_loss":0}],"is_beta":false,"boss_relics":[{"not_picked":["Cursed Key","aspiration:SecretTechniqueScroll"],"picked":"Calling Bell"},{"not_picked":[]},{"not_picked":["RedLine:ReiMu","SlaversCollar"],"picked":"hubris:Backtick"},{"not_picked":[]},{"not_picked":["Empty Cage","Busted Crown"],"picked":"bronze:MakeshiftBattery"},{"not_picked":[]},{"not_picked":["Runesmith:UraniumAnvil","aspiration:FutureDiary"],"picked":"RedLine:ReiMu"},{"not_picked":[]},{"not_picked":["APieceOfRedMist","aspiration:SilentSkillbook"],"picked":"hubris:ScarierMask"},{"not_picked":[]}],"items_purged_floors":[19,25,37,56,61],"is_endless":true,"potions_floor_spawned":[4,6,14,16,18,30,31,33,39,40,42,44,50,53,59,65,75,76,79,92,93],"killed_by":"Delirium","ascension_level":2}}