{"host":"gaqyve1328ta0etl","time":1613163206,"event":{"mods":["BaseMod","Colored Map","Colored Powertips","Duelist Mod","Googly Eyes","Hero for Fun","Minty Spire (QoL Compilation)","Shop Mod","StSLib","SuperFastMode","The Hierophant","The Runesmith"],"gold_per_floor":[142,67,81,3,20,20,54,54],"floor_reached":7,"language":"ENG","playtime":43792,"items_purged":["theDuelist:Sparks"],"score":77,"play_id":"462b35e2-2436-49f6-bfcf-859be395825d","local_time":"20210212125326","is_ascension_mode":true,"campfire_choices":[{"data":"theDuelist:VioletCrystal","floor":6,"key":"SMITH"}],"circlet_count":0,"master_deck":["theDuelist:AngelTrumpeter","AscendersBane","theDuelist:CactusBouncer","theDuelist:CastleWalls","theDuelist:CastleWalls","theDuelist:DarkworldThorns+1","theDuelist:Inmato","theDuelist:JerryBeansMan","theDuelist:JerryBeansMan","theDuelist:Sparks","theDuelist:WormApocalypse","theDuelist:SuperSolarNutrient","theDuelist:VioletCrystal+1","theDuelist:FallenAngelRoses"],"relics":["theDuelist:MillenniumPuzzle","theDuelist:CardPoolRelic","theDuelist:CardPoolBasicRelic","theDuelist:BoosterPackPoolRelic","theDuelist:CardPoolAddRelic","theDuelist:CardPoolMinusRelic","theDuelist:CardPoolSaveRelic","theDuelist:CardPoolOptionsRelic","Tiny Chest"],"acts_visited":["Exordium"],"potions_floor_usage":[],"damage_taken":[{"damage":0,"enemies":"Cultist","floor":1,"turns":3},{"damage":0,"enemies":"2 Louse","floor":3,"turns":4},{"damage":7,"enemies":"Jaw Worm","floor":5,"turns":3},{"damage":30,"enemies":"Lagavulin","floor":7,"turns":7}],"seed_played":"-1760645069719654938","potions_obtained":[{"floor":3,"key":"theDuelist:DestructPotionPotB"},{"floor":5,"key":"theDuelist:WhiteBottle"}],"is_trial":false,"path_per_floor":["M","$","M","$","M","R","E"],"character_chosen":"THE_DUELIST","items_purchased":["theDuelist:VioletCrystal"],"campfire_rested":0,"item_purchase_floors":[4],"current_hp_per_floor":[72,72,72,72,65,65,35,35],"gold":54,"neow_bonus":"UPGRADE_CARD","is_daily":false,"chose_seed":false,"campfire_upgraded":1,"win_rate":0.0,"timestamp":1613163206,"path_taken":["M","$","M","$","?","R","E"],"items_purchased_type":["Card"],"build_version":"2020-12-22","purchased_purges":1,"victory":false,"max_hp_per_floor":[80,80,80,80,80,80,80,80],"card_choices":[{"not_picked":["theDuelist:BotanicalLion","theDuelist:JerryBeansMan","theDuelist:WhiteRoseDragon","theDuelist:SplendidRose"],"picked":"theDuelist:WormApocalypse","floor":1},{"not_picked":["theDuelist:BlackRoseDragon","theDuelist:SangaEarth","theDuelist:MiracleFertilizer","theDuelist:SplendidRose"],"picked":"theDuelist:SuperSolarNutrient","floor":3},{"not_picked":["theDuelist:RosePaladin","theDuelist:Predaponics","theDuelist:Reinforcements","theDuelist:VenomShot"],"picked":"theDuelist:FallenAngelRoses","floor":5}],"player_experience":2150029,"relics_obtained":[{"floor":7,"key":"Tiny Chest"}],"event_choices":[],"is_beta":false,"boss_relics":[],"items_purged_floors":[2],"is_endless":false,"potions_floor_spawned":[3,5],"killed_by":"Lagavulin","ascension_level":10}}