{"host":"dpbezu80jg8zk7un","time":1613168934,"event":{"mods":["BaseMod","Colored Map","Colored Powertips","Custom Start","DeckTracker","Minty Spire (QoL Compilation)","Quick Restart","StSLib","SuperFastMode"],"gold_per_floor":[18,18,41,67,92,136,136,175,248,248,248,296,336,355,355,457,457,489,489,508,433,462,462,487,537,537,288,329,368,368,391,391,484,484,497,719,153,162,87,126,149,193,193,252,275,293,293,143,143,143,143,143,143,143,184,184],"floor_reached":57,"language":"KOR","playtime":2308,"items_purged":["Strike_P","Defend_P","Strike_P","Defend_P"],"score":3102,"play_id":"94ffcfee-f948-40d1-b2b3-4ad51cd059e5","local_time":"20210213072854","is_ascension_mode":true,"campfire_choices":[{"data":"Eruption","floor":7.0,"key":"SMITH"},{"floor":10.0,"key":"REST"},{"data":"WheelKick","floor":11.0,"key":"SMITH"},{"data":"EmptyMind","floor":15.0,"key":"SMITH"},{"data":"Adaptation","floor":23.0,"key":"SMITH"},{"floor":30.0,"key":"REST"},{"data":"MentalFortress","floor":32,"key":"SMITH"},{"floor":47,"key":"RECALL"},{"data":"Purity","floor":49,"key":"SMITH"},{"data":"CrushJoints","floor":53,"key":"SMITH"}],"circlet_count":0,"master_deck":["AscendersBane","Eruption+1","Vigilance","Vengeance","EmptyMind+1","WheelKick+1","FlurryOfBlows","Vault+1","CrushJoints+1","Adaptation+1","Scrawl+1","MentalFortress+1","Purity+1","Adaptation","FearNoEvil"],"relics":["PureWater","Golden Idol","CeramicFish","White Beast Statue","WingedGreaves","Letter Opener","Mango","TungstenRod","Empty Cage","Boot","Pear","Blue Candle","Red Mask","VioletLotus","Bottled Tornado","War Paint","Ancient Tea Set","PreservedInsect","Ice Cream","Centennial Puzzle"],"acts_visited":["Exordium","TheCity","TheBeyond","TheEnding"],"potions_floor_usage":[33,45,56,56],"damage_taken":[{"damage":2.0,"enemies":"Jaw Worm","floor":1.0,"turns":2.0},{"damage":5.0,"enemies":"Small Slimes","floor":3.0,"turns":3.0},{"damage":0.0,"enemies":"Cultist","floor":5.0,"turns":3.0},{"damage":9.0,"enemies":"Lagavulin","floor":6.0,"turns":7.0},{"damage":40.0,"enemies":"3 Sentries","floor":8.0,"turns":6.0},{"damage":14.0,"enemies":"Gremlin Nob","floor":12.0,"turns":3.0},{"damage":0.0,"enemies":"Lagavulin","floor":13.0,"turns":3.0},{"damage":0.0,"enemies":"Lots of Slimes","floor":14.0,"turns":2.0},{"damage":9.0,"enemies":"Hexaghost","floor":16.0,"turns":8.0},{"damage":14.0,"enemies":"2 Thieves","floor":18.0,"turns":4.0},{"damage":2.0,"enemies":"Spheric Guardian","floor":20.0,"turns":3.0},{"damage":8.0,"enemies":"Centurion and Healer","floor":22.0,"turns":7.0},{"damage":10.0,"enemies":"Snake Plant","floor":24.0,"turns":5.0},{"damage":41.0,"enemies":"Gremlin Leader","floor":25.0,"turns":5.0},{"damage":23.0,"enemies":"Book of Stabbing","floor":28.0,"turns":6.0},{"damage":3.0,"enemies":"Masked Bandits","floor":29.0,"turns":3.0},{"damage":1,"enemies":"Chosen and Byrds","floor":31,"turns":4},{"damage":19,"enemies":"Automaton","floor":33,"turns":9},{"damage":0,"enemies":"Orb Walker","floor":35,"turns":3},{"damage":0,"enemies":"Reptomancer","floor":40,"turns":3},{"damage":5,"enemies":"3 Darklings","floor":41,"turns":2},{"damage":0,"enemies":"Nemesis","floor":42,"turns":2},{"damage":0,"enemies":"2 Orb Walkers","floor":44,"turns":2},{"damage":3,"enemies":"Writhing Mass","floor":45,"turns":7},{"damage":0,"enemies":"Jaw Worm Horde","floor":46,"turns":1},{"damage":0,"enemies":"Donu and Deca","floor":50,"turns":2},{"damage":5,"enemies":"Time Eater","floor":51,"turns":8},{"damage":0,"enemies":"Shield and Spear","floor":55,"turns":2},{"damage":6,"enemies":"The Heart","floor":56,"turns":6}],"seed_played":"-1139042952645114892","potions_obtained":[{"floor":5.0,"key":"Swift Potion"},{"floor":8.0,"key":"Regen Potion"},{"floor":12.0,"key":"Fruit Juice"},{"floor":13.0,"key":"LiquidMemories"},{"floor":14.0,"key":"ColorlessPotion"},{"floor":16.0,"key":"SpeedPotion"},{"floor":18.0,"key":"Block Potion"},{"floor":20.0,"key":"ColorlessPotion"},{"floor":22.0,"key":"Strength Potion"},{"floor":24.0,"key":"Regen Potion"},{"floor":25.0,"key":"PowerPotion"},{"floor":28.0,"key":"Weak Potion"},{"floor":29.0,"key":"CultistPotion"},{"floor":31,"key":"StancePotion"},{"floor":33,"key":"ColorlessPotion"},{"floor":35,"key":"LiquidMemories"},{"floor":42,"key":"Regen Potion"},{"floor":45,"key":"Regen Potion"}],"is_trial":false,"path_per_floor":["M","?","M","T","M","E","R","E","T","R","R","E","E","M","R","B",null,"M","?","M","$","M","R","M","E","T","$","E","?","R","M","R","B",null,"M","?","$","?","$","E","M","E","T","?","M","M","R","$","R","B","B",null,"R","$","E","B",null],"character_chosen":"WATCHER","items_purchased":["MentalFortress","Regen Potion","Bottled Tornado","War Paint","Adaptation"],"campfire_rested":2,"item_purchase_floors":[27,27,37,37,39],"current_hp_per_floor":[59,59,54,54,54,45,45,5,5,23,23,28,28,28,28,34,69,55,55,53,53,45,45,35,8,18,18,10,7,34,33,33,14,72,72,72,72,63,63,63,58,58,58,58,70,70,70,70,70,70,65,85,85,85,85,91],"gold":184,"neow_bonus":"TRANSFORM_TWO_CARDS","is_daily":false,"chose_seed":false,"campfire_upgraded":7,"win_rate":0.0,"timestamp":1613168934,"path_taken":["M","?","M","?","M","E","R","E","T","R","R","E","E","?","R","BOSS","M","?","M","$","M","R","M","E","T","$","E","?","R","M","R","BOSS","M","?","$","?","?","E","M","E","T","?","?","M","R","$","R","BOSS","BOSS","R","$","E","BOSS"],"items_purchased_type":["Card","Potion","Relic","Relic","Card"],"build_version":"2020-12-22","purchased_purges":4,"victory":true,"max_hp_per_floor":[68,62,62,62,62,62,62,62,62,62,62,81,81,81,81,81,81,81,81,81,81,81,81,81,81,91,91,91,91,91,91,91,91,91,91,91,91,91,91,91,91,91,91,91,91,91,91,91,91,91,91,91,91,91,91,91],"card_choices":[{"not_picked":["BowlingBash","FlurryOfBlows"],"picked":"WheelKick","floor":1.0},{"not_picked":["Sanctity","ReachHeaven","LikeWater"],"picked":"SKIP","floor":3.0},{"not_picked":["Vengeance","EmptyFist","ThirdEye"],"picked":"SKIP","floor":5.0},{"not_picked":["Vengeance","EmptyFist","ThirdEye"],"picked":"SKIP","floor":5.0},{"not_picked":["EmptyFist","Indignation","ThirdEye"],"picked":"SKIP","floor":6.0},{"not_picked":["DevaForm","SashWhip","Sanctity"],"picked":"SKIP","floor":8.0},{"not_picked":["Halt","CarveReality"],"picked":"FlurryOfBlows","floor":12.0},{"not_picked":["CutThroughFate","JustLucky","WreathOfFlame"],"picked":"SKIP","floor":13.0},{"not_picked":["BowlingBash","EmptyFist","Swivel"],"picked":"SKIP","floor":14.0},{"not_picked":["ConjureBlade","Blasphemy"],"picked":"Vault","floor":16.0},{"not_picked":["BowlingBash","EmptyMind+1"],"picked":"CrushJoints","floor":18.0},{"not_picked":["Perseverance","Evaluate","Consecrate"],"picked":"SKIP","floor":20.0},{"not_picked":["Prostrate","Omniscience"],"picked":"Adaptation","floor":22.0},{"not_picked":["Tantrum","CutThroughFate","WreathOfFlame"],"picked":"SKIP","floor":24.0},{"not_picked":["WindmillStrike","ReachHeaven"],"picked":"Scrawl","floor":25.0},{"not_picked":["BowlingBash","FollowUp","Wireheading"],"picked":"SKIP","floor":28.0},{"not_picked":["Evaluate","EmptyBody","Weave"],"picked":"SKIP","floor":31},{"not_picked":["Crescendo","BattleHymn","FollowUp+1"],"picked":"SKIP","floor":35},{"not_picked":["Deep Breath","Enlightenment"],"picked":"Purity","floor":38},{"not_picked":["Perseverance","PathToVictory","Consecrate"],"picked":"SKIP","floor":40},{"not_picked":["Weave","ReachHeaven","EmptyBody"],"picked":"SKIP","floor":41},{"not_picked":["Prostrate","MentalFortress","Worship"],"picked":"SKIP","floor":42},{"not_picked":["Prostrate","MentalFortress","Worship"],"picked":"SKIP","floor":42},{"not_picked":["ThirdEye+1","FollowUp"],"picked":"FearNoEvil","floor":45},{"not_picked":["Protect","Prostrate","Conclude"],"picked":"SKIP","floor":46},{"not_picked":["CrushJoints+1","SashWhip","SignatureMove+1"],"picked":"SKIP","floor":55}],"player_experience":2962195,"relics_obtained":[{"floor":4.0,"key":"CeramicFish"},{"floor":6.0,"key":"White Beast Statue"},{"floor":8.0,"key":"WingedGreaves"},{"floor":9.0,"key":"Letter Opener"},{"floor":12.0,"key":"Mango"},{"floor":13.0,"key":"TungstenRod"},{"floor":25.0,"key":"Boot"},{"floor":26.0,"key":"Pear"},{"floor":28.0,"key":"Blue Candle"},{"floor":29.0,"key":"Red Mask"},{"floor":40,"key":"Ancient Tea Set"},{"floor":42,"key":"PreservedInsect"},{"floor":44,"key":"Ice Cream"},{"floor":55,"key":"Centennial Puzzle"}],"event_choices":[{"damage_healed":0.0,"max_hp_gain":0.0,"max_hp_loss":6.0,"gold_gain":0.0,"event_name":"Golden Idol","player_choice":"Lose Max HP","floor":2.0,"gold_loss":0.0,"damage_taken":0.0,"relics_obtained":["Golden Idol"]},{"damage_healed":0.0,"max_hp_gain":0.0,"max_hp_loss":0.0,"gold_gain":0.0,"event_name":"Ghosts","player_choice":"Ignored","floor":19.0,"gold_loss":0.0,"damage_taken":0.0},{"damage_healed":0.0,"max_hp_gain":0.0,"max_hp_loss":0.0,"gold_gain":0.0,"event_name":"Masked Bandits","player_choice":"Fought Bandits","floor":29.0,"gold_loss":0.0,"damage_taken":0.0},{"damage_healed":0,"gold_gain":222,"player_choice":"Wore Mask","damage_taken":0,"max_hp_gain":0,"max_hp_loss":0,"event_name":"Tomb of Lord Red Mask","floor":36,"gold_loss":0},{"damage_healed":0,"gold_gain":0,"player_choice":"Memory 3","damage_taken":10,"max_hp_gain":0,"max_hp_loss":0,"event_name":"SensoryStone","floor":38,"gold_loss":0},{"damage_healed":0,"gold_gain":0,"player_choice":"Fight","damage_taken":0,"max_hp_gain":0,"max_hp_loss":0,"event_name":"Mysterious Sphere","floor":44,"gold_loss":0}],"is_beta":false,"boss_relics":[{"not_picked":["Philosopher\u0027s Stone","SacredBark"],"picked":"Empty Cage"},{"not_picked":["Astrolabe","Tiny House"],"picked":"VioletLotus"}],"items_purged_floors":[21,27,37,48],"is_endless":false,"potions_floor_spawned":[5,8,12,13,14,16,18,20,22,24,25,28,29,31,33,35,40,41,42,44,45,46,55],"ascension_level":20}}