{"host":"v9duy90nce28uent","time":1613154099,"event":{"mods":["BaseMod","Colored Map","Colored Powertips","Conspire","Downfall","Hermit","Highlight Path","Infinite Spire","Minty Spire (QoL Compilation)","Replay The Spire","StSLib","The Cursed","The Disciple","The Hierophant"],"gold_per_floor":[119,119,119,37,37,37,55,55,55,55,55,130,155,152,152,243,243,260,105,55,55,75,75,75,75,75,23,43,43,43,59,59,39,39],"floor_reached":33,"language":"ENG","playtime":2356,"items_purged":["hierophant:Defend_Hierophant"],"score":216,"play_id":"c51391b9-f8b1-483e-b23c-cac09b9bc211","local_time":"20210212132139","is_ascension_mode":false,"campfire_choices":[{"data":"hierophant:Repentance","floor":6,"key":"SMITH"},{"data":"hierophant:Punish","floor":8,"key":"SMITH"},{"data":"hierophant:ChurchCoffers","floor":15,"key":"SMITH"},{"data":"hierophant:PristineSoul","floor":23,"key":"SMITH"},{"data":"hierophant:Repentance","floor":25,"key":"SMITH"},{"floor":32,"key":"REST"}],"circlet_count":0,"master_deck":["hierophant:Strike_Hierophant","hierophant:Strike_Hierophant","hierophant:Punish+1","hierophant:Defend_Hierophant+1","hierophant:Defend_Hierophant+1","hierophant:Defend_Hierophant","hierophant:ChurchCoffers+1","hierophant:PassingBell","Regret","hierophant:Repentance+1","hierophant:Doomsaying","hierophant:Community","hierophant:Invocation","hierophant:PristineSoul+1","hierophant:Repentance+1","hierophant:TollTheBells+1","hierophant:Bribe","hierophant:Zeal","hierophant:Purify"],"relics":["hierophant:PropheticMaskRelic","NeowsBlessing","War Paint","Mirror","Replay:Baseball","infinitespire:PuzzleCube","ChewingGum","infinitespire:CheckeredPen","conspire:DecoderRing"],"acts_visited":["Exordium","TheCity"],"potions_floor_usage":[],"damage_taken":[{"damage":0,"enemies":"Jaw Worm","floor":1,"turns":1},{"damage":0,"enemies":"Small Slimes","floor":7,"turns":2},{"damage":0,"enemies":"Lagavulin","floor":13,"turns":1},{"damage":5,"enemies":"Cultist","floor":14,"turns":2},{"damage":31,"enemies":"Slime Boss","floor":16,"turns":11},{"damage":3,"enemies":"3 Byrds","floor":18,"turns":3},{"damage":7,"enemies":"2 Thieves","floor":20,"turns":4},{"damage":25,"enemies":"Snecko","floor":22,"turns":7},{"damage":13,"enemies":"Snake Plant","floor":28,"turns":5},{"damage":4,"enemies":"Centurion and Healer","floor":31,"turns":4},{"damage":87,"enemies":"Automaton","floor":33,"turns":6}],"seed_played":"4540607110738516102","potions_obtained":[{"floor":1,"key":"SpeedPotion"},{"floor":13,"key":"Ancient Potion"},{"floor":22,"key":"BlessingOfTheForge"}],"is_trial":false,"path_per_floor":["M","?","?","$","?","R","M","R","T","$","?","?","E","M","R","B",null,"M","$","M","T","M","R","?","R","T","$","M","?","$","M","R","B"],"character_chosen":"HIEROPHANT","items_purchased":["hierophant:Repentance","hierophant:Repentance","hierophant:Zeal"],"campfire_rested":1,"item_purchase_floors":[4,19,27],"current_hp_per_floor":[75,75,75,75,75,75,75,75,75,75,68,61,61,56,56,25,75,72,72,65,65,40,40,40,40,40,40,27,27,27,23,45,0,0],"gold":39,"neow_bonus":"THREE_ENEMY_KILL","is_daily":false,"chose_seed":false,"campfire_upgraded":5,"win_rate":0.0,"timestamp":1613154099,"path_taken":["M","?","?","$","?","R","M","R","T","?","?","?","E","M","R","BOSS","M","?","M","?","?","R","?","R","T","$","?","?","$","M","R","BOSS"],"items_purchased_type":["Card","Card","Card"],"build_version":"2020-12-22","purchased_purges":1,"victory":false,"max_hp_per_floor":[75,75,75,75,75,75,75,75,75,75,75,75,75,75,75,75,75,75,75,75,75,75,75,75,75,75,75,75,75,75,75,75,75,75],"card_choices":[{"not_picked":["hierophant:Embezzle","hierophant:AuricBeam"],"picked":"hierophant:PassingBell","floor":1},{"not_picked":["hierophant:CursedGold","hierophant:Encroach","hierophant:Doubloon"],"picked":"SKIP","floor":7},{"not_picked":["hierophant:Remorse","hierophant:ConvertCurrency"],"picked":"hierophant:Doomsaying","floor":13},{"not_picked":["hierophant:SealAway","hierophant:MirrorShield"],"picked":"hierophant:Community","floor":14},{"not_picked":["hierophant:Cornucopia","hierophant:Kindle"],"picked":"hierophant:Invocation","floor":16},{"not_picked":["hierophant:Shelter+1","hierophant:Purify"],"picked":"hierophant:PristineSoul","floor":18},{"not_picked":["hierophant:DeathKnell","hierophant:RepressedViolence"],"picked":"hierophant:TollTheBells+1","floor":20},{"not_picked":["hierophant:Embezzle","hierophant:ArchangelShield+1","hierophant:AuricBeam"],"picked":"SKIP","floor":22},{"not_picked":["hierophant:Remorse","hierophant:OrnateBuckler","hierophant:ThreeLashes"],"picked":"SKIP","floor":28},{"not_picked":["hierophant:Prophecy+1","hierophant:RustyCrate"],"picked":"hierophant:Purify","floor":31}],"player_experience":74411,"relics_obtained":[{"floor":9,"key":"Mirror"},{"floor":13,"key":"infinitespire:PuzzleCube"},{"floor":21,"key":"infinitespire:CheckeredPen"},{"floor":26,"key":"conspire:DecoderRing"}],"event_choices":[{"damage_healed":0,"gold_gain":0,"player_choice":"Box","damage_taken":0,"relics_obtained":["War Paint"],"max_hp_gain":0,"max_hp_loss":0,"event_name":"Big Fish","floor":2,"gold_loss":0,"cards_obtained":["Regret"]},{"cards_removed":["hierophant:Strike_Hierophant"],"damage_healed":0,"gold_gain":0,"player_choice":"Forget","damage_taken":0,"max_hp_gain":0,"max_hp_loss":0,"event_name":"Living Wall","floor":5,"gold_loss":0},{"damage_healed":0,"gold_gain":0,"player_choice":"Success","damage_taken":7,"relics_obtained":["Replay:Baseball"],"max_hp_gain":0,"max_hp_loss":0,"event_name":"Scrap Ooze","floor":11,"gold_loss":0},{"damage_healed":0,"gold_gain":75,"player_choice":"Touch","damage_taken":7,"max_hp_gain":0,"max_hp_loss":0,"event_name":"FaceTrader","floor":12,"gold_loss":0},{"damage_healed":0,"gold_gain":0,"cards_transformed":["hierophant:Strike_Hierophant"],"player_choice":"Transformed","damage_taken":0,"max_hp_gain":0,"max_hp_loss":0,"event_name":"Transmorgrifier","floor":24,"gold_loss":0,"cards_obtained":["hierophant:Bribe"]},{"damage_healed":0,"gold_gain":0,"player_choice":"Ignored","damage_taken":0,"max_hp_gain":0,"max_hp_loss":0,"event_name":"Ghosts","floor":29,"gold_loss":0}],"is_beta":false,"boss_relics":[{"not_picked":["Fusion Hammer","Tiny House"],"picked":"ChewingGum"}],"items_purged_floors":[19],"is_endless":false,"potions_floor_spawned":[1,13,22,31],"killed_by":"Automaton","ascension_level":0}}