{"host":"6azrrw3tf7wb0f4b","time":1613144083,"event":{"mods":["BaseMod","DeckTracker","Minty Spire (QoL Compilation)","SuperFastMode"],"gold_per_floor":[116,41,41,56,74,74,87,113,162,162,14,289,55,55,55,154,154,165,80,93,43,43,55,55,55],"floor_reached":24,"language":"KOR","playtime":410,"items_purged":["Strike_P","Strike_P","Strike_P"],"score":244,"play_id":"ae25ab3b-f389-4be6-984a-5fa601386de3","local_time":"20210213003443","is_ascension_mode":false,"campfire_choices":[{"data":"Adaptation","floor":6,"key":"SMITH"},{"data":"WheelKick","floor":10,"key":"SMITH"},{"data":"Worship","floor":15,"key":"SMITH"}],"circlet_count":0,"master_deck":["Strike_P","Defend_P","Defend_P","Defend_P","Eruption+1","Vigilance","WheelKick+1","EmptyBody","Adaptation+1","Consecrate","Meditate","Pray","Worship+1","FearNoEvil","Devotion"],"relics":["PureWater","Ancient Tea Set","Sundial","Omamori","Orrery","Gremlin Horn","Black Star","Smiling Mask"],"acts_visited":["Exordium","TheCity"],"potions_floor_usage":[7,18,24,24,24],"damage_taken":[{"damage":0,"enemies":"Small Slimes","floor":1,"turns":2},{"damage":0,"enemies":"Cultist","floor":4,"turns":2},{"damage":0,"enemies":"2 Louse","floor":5,"turns":1},{"damage":1,"enemies":"Exordium Thugs","floor":7,"turns":3},{"damage":10,"enemies":"Lagavulin","floor":8,"turns":7},{"damage":0,"enemies":"Slime Boss","floor":16,"turns":5},{"damage":27,"enemies":"3 Byrds","floor":18,"turns":4},{"damage":2,"enemies":"2 Thieves","floor":20,"turns":3},{"damage":21,"enemies":"Shelled Parasite and Fungi","floor":23,"turns":6},{"damage":30,"enemies":"Snake Plant","floor":24,"turns":4}],"seed_played":"-4253736053238246058","potions_obtained":[{"floor":5,"key":"Ambrosia"},{"floor":8,"key":"EssenceOfSteel"},{"floor":16,"key":"LiquidMemories"},{"floor":23,"key":"Swift Potion"}],"is_trial":false,"path_per_floor":["M","$","?","M","M","R","M","E","T","R","$","?","$","T","R","B",null,"M","?","M","$","?","M","M"],"character_chosen":"WATCHER","items_purchased":["Orrery","FearNoEvil","Fruit Juice"],"campfire_rested":0,"item_purchase_floors":[11,13,13],"current_hp_per_floor":[72,72,72,72,72,72,71,61,61,61,61,61,61,61,61,61,72,50,50,48,48,48,27,0,0],"gold":55,"neow_bonus":"RANDOM_COMMON_RELIC","is_daily":false,"chose_seed":false,"campfire_upgraded":3,"win_rate":0.0,"timestamp":1613144083,"path_taken":["M","$","?","M","M","R","?","E","T","R","$","?","$","?","R","BOSS","M","?","M","$","?","M","?"],"items_purchased_type":["Relic","Card","Potion"],"build_version":"2020-12-22","purchased_purges":3,"victory":false,"max_hp_per_floor":[72,72,72,72,72,72,72,72,72,72,72,72,72,72,72,72,72,77,77,77,77,77,77,77,77],"card_choices":[{"not_picked":["CrushJoints","Wallop"],"picked":"WheelKick","floor":1},{"not_picked":["BowlingBash","Perseverance"],"picked":"EmptyBody","floor":4},{"not_picked":["MentalFortress","ClearTheMind"],"picked":"Adaptation","floor":5},{"not_picked":["Crescendo","EmptyFist"],"picked":"Consecrate","floor":7},{"not_picked":["EmptyBody","CutThroughFate","SashWhip"],"picked":"SKIP","floor":8},{"not_picked":["Study","SashWhip"],"picked":"Meditate","floor":11},{"not_picked":["FollowUp","FlyingSleeves"],"picked":"Pray","floor":11},{"not_picked":["ClearTheMind","WheelKick"],"picked":"Worship","floor":11},{"not_picked":["DeusExMachina","Alpha"],"picked":"Devotion","floor":16},{"not_picked":["ClearTheMind","Wireheading","CutThroughFate"],"picked":"SKIP","floor":18},{"not_picked":["FollowUp+1","Protect","ThirdEye"],"picked":"SKIP","floor":20},{"not_picked":["Protect","Study","EmptyBody"],"picked":"SKIP","floor":23}],"player_experience":772392,"relics_obtained":[{"floor":8,"key":"Sundial"},{"floor":9,"key":"Omamori"},{"floor":14,"key":"Gremlin Horn"}],"event_choices":[{"damage_healed":0,"gold_gain":0,"player_choice":"Upgraded","damage_taken":0,"max_hp_gain":0,"max_hp_loss":0,"event_name":"Upgrade Shrine","floor":3,"gold_loss":0,"cards_upgraded":["Eruption"]},{"damage_healed":0,"gold_gain":275,"player_choice":"Desecrate","damage_taken":0,"max_hp_gain":0,"max_hp_loss":0,"event_name":"Golden Shrine","floor":12,"gold_loss":0,"cards_obtained":["Regret"]},{"damage_healed":0,"gold_gain":0,"player_choice":"Obtained Relic","damage_taken":0,"relics_obtained":["Smiling Mask"],"max_hp_gain":0,"max_hp_loss":0,"event_name":"Addict","floor":19,"gold_loss":85},{"cards_removed":["Defend_P"],"damage_healed":0,"gold_gain":0,"player_choice":"Purged","damage_taken":0,"max_hp_gain":0,"max_hp_loss":0,"event_name":"Purifier","floor":22,"gold_loss":0}],"is_beta":false,"boss_relics":[{"not_picked":["Runic Dome","Empty Cage"],"picked":"Black Star"}],"items_purged_floors":[2,13,21],"is_endless":false,"potions_floor_spawned":[5,8,16,23],"killed_by":"Snake Plant","ascension_level":0}}