{"host":"l7ku00cw7dmofayg","time":1613170822,"event":{"mods":["ATMod(∞¢Ë™Mod)","BaseMod","Dota2Spire","Marisa£®ÏF”Í°°ƒß¿Ì…≥£©","Minty Spire (QoL Compilation)","Remilia£®¿Ÿ√◊¿Ú—«£©","StSLib","The Invoker Mod"],"gold_per_floor":[109,109,34,34,46,72,97,72,118,118,118],"floor_reached":10,"language":"ZHS","playtime":396,"items_purged":["Strike_MRS"],"score":83,"play_id":"15280434-555d-4363-b8ec-d0f6f8590056","local_time":"20210213070022","is_ascension_mode":true,"campfire_choices":[],"circlet_count":0,"master_deck":["Strike_MRS","Strike_MRS","Strike_MRS","Defend_MRS","Defend_MRS","Defend_MRS","Defend_MRS","MasterSpark","UpSweep","AT_ThistleTea","Regret","MagicChant","Acceleration"],"relics":["MiniHakkero","AT_ATBox","MealTicket","Bag of Preparation","InkBottle","Centennial Puzzle","Dota2Spire:MagicBottle","Juzu Bracelet"],"acts_visited":["Exordium"],"potions_floor_usage":[6],"damage_taken":[{"damage":0,"enemies":"2 Louse","floor":1,"turns":2},{"damage":16,"enemies":"Small Slimes","floor":5,"turns":4},{"damage":39,"enemies":"3 Sentries","floor":6,"turns":7},{"damage":37,"enemies":"Lagavulin","floor":10,"turns":4}],"seed_played":"5477325520077854178","potions_obtained":[{"floor":5,"key":"CultistPotion"}],"is_trial":false,"path_per_floor":["M","?","$","?","M","E","T","$","T","E"],"character_chosen":"MARISA","items_purchased":["Acceleration"],"campfire_rested":0,"item_purchase_floors":[8],"current_hp_per_floor":[68,65,75,75,59,20,20,35,35,4,4],"gold":118,"neow_bonus":"RANDOM_COMMON_RELIC","is_daily":false,"chose_seed":false,"campfire_upgraded":0,"win_rate":0.0,"timestamp":1613170822,"path_taken":["M","?","$","?","M","E","?","$","T","E"],"items_purchased_type":["Card"],"build_version":"2020-12-22","purchased_purges":1,"victory":false,"max_hp_per_floor":[75,75,75,75,75,75,75,75,75,75,75],"card_choices":[{"not_picked":["GravityBeat","StarlightTyphoon","GasGiant"],"picked":"SKIP","floor":1},{"not_picked":["OneTimeOff","EventHorizon","6A"],"picked":"SKIP","floor":5},{"not_picked":["DarkSpark","PowerUp"],"picked":"MagicChant","floor":6}],"player_experience":31211,"relics_obtained":[{"floor":6,"key":"Centennial Puzzle"},{"floor":7,"key":"Dota2Spire:MagicBottle"},{"floor":9,"key":"Juzu Bracelet"}],"event_choices":[{"damage_healed":0,"gold_gain":0,"player_choice":"Success","damage_taken":3,"relics_obtained":["Bag of Preparation"],"max_hp_gain":0,"max_hp_loss":0,"event_name":"Scrap Ooze","floor":2,"gold_loss":0},{"damage_healed":0,"gold_gain":0,"player_choice":"Box","damage_taken":0,"relics_obtained":["InkBottle"],"max_hp_gain":0,"max_hp_loss":0,"event_name":"Big Fish","floor":4,"gold_loss":0,"cards_obtained":["Regret"]}],"is_beta":false,"boss_relics":[],"items_purged_floors":[3],"is_endless":false,"potions_floor_spawned":[5],"killed_by":"Lagavulin","ascension_level":6}}