{"host":"rtw1tnr74gozsrw1","time":1613095180,"event":{"mods":["BaseMod","Colored Map","Colored Powertips","Highlight Path","Infinite Spire","Minty Spire (QoL Compilation)","StSLib","The Cursed","The Jungle"],"gold_per_floor":[112,37,50,61,61,61,95,95,122,122,122],"floor_reached":10,"language":"ENG","playtime":346,"items_purged":["Strike_B"],"score":83,"play_id":"1cdcf5db-df17-4a1f-b315-e1e6036eeffd","local_time":"20210212025940","is_ascension_mode":true,"campfire_choices":[{"data":"Capacitor","floor":6,"key":"SMITH"},{"data":"Leap","floor":8,"key":"SMITH"}],"circlet_count":0,"master_deck":["Strike_B","Strike_B","Defend_B","Defend_B","Defend_B","Defend_B","Zap","Dualcast","Auto Shields","Leap+1","Capacitor+1","Ball Lightning"],"relics":["Cracked Core","infinitespire:Beetle Shell","Nunchaku"],"acts_visited":["Exordium"],"potions_floor_usage":[],"damage_taken":[{"damage":1,"enemies":"Cultist","floor":1,"turns":4},{"damage":2,"enemies":"2 Louse","floor":3,"turns":2},{"damage":0,"enemies":"Jaw Worm","floor":4,"turns":4},{"damage":15,"enemies":"Lagavulin","floor":7,"turns":9},{"damage":34,"enemies":"3 Sentries","floor":10,"turns":6}],"seed_played":"-8154878864486407162","potions_obtained":[{"floor":1,"key":"FairyPotion"},{"floor":7,"key":"Strength Potion"}],"is_trial":false,"path_per_floor":["M","$","M","M","?","R","E","R","T","E"],"character_chosen":"DEFECT","items_purchased":[],"campfire_rested":0,"item_purchase_floors":[],"current_hp_per_floor":[74,74,72,72,77,77,62,62,62,28,28],"gold":122,"neow_bonus":"REMOVE_CARD","is_daily":false,"chose_seed":false,"campfire_upgraded":2,"win_rate":0.0,"timestamp":1613095180,"path_taken":["M","$","M","M","?","R","E","R","T","E"],"items_purchased_type":[],"build_version":"2020-12-22","purchased_purges":1,"victory":false,"max_hp_per_floor":[75,75,75,75,80,80,80,80,80,80,80],"card_choices":[{"not_picked":["Sweeping Beam","Steam"],"picked":"Auto Shields","floor":1},{"not_picked":["Redo","BootSequence"],"picked":"Leap","floor":3},{"not_picked":["Go for the Eyes","Gash"],"picked":"Capacitor","floor":4},{"not_picked":["Double Energy","Buffer"],"picked":"Ball Lightning","floor":7}],"player_experience":141524,"relics_obtained":[{"floor":7,"key":"infinitespire:Beetle Shell"},{"floor":9,"key":"Nunchaku"}],"event_choices":[{"damage_healed":0,"gold_gain":0,"player_choice":"Donut","damage_taken":0,"max_hp_gain":5,"max_hp_loss":0,"event_name":"Big Fish","floor":5,"gold_loss":0}],"is_beta":false,"boss_relics":[],"items_purged_floors":[2],"is_endless":false,"potions_floor_spawned":[1,7],"killed_by":"3 Sentries","ascension_level":5}}