{"host":"qp7xs8nuzfsyommi","time":1613129424,"event":{"mods":["2.2 Compatiblity","BaseMod","Colored Powertips","DeckTracker","Highlight Path","Minty Spire (QoL Compilation)","Permanent Neow","Quick Restart","StSLib"],"gold_per_floor":[117,135,47,108,118,118,132,167,167,167,180,15,15,15,15,92,92,107,31,31,44,44,44],"floor_reached":22,"language":"ENG","playtime":958,"items_purged":[],"score":368,"play_id":"cada6043-a99f-41cf-8682-ccaa405b9969","local_time":"20210212063024","is_ascension_mode":true,"campfire_choices":[{"floor":6.0,"key":"REST"},{"floor":15.0,"key":"REST"}],"circlet_count":0,"master_deck":["AscendersBane","Dualcast","Consume","Lockon","Sunder","Creative AI","Buffer","Leap","Capacitor","Gash","Undo","Cold Snap","Ball Lightning","Gash","Parasite","Biased Cognition","Coolheaded","Seek","Storm+1","Reprogram+1","Leap+1","Cold Snap","Genetic Algorithm","Force Field+1"],"relics":["Pandora\u0027s Box","Bottled Tornado","Astrolabe"],"acts_visited":["Exordium","TheCity"],"potions_floor_usage":[],"damage_taken":[{"damage":0.0,"enemies":"Small Slimes","floor":1.0,"turns":3.0},{"damage":0.0,"enemies":"2 Louse","floor":2.0,"turns":2.0},{"damage":19.0,"enemies":"Jaw Worm","floor":5.0,"turns":4.0},{"damage":17.0,"enemies":"3 Louse","floor":7.0,"turns":3.0},{"damage":47.0,"enemies":"Gremlin Nob","floor":8.0,"turns":6.0},{"damage":12.0,"enemies":"Large Slime","floor":11.0,"turns":5.0},{"damage":23.0,"enemies":"Hexaghost","floor":16.0,"turns":7.0},{"damage":28.0,"enemies":"2 Thieves","floor":18.0,"turns":4.0},{"damage":17,"enemies":"Chosen","floor":21,"turns":8},{"damage":36,"enemies":"Snake Plant","floor":22,"turns":4}],"seed_played":"-5084636832206542295","potions_obtained":[{"floor":1.0,"key":"FocusPotion"},{"floor":5.0,"key":"AttackPotion"},{"floor":8.0,"key":"ColorlessPotion"},{"floor":16.0,"key":"PotionOfCapacity"},{"floor":18.0,"key":"Explosive Potion"}],"is_trial":false,"path_per_floor":["M","M","$","?","M","R","M","E","T","?","M","$","?","$","R","B",null,"M","$","?","M","M"],"character_chosen":"DEFECT","items_purchased":["Undo","Coolheaded","FairyPotion","Genetic Algorithm"],"campfire_rested":2,"item_purchase_floors":[3,12,12,19],"current_hp_per_floor":[64,64,64,64,45,66,49,2,2,19,7,7,7,7,28,5,55,27,27,27,10,0,0],"gold":44,"neow_bonus":"BOSS_RELIC","is_daily":false,"chose_seed":false,"campfire_upgraded":0,"win_rate":0.0,"timestamp":1613129424,"path_taken":["M","M","$","?","M","R","M","E","T","?","M","$","?","$","R","BOSS","M","$","?","M","M"],"items_purchased_type":["Card","Card","Potion","Card"],"build_version":"2020-12-22","purchased_purges":0,"victory":false,"max_hp_per_floor":[71,71,71,71,71,71,71,71,71,71,71,71,71,71,71,71,71,71,71,71,71,71,71],"card_choices":[{"not_picked":["Barrage","Consume"],"picked":"Capacitor","floor":1.0},{"not_picked":["Streamline","Conserve Battery"],"picked":"Gash","floor":2.0},{"not_picked":["Sweeping Beam","Reinforced Body"],"picked":"Cold Snap","floor":5.0},{"not_picked":["Stack","Capacitor"],"picked":"Ball Lightning","floor":7.0},{"not_picked":["Compile Driver","Darkness"],"picked":"Gash","floor":8.0},{"not_picked":["Lockon","Defragment"],"picked":"Biased Cognition","floor":11.0},{"not_picked":["Creative AI","Meteor Strike"],"picked":"Seek","floor":16.0},{"not_picked":["Leap","Auto Shields"],"picked":"Cold Snap","floor":18.0},{"not_picked":["Beam Cell","Stack"],"picked":"Force Field+1","floor":21}],"player_experience":1877716,"relics_obtained":[{"floor":8.0,"key":"Bottled Tornado"}],"event_choices":[{"damage_healed":0.0,"max_hp_gain":0.0,"max_hp_loss":0.0,"gold_gain":61.0,"event_name":"Golden Wing","player_choice":"Gained Gold","floor":4.0,"gold_loss":0.0,"damage_taken":0.0},{"damage_healed":17.0,"max_hp_gain":0.0,"max_hp_loss":0.0,"gold_gain":0.0,"event_name":"Mushrooms","player_choice":"Healed and dodged fight","floor":10.0,"gold_loss":0.0,"damage_taken":0.0,"cards_obtained":["Parasite"]},{"damage_healed":0.0,"max_hp_gain":0.0,"max_hp_loss":0.0,"gold_gain":0.0,"event_name":"Scrap Ooze","player_choice":"Fled","floor":13.0,"gold_loss":0.0,"damage_taken":0.0},{"damage_healed":0.0,"max_hp_gain":0.0,"max_hp_loss":0.0,"gold_gain":0.0,"event_name":"Cursed Tome","player_choice":"Ignored","floor":20.0,"gold_loss":0.0,"damage_taken":0.0}],"is_beta":false,"boss_relics":[{"not_picked":["Ectoplasm","Fusion Hammer"],"picked":"Astrolabe"}],"items_purged_floors":[],"is_endless":false,"potions_floor_spawned":[1,5,8,16,18],"killed_by":"Snake Plant","ascension_level":20}}