{"host":"3j24k6gtmfx6ynrk","time":1613093625,"event":{"mods":["AchievementEnabler","BaseMod","Block Reminder","Colored Powertips","Googly Eyes","Hermit","Highlight Path","Marisa????????","Minty Spire (QoL Compilation)","Quick Restart","Rare Cards Sparkle","StSLib","The Cursed","The Hierophant","The Servant 0.9.4"],"gold_per_floor":[111,111,130,148,73,73,98,98,98,112,6,18,44,61,61,157,157,172,172,187,102,102,102,119,138,138,138,138,5,5,17,17,118,118,138,138,148,164,180,180,213,230,230,230,250,250,53,67,67,67,67,67,67,98,98],"floor_reached":56,"language":"DEU","playtime":6478,"items_purged":["Strike_G","Strike_G+1"],"score":1166,"play_id":"f4324c53-c849-4073-abd6-08131e6b91f1","local_time":"20210212023345","is_ascension_mode":false,"campfire_choices":[{"data":"Neutralize","floor":6.0,"key":"SMITH"},{"data":"Flying Knee","floor":8.0,"key":"SMITH"},{"floor":15.0,"key":"REST"},{"data":"Bane","floor":23.0,"key":"SMITH"},{"floor":28.0,"key":"REST"},{"floor":30.0,"key":"REST"},{"floor":32.0,"key":"REST"},{"floor":40.0,"key":"REST"},{"data":"Envenom","floor":44.0,"key":"SMITH"},{"floor":46.0,"key":"RECALL"},{"floor":49,"key":"REST"},{"data":"Footwork","floor":52,"key":"SMITH"}],"circlet_count":0,"master_deck":["Strike_G+1","Strike_G+1","Strike_G+1","Defend_G+1","Defend_G+1","Defend_G+1","Defend_G+1","Survivor","Neutralize+1","Flying Knee+1","A Thousand Cuts","Leg Sweep+1","Noxious Fumes","Backstab","Slice","Bouncing Flask+1","Burst+1","Well Laid Plans","Bane+1","Slice","Prepared+1","Dark Shackles+1","Dodge and Roll+1","Envenom+1","Crippling Poison+1","Terror+1","Footwork+1","Deflect+1","Slice","Dagger Spray","Backflip+1","Deflect+1","Crippling Poison+1","Catalyst+1"],"relics":["Ring of the Snake","Toxic Egg 2","Shuriken","Pear","WristBlade","Matryoshka","Nunchaku","Toy Ornithopter","Bottled Tornado","SlaversCollar","Mummified Hand","Pantograph","Boot"],"acts_visited":["Exordium","TheCity","TheBeyond","TheEnding"],"potions_floor_usage":[55],"damage_taken":[{"damage":0.0,"enemies":"Small Slimes","floor":1.0,"turns":4.0},{"damage":0.0,"enemies":"Cultist","floor":3.0,"turns":3.0},{"damage":0.0,"enemies":"Jaw Worm","floor":4.0,"turns":3.0},{"damage":25.0,"enemies":"Lagavulin","floor":7.0,"turns":10.0},{"damage":0.0,"enemies":"Exordium Wildlife","floor":10.0,"turns":4.0},{"damage":6.0,"enemies":"3 Louse","floor":12.0,"turns":3.0},{"damage":14.0,"enemies":"Gremlin Nob","floor":13.0,"turns":4.0},{"damage":8.0,"enemies":"Red Slaver","floor":14.0,"turns":2.0},{"damage":10.0,"enemies":"The Guardian","floor":16.0,"turns":8.0},{"damage":20.0,"enemies":"Chosen","floor":18.0,"turns":5.0},{"damage":10.0,"enemies":"Shell Parasite","floor":20.0,"turns":5.0},{"damage":15.0,"enemies":"Centurion and Healer","floor":24.0,"turns":5.0},{"damage":12.0,"enemies":"3 Cultists","floor":25.0,"turns":5.0},{"damage":21.0,"enemies":"Colosseum Slavers","floor":27.0,"turns":4.0},{"damage":10.0,"enemies":"Snecko","floor":31.0,"turns":6.0},{"damage":34.0,"enemies":"Automaton","floor":33.0,"turns":11.0},{"damage":12.0,"enemies":"3 Darklings","floor":35.0,"turns":6.0},{"damage":9.0,"enemies":"Orb Walker","floor":37.0,"turns":5.0},{"damage":2.0,"enemies":"Maw","floor":38.0,"turns":8.0},{"damage":19.0,"enemies":"Sphere and 2 Shapes","floor":39.0,"turns":7.0},{"damage":6.0,"enemies":"Giant Head","floor":41.0,"turns":7.0},{"damage":9.0,"enemies":"3 Darklings","floor":42.0,"turns":5.0},{"damage":21.0,"enemies":"Spire Growth","floor":45.0,"turns":5.0},{"damage":4.0,"enemies":"Maw","floor":48.0,"turns":8.0},{"damage":59,"enemies":"Donu and Deca","floor":50,"turns":10},{"damage":9,"enemies":"Shield and Spear","floor":54,"turns":8},{"damage":109,"enemies":"The Heart","floor":55,"turns":7}],"seed_played":"-7548055191107456212","potions_obtained":[{"floor":4.0,"key":"Dexterity Potion"},{"floor":7.0,"key":"DuplicationPotion"},{"floor":14.0,"key":"SteroidPotion"},{"floor":16.0,"key":"SpeedPotion"},{"floor":25.0,"key":"Swift Potion"},{"floor":35.0,"key":"FairyPotion"},{"floor":38.0,"key":"GamblersBrew"},{"floor":42.0,"key":"Swift Potion"},{"floor":45.0,"key":"Strength Potion"},{"floor":48.0,"key":"CultistPotion"}],"is_trial":false,"path_per_floor":["M","?","M","M","$","R","E","R","T","M","$","M","E","M","R","B",null,"M","?","M","?","T","R","M","M","T","?","R","$","R","M","R","B",null,"M","?","M","M","M","R","E","M","T","R","M","R","$","M","R","B",null,"R","$","E","B",null],"character_chosen":"THE_SILENT","items_purchased":["Infinite Blades","Backstab","Dark Shackles+1","Dodge and Roll+1","Backflip+1","Deflect+1"],"campfire_rested":6,"item_purchase_floors":[11,11,29,29,47,47],"current_hp_per_floor":[77,77,77,77,77,77,52,52,52,52,52,46,42,34,60,50,87,67,67,57,57,57,57,42,30,30,9,35,35,61,56,82,48,87,75,75,66,64,50,76,70,61,61,61,45,45,45,41,67,28,87,87,87,78,6],"gold":98,"neow_bonus":"TEN_PERCENT_HP_BONUS","is_daily":false,"chose_seed":false,"campfire_upgraded":5,"win_rate":0.0,"timestamp":1613093625,"path_taken":["M","?","M","M","$","R","E","R","T","M","$","?","E","M","R","BOSS","M","?","M","?","?","R","M","?","T","?","R","$","R","M","R","BOSS","M","?","M","?","M","R","E","M","T","R","M","R","$","M","R","BOSS","R","$","E","BOSS"],"items_purchased_type":["Card","Card","Card","Card","Card","Card"],"build_version":"2020-12-22","purchased_purges":2,"victory":true,"max_hp_per_floor":[77,77,77,77,77,77,77,77,77,77,77,77,87,87,87,87,87,87,87,87,87,87,87,87,87,87,87,87,87,87,87,87,87,87,87,87,87,87,87,87,87,87,87,87,87,87,87,87,87,87,87,87,87,87,87],"card_choices":[{"not_picked":["Poisoned Stab","Distraction"],"picked":"Flying Knee","floor":1.0},{"not_picked":["Dagger Throw","Predator","Bane"],"picked":"SKIP","floor":3.0},{"not_picked":["Skewer","Bouncing Flask","Flying Knee"],"picked":"SKIP","floor":4.0},{"not_picked":["Sucker Punch","Night Terror+1"],"picked":"Leg Sweep+1","floor":7.0},{"not_picked":["Eviscerate","Deflect+1"],"picked":"Noxious Fumes","floor":10.0},{"not_picked":["Blur+1","Poisoned Stab"],"picked":"Slice","floor":12.0},{"not_picked":["Expertise+1","Flying Knee","Distraction+1"],"picked":"SKIP","floor":13.0},{"not_picked":["Riddle With Holes","Tactician+1"],"picked":"Bouncing Flask+1","floor":14.0},{"not_picked":["Night Terror+1","Unload"],"picked":"Burst+1","floor":16.0},{"not_picked":["Crippling Poison+1","Skewer+1"],"picked":"Well Laid Plans","floor":18.0},{"not_picked":["Outmaneuver+1","Finisher"],"picked":"Bane","floor":20.0},{"not_picked":["Sucker Punch+1","Bane+1"],"picked":"Slice","floor":24.0},{"not_picked":["Bane+1","Noxious Fumes"],"picked":"Prepared+1","floor":25.0},{"not_picked":["Bane+1","Predator","Poisoned Stab+1"],"picked":"SKIP","floor":31.0},{"not_picked":["Night Terror+1","Die Die Die"],"picked":"Envenom","floor":33.0},{"not_picked":["Sucker Punch+1","Deadly Poison+1","Prepared+1"],"picked":"SKIP","floor":35.0},{"not_picked":["Deadly Poison+1","Flying Knee"],"picked":"Terror+1","floor":37.0},{"not_picked":["Noxious Fumes","Dagger Spray+1"],"picked":"Footwork","floor":38.0},{"not_picked":["Dagger Spray+1","Acrobatics+1"],"picked":"Deflect+1","floor":39.0},{"not_picked":["Poisoned Stab","Sucker Punch"],"picked":"Slice","floor":41.0},{"not_picked":["Poisoned Stab","Bane+1"],"picked":"Dagger Spray","floor":42.0},{"not_picked":["Endless Agony","Outmaneuver+1","Doppelganger+1"],"picked":"SKIP","floor":45.0},{"not_picked":["Dodge and Roll+1","Eviscerate+1"],"picked":"Crippling Poison+1","floor":48.0},{"not_picked":["Underhanded Strike+1","Deadly Poison+1"],"picked":"Catalyst+1","floor":54}],"player_experience":67686,"relics_obtained":[{"floor":7.0,"key":"Toxic Egg 2"},{"floor":9.0,"key":"Shuriken"},{"floor":13.0,"key":"Pear"},{"floor":22.0,"key":"Nunchaku"},{"floor":26.0,"key":"Toy Ornithopter"},{"floor":26.0,"key":"Bottled Tornado"},{"floor":41.0,"key":"Mummified Hand"},{"floor":43.0,"key":"Pantograph"},{"floor":54,"key":"Boot"}],"event_choices":[{"damage_healed":0.0,"max_hp_gain":0.0,"max_hp_loss":0.0,"gold_gain":0.0,"cards_transformed":["Defend_G"],"event_name":"Transmorgrifier","player_choice":"Transformed","floor":2.0,"gold_loss":0.0,"damage_taken":0.0,"cards_obtained":["A Thousand Cuts"]},{"damage_healed":0.0,"max_hp_gain":0.0,"max_hp_loss":0.0,"gold_gain":0.0,"event_name":"Back to Basics","player_choice":"Simplicity","floor":19.0,"gold_loss":0.0,"damage_taken":0.0,"cards_upgraded":["Strike_G","Strike_G","Strike_G","Strike_G","Defend_G","Defend_G","Defend_G","Defend_G"]},{"damage_healed":0.0,"max_hp_gain":0.0,"max_hp_loss":0.0,"gold_gain":0.0,"event_name":"Addict","player_choice":"Obtained Relic","floor":21.0,"gold_loss":85.0,"damage_taken":0.0,"relics_obtained":["Matryoshka"]},{"damage_healed":0.0,"max_hp_gain":0.0,"max_hp_loss":0.0,"gold_gain":0.0,"event_name":"Colosseum","player_choice":"Fight","floor":27.0,"gold_loss":0.0,"damage_taken":0.0},{"damage_healed":0.0,"max_hp_gain":0.0,"max_hp_loss":0.0,"gold_gain":0.0,"event_name":"Colosseum","player_choice":"Fled From Nobs","floor":27.0,"gold_loss":0.0,"damage_taken":0.0},{"damage_healed":0.0,"max_hp_gain":0.0,"max_hp_loss":0.0,"gold_gain":0.0,"cards_transformed":["Infinite Blades"],"event_name":"Transmorgrifier","player_choice":"Transformed","floor":36.0,"gold_loss":0.0,"damage_taken":0.0,"cards_obtained":["Crippling Poison"]}],"is_beta":false,"boss_relics":[{"not_picked":["Astrolabe","Snecko Eye"],"picked":"WristBlade"},{"not_picked":["Runic Pyramid","Philosopher\u0027s Stone"],"picked":"SlaversCollar"}],"items_purged_floors":[5,47],"is_endless":false,"potions_floor_spawned":[4,7,14,16,18,25,35,38,42,45,48,54],"ascension_level":0}}