{"host":"oigynbtg272c19pw","time":1613130960,"event":{"mods":["BaseMod","Colored Map","Minty Spire (QoL Compilation)","Relic Stats","Slay the Relics Exporter","StSLib"],"gold_per_floor":[219,269,115,130,130,159,159,194,194,194,214,214,214,243,243,320,320,339,160,173,191,241,241,273,273,319,319,352,70,70,103,103,180,180,200,200,212,46,56,56,88,88,88,119,119,119,134,154,154,154,154,154,154,4,30,30,30],"floor_reached":56,"playtime":3287,"items_purged":["Strike_P","Strike_P","Strike_P","Decay"],"score":2004,"play_id":"d5fc9255-af1b-44fa-bc3a-a58883792156","local_time":"20210212125600","is_ascension_mode":true,"campfire_choices":[{"data":"EmptyFist","floor":7.0,"key":"SMITH"},{"data":"Crescendo","floor":10.0,"key":"SMITH"},{"data":"Conclude","floor":12.0,"key":"SMITH"},{"data":"Eruption","floor":15.0,"key":"SMITH"},{"data":"Vigilance","floor":23.0,"key":"SMITH"},{"floor":25.0,"key":"RECALL"},{"floor":32.0,"key":"REST"},{"data":"Defend_P","floor":40.0,"key":"SMITH"},{"floor":42.0,"key":"REST"},{"data":"Defend_P","floor":46.0,"key":"SMITH"},{"data":"Defend_P","floor":49.0,"key":"SMITH"},{"floor":53.0,"key":"REST"}],"circlet_count":0,"master_deck":["AscendersBane","Defend_P","Defend_P+1","Defend_P+1","Defend_P+1","Eruption+1","Vigilance+1","Crescendo+1","EmptyFist+1","Consecrate+1","Conclude+1","Evaluate+1","Tantrum+1","CutThroughFate+1","Blasphemy+1","Vault+1","FlurryOfBlows+1","FearNoEvil+1","Omniscience+1","EmptyMind+1","Reinforced Body+1","Seek+1","Outmaneuver+1","PanicButton+1","Dark Shackles+1","Flash of Steel+1","Go for the Eyes+1","Shrug It Off+1","Wallop+1","Conserve Battery+1","Impervious+1"],"relics":["PureWater","Toxic Egg 2","Whetstone","Molten Egg 2","InkBottle","SacredBark","Omamori","Question Card","TeardropLocket","PrismaticShard","Pear","Turnip","Cursed Key","Bronze Scales","Letter Opener","Bottled Flame","Vajra","Nunchaku"],"acts_visited":["Exordium","TheCity","TheBeyond","TheEnding"],"potions_floor_usage":[56],"damage_taken":[{"damage":4.0,"enemies":"Small Slimes","floor":1.0,"turns":7.0},{"damage":0.0,"enemies":"Cultist","floor":4.0,"turns":3.0},{"damage":22.0,"enemies":"Lagavulin","floor":6.0,"turns":7.0},{"damage":5.0,"enemies":"3 Sentries","floor":8.0,"turns":4.0},{"damage":0.0,"enemies":"Jaw Worm","floor":11.0,"turns":3.0},{"damage":0.0,"enemies":"Gremlin Nob","floor":14.0,"turns":2.0},{"damage":23.0,"enemies":"The Guardian","floor":16.0,"turns":12.0},{"damage":0.0,"enemies":"2 Thieves","floor":18.0,"turns":1.0},{"damage":0.0,"enemies":"Chosen","floor":20.0,"turns":3.0},{"damage":0.0,"enemies":"Centurion and Healer","floor":21.0,"turns":4.0},{"damage":8.0,"enemies":"Gremlin Leader","floor":24.0,"turns":5.0},{"damage":16.0,"enemies":"Slavers","floor":28.0,"turns":4.0},{"damage":13.0,"enemies":"Gremlin Leader","floor":31.0,"turns":4.0},{"damage":18.0,"enemies":"Collector","floor":33.0,"turns":10.0},{"damage":0.0,"enemies":"3 Shapes","floor":35.0,"turns":6.0},{"damage":0.0,"enemies":"Orb Walker","floor":37.0,"turns":1.0},{"damage":0.0,"enemies":"Jaw Worm Horde","floor":39.0,"turns":4.0},{"damage":1.0,"enemies":"Giant Head","floor":41.0,"turns":8.0},{"damage":11.0,"enemies":"Nemesis","floor":44.0,"turns":8.0},{"damage":0.0,"enemies":"Writhing Mass","floor":47.0,"turns":5.0},{"damage":0.0,"enemies":"Spire Growth","floor":48.0,"turns":2.0},{"damage":34.0,"enemies":"Time Eater","floor":50.0,"turns":11.0},{"damage":24.0,"enemies":"Donu and Deca","floor":51.0,"turns":11.0},{"damage":21.0,"enemies":"Shield and Spear","floor":55.0,"turns":9.0},{"damage":58,"enemies":"The Heart","floor":56,"turns":4}],"seed_played":"-778356005450515746","potions_obtained":[{"floor":1.0,"key":"Ambrosia"},{"floor":6.0,"key":"Fire Potion"},{"floor":24.0,"key":"SkillPotion"},{"floor":33.0,"key":"AttackPotion"},{"floor":35.0,"key":"CultistPotion"},{"floor":37.0,"key":"Fire Potion"},{"floor":47.0,"key":"FearPotion"},{"floor":55.0,"key":"PowerPotion"}],"is_trial":false,"path_per_floor":["M","?","$","M","?","E","R","E","T","R","M","R","?","E","R","B",null,"M","$","M","M","?","R","E","R","T","?","E","$","T","E","R","B",null,"M","?","M","$","M","R","E","R","T","E","?","R","M","M","R","B","B",null,"R","$","E","B"],"character_chosen":"WATCHER","items_purchased":["EmptyFist","Consecrate","FearNoEvil+1","PrismaticShard","Bronze Scales"],"campfire_rested":3,"item_purchase_floors":[3,3,19,29,38],"current_hp_per_floor":[57,57,57,57,57,35,35,30,30,30,30,30,30,30,30,7,53,53,53,53,53,53,53,45,45,45,45,29,29,39,26,49,31,66,66,56,56,56,56,56,55,78,78,67,67,67,67,67,67,33,9,61,78,78,57,0,0],"gold":30,"neow_bonus":"HUNDRED_GOLD","is_daily":false,"chose_seed":false,"campfire_upgraded":8,"win_rate":0.0,"timestamp":1613130960,"path_taken":["M","?","$","?","?","E","R","E","T","R","M","R","?","E","R","BOSS","M","?","?","M","?","R","E","R","T","?","E","$","?","E","R","BOSS","M","?","M","$","M","R","E","R","T","E","?","R","?","M","R","BOSS","BOSS","R","$","E","BOSS"],"items_purchased_type":["Card","Card","Card","Relic","Relic"],"build_version":"2020-12-13","purchased_purges":4,"victory":false,"max_hp_per_floor":[68,68,68,68,68,68,68,68,68,68,68,68,68,68,68,68,68,68,68,68,68,68,68,68,68,68,68,68,68,78,78,78,78,78,78,78,78,78,78,78,78,78,78,78,78,78,78,78,78,78,78,78,78,78,78,78,78],"relic_stats":{"Nunchaku":[0],"counters":[25,138],"Bronze Scales":[192],"Turnip":[9],"Whetstone":["Tantrum","Consecrate"],"Letter Opener":[137],"Question Card":14,"Cursed Key":1,"obtain_stats":[{"Pear":30,"SacredBark":17,"Vajra":44,"Omamori":24,"Whetstone":8,"TeardropLocket":28,"Letter Opener":41,"Question Card":27,"PrismaticShard":29,"Cursed Key":34,"Bottled Flame":43,"Nunchaku":55,"Bronze Scales":38,"Molten Egg 2":9,"Turnip":31,"PureWater":0,"Toxic Egg 2":6,"InkBottle":14},{"Pear":12,"SacredBark":7,"Vajra":19,"Omamori":11,"Whetstone":4,"TeardropLocket":12,"Letter Opener":18,"Question Card":11,"PrismaticShard":12,"Cursed Key":14,"Bottled Flame":18,"Nunchaku":24,"Bronze Scales":16,"Molten Egg 2":4,"Turnip":13,"PureWater":0,"Toxic Egg 2":3,"InkBottle":6},{"Pear":55,"SacredBark":38,"Vajra":96,"Omamori":51,"Whetstone":21,"TeardropLocket":55,"Letter Opener":88,"Question Card":51,"PrismaticShard":55,"Cursed Key":69,"Bottled Flame":88,"Nunchaku":134,"Bronze Scales":76,"Molten Egg 2":21,"Turnip":59,"PureWater":0,"Toxic Egg 2":17,"InkBottle":26}],"InkBottle":[56]},"card_choices":[{"not_picked":["Pray","Protect"],"picked":"Crescendo","floor":1.0},{"not_picked":["LikeWater","EmptyBody"],"picked":"Conclude","floor":4.0},{"not_picked":["Consecrate","Indignation+1"],"picked":"Evaluate+1","floor":6.0},{"not_picked":["FollowUp","WreathOfFlame+1"],"picked":"Tantrum","floor":8.0},{"not_picked":["Prostrate+1","Halt+1"],"picked":"CutThroughFate+1","floor":11.0},{"not_picked":["MasterReality","FlurryOfBlows+1"],"picked":"Blasphemy+1","floor":14.0},{"not_picked":["Establishment","LessonLearned+1"],"picked":"Vault+1","floor":16.0},{"not_picked":["JustLucky+1","Halt+1"],"picked":"FlurryOfBlows+1","floor":18.0},{"not_picked":["BowlingBash+1","PathToVictory+1","Evaluate+1"],"picked":"SKIP","floor":20.0},{"not_picked":["FollowUp+1","Swivel+1"],"picked":"Omniscience+1","floor":21.0},{"not_picked":["Halt+1","Consecrate+1"],"picked":"EmptyMind+1","floor":24.0},{"not_picked":["EmptyMind+1","JustLucky+1","Fasting2","CarveReality+1"],"picked":"SKIP","floor":28.0},{"not_picked":["Indignation+1","CarveReality+1","Havoc+1"],"picked":"Reinforced Body+1","floor":31.0},{"not_picked":["Reboot+1","Vault+1","Rainbow+1"],"picked":"Seek+1","floor":33.0},{"not_picked":["EmptyBody+1","Iron Wave+1","ThirdEye+1"],"picked":"Outmaneuver+1","floor":35.0},{"not_picked":["Sadistic Nature","Discovery+1","Purity+1"],"picked":"PanicButton+1","floor":36.0},{"not_picked":["PanicButton+1","Deep Breath+1","Madness+1"],"picked":"Dark Shackles+1","floor":36.0},{"not_picked":["Purity+1","Blind+1","Discovery+1"],"picked":"Flash of Steel+1","floor":36.0},{"not_picked":["Blade Dance+1","Headbutt+1","FearNoEvil+1"],"picked":"Go for the Eyes+1","floor":37.0},{"not_picked":["Sweeping Beam+1","Wild Strike+1","Eviscerate+1","Combust"],"picked":"SKIP","floor":39.0},{"not_picked":["Deep Breath+1","SashWhip+1","Masterful Stab+1"],"picked":"Shrug It Off+1","floor":41.0},{"not_picked":["Prostrate+1","Flechettes+1","Bullet Time+1"],"picked":"Wallop+1","floor":44.0},{"not_picked":["Sweeping Beam+1","Heatsinks","PiercingWail+1"],"picked":"Conserve Battery+1","floor":47.0},{"not_picked":["FlurryOfBlows+1","Prostrate+1","Twin Strike+1","Consume+1"],"picked":"SKIP","floor":48.0},{"not_picked":["Power Through+1","Sentinel+1","Vengeance+1"],"picked":"Impervious+1","floor":55.0}],"player_experience":1582878,"relics_obtained":[{"floor":6.0,"key":"Toxic Egg 2"},{"floor":8.0,"key":"Whetstone"},{"floor":9.0,"key":"Molten Egg 2"},{"floor":14.0,"key":"InkBottle"},{"floor":24.0,"key":"Omamori"},{"floor":28.0,"key":"TeardropLocket"},{"floor":30.0,"key":"Pear"},{"floor":31.0,"key":"Turnip"},{"floor":41.0,"key":"Letter Opener"},{"floor":43.0,"key":"Bottled Flame"},{"floor":44.0,"key":"Vajra"},{"floor":55.0,"key":"Nunchaku"}],"event_choices":[{"damage_healed":0.0,"max_hp_gain":0.0,"max_hp_loss":0.0,"gold_gain":50.0,"event_name":"Golden Shrine","player_choice":"Pray","floor":2.0,"gold_loss":0.0,"damage_taken":0.0},{"damage_healed":0.0,"max_hp_gain":0.0,"max_hp_loss":0.0,"gold_gain":0.0,"event_name":"Liars Game","player_choice":"Ignored","floor":5.0,"gold_loss":0.0,"damage_taken":0.0},{"cards_removed":["Strike_P"],"damage_healed":0.0,"max_hp_gain":0.0,"max_hp_loss":0.0,"gold_gain":0.0,"event_name":"Purifier","player_choice":"Purged","floor":13.0,"gold_loss":0.0,"damage_taken":0.0},{"damage_healed":0.0,"max_hp_gain":0.0,"max_hp_loss":0.0,"gold_gain":50.0,"event_name":"Nest","player_choice":"Stole From Cult","floor":22.0,"gold_loss":0.0,"damage_taken":0.0},{"damage_healed":0.0,"max_hp_gain":0.0,"max_hp_loss":0.0,"gold_gain":0.0,"event_name":"The Mausoleum","player_choice":"Opened","floor":27.0,"gold_loss":0.0,"damage_taken":0.0,"relics_obtained":["Question Card"],"cards_obtained":["Writhe"]},{"damage_healed":0.0,"max_hp_gain":0.0,"max_hp_loss":0.0,"gold_gain":0.0,"event_name":"SensoryStone","player_choice":"Memory 3","floor":36.0,"gold_loss":0.0,"damage_taken":10.0},{"damage_healed":0.0,"max_hp_gain":0.0,"max_hp_loss":0.0,"gold_gain":0.0,"event_name":"Wheel of Change","player_choice":"Cursed","floor":45.0,"gold_loss":0.0,"damage_taken":0.0,"cards_obtained":["Decay"]}],"is_beta":false,"boss_relics":[{"not_picked":["Runic Dome","Sozu"],"picked":"SacredBark"},{"not_picked":["SlaversCollar","Pandora\u0027s Box"],"picked":"Cursed Key"}],"items_purged_floors":[3,19,29,54],"is_endless":false,"potions_floor_spawned":[1,6,14,21,24,33,35,37,47,55],"killed_by":"The Heart","ascension_level":20}}