{"host":"usru02jcpe2a942d","time":1613105744,"event":{"mods":["Act Like it!","Arknights","BaseMod","Colored Powertips","GifTheSpireLib","Highlight Path","Hubris","Infinite Spire","Minty Spire (QoL Compilation)","MostiFishMod","Quick Restart","Relic Stats","RumiaBox-露米娅的神秘盒子","StSLib","[IsaacMod]以撒尖塔","noobMod","【遗物卡牌】REMEMod","篝火指南"],"gold_per_floor":[113,128,148,24,36,61,73,73,73,83,101,101,151,161,161,266,266,286,286,299,299,309,334,334,334,334,345,363,396,411,411,411,518,518,537,557,612,612,636,152,183,183,183,183,183,209,209,226,69,69],"floor_reached":51,"language":"ZHS","playtime":2304,"items_purged":["ats:Strike C","ats:Strike V","ats:Strike S","ats:Soul Rend"],"score":931,"play_id":"8c6c9bd7-b776-4ec0-9b44-1ce3657a0fb8","local_time":"20210212125544","is_ascension_mode":false,"campfire_choices":[{"data":"ats:Closed Bolt Burst Fire","floor":15.0,"key":"SMITH"},{"data":"ats:True Silver Slash","floor":24.0,"key":"SMITH"},{"data":"ats:Thorns","floor":32.0,"key":"SMITH"}],"circlet_count":0,"master_deck":["ats:Strike G","ats:Armor Crushing Shot","ats:Defend","ats:Defend","ats:Defend","ats:Defend","ats:Emotion Absorption","ats:True Silver Slash+1","ats:Apocalypse+1","ats:Collapsing Strike","ats:Thorns","ats:Explosion Area Strengthen","ats:Closed Bolt Burst Fire+1","ats:Curse Doll","ats:Directed Diagnosis","ats:Wolf Pack+1","Bandage Up","ats:Guard Mode+1","ats:Poison Spread+1","ats:Sashimi Platter+1","ats:Thorns","ats:Composite Medical Shells","ats:Thorns+1","ats:Calcification","ats:Literary Storm+1","Blind+1","Dramatic Entrance+1","ats:Soul Absorption+1","hubris:EnhanceAbility","Madness+1","REME_TwoStrings+1","Dramatic Entrance+1"],"relics":["ats:Sanity","REME_ComplimentaryCards","DaveBox","ice","HushsDoor","TimeKeys","BookofShadows","SynthV:TestCard","ats:Originium","PunchingBag","Letter Opener","hubris:Icosahedron","Molten Egg 2","SSSystem","Coffee Dripper","Red Mask","REME_PuzzleBoxRelic","Pantograph","TheBible","REME_LowDesire","infinitespire:PuzzleCube","hubris:ToyBattleship","ats:Remnant Ash","Frozen Eye","Toxic Egg 2","Pen Nib","ats:Rhine Circuitry","GodSword3","SatanicBible","Art of War","hubris:EmptyBottle"],"acts_visited":["Exordium","TheCity","TheBeyond"],"potions_floor_usage":[],"damage_taken":[{"damage":7.0,"enemies":"infinitespire:Voidling","floor":1.0,"turns":3.0},{"damage":1.0,"enemies":"Cultist","floor":2.0,"turns":3.0},{"damage":12.0,"enemies":"Small Slimes","floor":3.0,"turns":3.0},{"damage":4.0,"enemies":"Looter","floor":5.0,"turns":3.0},{"damage":0.0,"enemies":"3 Sentries","floor":6.0,"turns":3.0},{"damage":7.0,"enemies":"Blue Slaver","floor":7.0,"turns":3.0},{"damage":6.0,"enemies":"Lots of Slimes","floor":10.0,"turns":3.0},{"damage":5.0,"enemies":"Exordium Wildlife","floor":11.0,"turns":3.0},{"damage":28.0,"enemies":"Hiden Room Battle","floor":13.0,"turns":3.0},{"damage":0.0,"enemies":"Large Slime","floor":14.0,"turns":3.0},{"damage":0.0,"enemies":"Hexaghost","floor":16.0,"turns":8.0},{"damage":0.0,"enemies":"Shell Parasite","floor":18.0,"turns":3.0},{"damage":2.0,"enemies":"3 Byrds","floor":20.0,"turns":2.0},{"damage":6.0,"enemies":"Snake Plant","floor":22.0,"turns":3.0},{"damage":0.0,"enemies":"Masked Bandits","floor":23.0,"turns":3.0},{"damage":13.0,"enemies":"3 Cultists","floor":27.0,"turns":4.0},{"damage":1.0,"enemies":"Sentry and Sphere","floor":28.0,"turns":3.0},{"damage":1.0,"enemies":"Gremlin Leader","floor":29.0,"turns":4.0},{"damage":2.0,"enemies":"Cultist and Chosen","floor":30.0,"turns":3.0},{"damage":7.0,"enemies":"hubris:MusketHawk","floor":33.0,"turns":7.0},{"damage":0.0,"enemies":"3 Shapes","floor":35.0,"turns":1.0},{"damage":7.0,"enemies":"Orb Walker","floor":36.0,"turns":3.0},{"damage":9.0,"enemies":"Mind Bloom Boss Battle","floor":37.0,"turns":8.0},{"damage":0.0,"enemies":"Jaw Worm Horde","floor":39.0,"turns":1.0},{"damage":1.0,"enemies":"Nemesis","floor":41.0,"turns":5.0},{"damage":14.0,"enemies":"Nightmare","floor":46.0,"turns":8.0},{"damage":0.0,"enemies":"Spire Growth","floor":48.0,"turns":2.0},{"damage":15,"enemies":"Donu and Deca","floor":50,"turns":6}],"seed_played":"-3415882817889307092","potions_obtained":[{"floor":1.0,"key":"Strength Potion"},{"floor":3.0,"key":"Weak Potion"},{"floor":7.0,"key":"Swift Potion"},{"floor":10.0,"key":"DistilledChaos"},{"floor":13.0,"key":"FearPotion"},{"floor":23.0,"key":"Explosive Potion"},{"floor":29.0,"key":"PowerPotion"},{"floor":41.0,"key":"LiquidMemories"},{"floor":46.0,"key":"Energy Potion"}],"is_trial":false,"path_per_floor":["M","M","M","$","M","E","M","?","T","M","M","?","?","M","R","B",null,"M","?","M","?","M","?","R","?","T","M","M","E","M","?","R","B",null,"M","M","?","AVR","M","R","E","?","T","?","T","NM","?","M","R","B",null],"character_chosen":"DOCTOR_CLASS","items_purchased":["ats:Explosion Area Strengthen","Bandage Up","Toxic Egg 2","Pen Nib","hubris:EmptyBottle"],"campfire_rested":0,"item_purchase_floors":[4,17,40,40,49],"current_hp_per_floor":[76,78,70,70,66,70,67,67,67,61,56,56,28,32,32,79,72,72,59,66,66,77,77,77,62,62,70,77,77,77,77,77,77,77,77,77,77,77,77,77,77,77,77,77,77,70,60,60,60,77],"gold":69,"neow_bonus":"TEN_PERCENT_HP_BONUS","is_daily":false,"chose_seed":false,"campfire_upgraded":3,"win_rate":0.0,"timestamp":1613105744,"path_taken":["M","?","M","?","M","E","M","?","T","?","M","?","?","M","R","BOSS","M","?","M","?","M","?","R","?","T","?","M","E","M","?","R","BOSS","M","M","?","AVR","M","R","E","?","T","?","?","NM","?","?","R","BOSS"],"items_purchased_type":["Card","Card","Relic","Relic","Relic"],"build_version":"2020-12-22","purchased_purges":4,"victory":true,"max_hp_per_floor":[79,79,79,79,79,79,79,79,79,79,79,79,79,79,79,79,72,72,77,77,77,77,77,77,77,77,77,77,77,77,77,77,77,77,77,77,77,77,77,77,77,77,77,77,77,77,77,77,77,77],"relic_stats":{"counters":[28,104],"Pantograph":17,"Pen Nib":[4],"Art of War":[0],"Letter Opener":[126],"obtain_stats":[{"DaveBox":0,"TimeKeys":0,"SSSystem":13,"ice":0,"hubris:EmptyBottle":49,"ats:Remnant Ash":37,"SatanicBible":45,"Frozen Eye":38,"hubris:Icosahedron":12,"Pantograph":26,"Red Mask":23,"ats:Sanity":0,"REME_LowDesire":34,"Toxic Egg 2":40,"ats:Rhine Circuitry":41,"KeepersGift":0,"BookofShadows":0,"PunchingBag":6,"Pen Nib":40,"Letter Opener":9,"SynthV:TestCard":1,"ats:Originium":6,"TheBible":29,"Molten Egg 2":13,"Coffee Dripper":17,"hubris:ToyBattleship":34,"Art of War":46,"REME_PuzzleBoxRelic":25,"HushsDoor":0,"GodSword3":43,"infinitespire:PuzzleCube":34,"REME_ComplimentaryCards":0},{"DaveBox":0,"TimeKeys":0,"SSSystem":9,"ice":0,"hubris:EmptyBottle":27,"ats:Remnant Ash":23,"SatanicBible":25,"Frozen Eye":23,"hubris:Icosahedron":8,"Pantograph":15,"Red Mask":15,"ats:Sanity":0,"REME_LowDesire":20,"Toxic Egg 2":24,"ats:Rhine Circuitry":25,"KeepersGift":0,"BookofShadows":0,"PunchingBag":5,"Pen Nib":24,"Letter Opener":6,"SynthV:TestCard":1,"ats:Originium":5,"TheBible":18,"Molten Egg 2":9,"Coffee Dripper":11,"hubris:ToyBattleship":20,"Art of War":26,"REME_PuzzleBoxRelic":15,"HushsDoor":0,"GodSword3":25,"infinitespire:PuzzleCube":20,"REME_ComplimentaryCards":0},{"DaveBox":0,"TimeKeys":0,"SSSystem":27,"ice":0,"hubris:EmptyBottle":98,"ats:Remnant Ash":82,"SatanicBible":88,"Frozen Eye":82,"hubris:Icosahedron":24,"Pantograph":49,"Red Mask":49,"ats:Sanity":0,"REME_LowDesire":70,"Toxic Egg 2":83,"ats:Rhine Circuitry":88,"KeepersGift":0,"BookofShadows":0,"PunchingBag":15,"Pen Nib":83,"Letter Opener":18,"SynthV:TestCard":3,"ats:Originium":15,"TheBible":60,"Molten Egg 2":27,"Coffee Dripper":38,"hubris:ToyBattleship":70,"Art of War":96,"REME_PuzzleBoxRelic":49,"HushsDoor":0,"GodSword3":88,"infinitespire:PuzzleCube":70,"REME_ComplimentaryCards":0}]},"card_choices":[{"not_picked":["ats:Guard Mode","ats:Volcano"],"picked":"ats:Apocalypse","floor":1.0},{"not_picked":["ats:Consecutive Shot Auto","ats:Charging Defense","ats:Shell Defense","ats:Poison Spread"],"picked":"ats:Collapsing Strike","floor":2.0},{"not_picked":["ats:Shell Defense","ats:Revitalization","ats:Guard Mode","ats:Volcano"],"picked":"ats:Thorns","floor":3.0},{"not_picked":["ats:Explosion Area Strengthen","ats:Guard Mode","ats:Assault Order","ats:Apocalypse"],"picked":"ats:Closed Bolt Burst Fire","floor":5.0},{"not_picked":["ats:Poison Spread","ats:Collapsing Strike","ats:Curse Doll","ats:Shell Defense"],"picked":"Bomb","floor":6.0},{"not_picked":["ats:Ambush","ats:Poison Spread","ats:Flame Of Heaven","ats:Blood Oath"],"picked":"ats:Curse Doll","floor":7.0},{"not_picked":["ats:Rapid Magazine","ats:Red Shift","ats:Guard Mode","ats:Very Hot Blade"],"picked":"ats:Soul Rend","floor":10.0},{"not_picked":["ats:Mental Burst","ats:Explosion Area Strengthen","ats:Leaping Hammer","ats:Flexible Camouflage","ats:Overload"],"picked":"SKIP","floor":11.0},{"not_picked":["ats:Cat Scratch+1","ats:Leaping Hammer+1","ats:Support Order","ats:Very Hot Blade+1"],"picked":"ats:Apocalypse","floor":13.0},{"not_picked":["ats:Apocalypse","ats:Closed Bolt Burst Fire+1","ats:Consecutive Shot Auto+1","ats:Phantom"],"picked":"ats:Directed Diagnosis","floor":14.0},{"not_picked":["ats:True Silver Slash+1","ats:Soul Rend","ats:Rat Pack","ats:Durian"],"picked":"ats:Wolf Pack+1","floor":16.0},{"not_picked":["ats:Shell Defense","ats:Very Hot Blade+1","ats:Ignite+1","ats:Explosion Area Strengthen+1"],"picked":"ats:Guard Mode+1","floor":18.0},{"not_picked":["ats:Assault Order+1","ats:Very Hot Blade+1","ats:Counter Healing Mode","ats:Thorns"],"picked":"ats:Poison Spread+1","floor":20.0},{"not_picked":["ats:Apocalypse","ats:Absolute Focus","ats:Chain Hook+1","ats:Poison Spread+1"],"picked":"ats:Sashimi Platter+1","floor":22.0},{"not_picked":["ats:Explosion Area Strengthen+1","ats:Nebulous Foxfire","ats:Guard Mode","ats:Shell Defense+1"],"picked":"ats:Thorns","floor":23.0},{"not_picked":["ats:Thermite Blade+1","ats:Curse Doll","ats:Rapid Magazine","ats:Directed Diagnosis","ats:Flexible Camouflage","ats:Apocalypse"],"picked":"SKIP","floor":27.0},{"not_picked":["ats:Ignite+1","ats:Durian","ats:Sunburst+1","ats:Spore Proliferation"],"picked":"ats:Composite Medical Shells","floor":28.0},{"not_picked":["ats:Shell Defense","ats:Curse Doll+1","ats:Ignite+1","ats:Explosion Area Strengthen+1"],"picked":"ats:Thorns","floor":29.0},{"not_picked":["ats:Healing Strengthening","ats:Poison Spread+1","ats:Song Of Battle","ats:Defend Order","ats:Red Shift+1"],"picked":"SKIP","floor":30.0},{"not_picked":["ats:Ambush","ats:Roar Of Ursus","ats:Volcano+1","ats:Rat Pack"],"picked":"ats:Calcification","floor":33.0},{"not_picked":["ats:Ignite+1","ats:Song Of Battle+1","ats:Burning Ground","ats:Poison Spread+1","BloodyBrimstone+1"],"picked":"ats:Literary Storm+1","floor":35.0},{"not_picked":["ats:Poison Spread+1","ats:Powerful Strike+1","ats:Demon Strength+1","ats:Revitalization","ats:Part Time Job","MostiFishMod:OneDayCity"],"picked":"SKIP","floor":36.0},{"not_picked":["ats:Guard Mode+1","ats:Mental Burst+1","ats:Serious Mode","ats:Blood Oath+1","ats:Leaping Hammer+1"],"picked":"Blind+1","floor":37.0},{"not_picked":["ats:Hammer On+1","ats:Leaping Hammer+1","ats:Ambush","ats:Absolute Focus","ats:Shell Defense"],"picked":"Dramatic Entrance+1","floor":39.0},{"not_picked":["ats:Durian+1","ats:Sunburst+1","ats:Consecutive Shot Auto+1","ats:Powerful Strike+1","MostiFishMod:Galeforce"],"picked":"ats:Soul Absorption+1","floor":41.0},{"not_picked":["ats:Very Hot Blade+1","ats:Sword Rain+1","ats:True Silver Slash+1","ats:Apocalypse+1","ats:Collapsing Strike+1"],"picked":"hubris:EnhanceAbility","floor":46.0},{"not_picked":["REME_TwoStrings+1","Forethought+1","REME_MagicPocketWatch+1","MostiFishMod:Galeforce"],"picked":"Madness+1","floor":47.0},{"not_picked":["Secret Technique+1","PanicButton+1","SuicideKing","Swift Strike+1"],"picked":"REME_TwoStrings+1","floor":47.0},{"not_picked":["Blind+1","Forethought+1","Discovery+1","Secret Technique+1"],"picked":"Dramatic Entrance+1","floor":47.0},{"not_picked":["ats:Automatic Cover+1","ats:Flexible Camouflage+1","ats:Poison Spread+1","ats:Revitalization+1","ats:Very Hot Blade+1","MostiFishMod:PerfectForm"],"picked":"SKIP","floor":48.0}],"player_experience":243942,"relics_obtained":[{"floor":1.0,"key":"SynthV:TestCard"},{"floor":6.0,"key":"ats:Originium"},{"floor":6.0,"key":"PunchingBag"},{"floor":9.0,"key":"Letter Opener"},{"floor":13.0,"key":"Molten Egg 2"},{"floor":13.0,"key":"SSSystem"},{"floor":23.0,"key":"Red Mask"},{"floor":26.0,"key":"Pantograph"},{"floor":29.0,"key":"ats:Originium"},{"floor":29.0,"key":"TheBible"},{"floor":34.0,"key":"infinitespire:PuzzleCube"},{"floor":34.0,"key":"hubris:ToyBattleship"},{"floor":37.0,"key":"ats:Remnant Ash"},{"floor":41.0,"key":"ats:Originium"},{"floor":41.0,"key":"ats:Rhine Circuitry"},{"floor":43.0,"key":"GodSword3"},{"floor":45.0,"key":"SatanicBible"},{"floor":46.0,"key":"ats:Originium"},{"floor":46.0,"key":"Art of War"}],"event_choices":[{"damage_healed":0.0,"max_hp_gain":0.0,"max_hp_loss":0.0,"gold_gain":0.0,"event_name":"HidenRoomEvent","player_choice":"Fight","floor":13.0,"gold_loss":0.0,"damage_taken":0.0},{"damage_healed":0.0,"max_hp_gain":5.0,"max_hp_loss":0.0,"gold_gain":0.0,"event_name":"Forgotten Altar","player_choice":"Shed Blood","floor":19.0,"gold_loss":0.0,"damage_taken":18.0},{"damage_healed":0.0,"max_hp_gain":0.0,"max_hp_loss":0.0,"gold_gain":0.0,"event_name":"Vampires","player_choice":"Ignored","floor":21.0,"gold_loss":0.0,"damage_taken":0.0},{"damage_healed":0.0,"max_hp_gain":0.0,"max_hp_loss":0.0,"gold_gain":0.0,"event_name":"Masked Bandits","player_choice":"Fought Bandits","floor":23.0,"gold_loss":0.0,"damage_taken":0.0},{"damage_healed":0.0,"max_hp_gain":0.0,"max_hp_loss":0.0,"gold_gain":0.0,"event_name":"The Woman in Blue","player_choice":"Bought 0 Potions","floor":31.0,"gold_loss":0.0,"damage_taken":0.0},{"damage_healed":0.0,"max_hp_gain":0.0,"max_hp_loss":0.0,"gold_gain":0.0,"event_name":"MindBloom","player_choice":"Fight","floor":37.0,"gold_loss":0.0,"damage_taken":0.0},{"cards_removed":["ats:Apocalypse"],"damage_healed":5.0,"max_hp_gain":0.0,"max_hp_loss":0.0,"gold_gain":0.0,"event_name":"Bonfire Elementals","player_choice":"Offered Common","floor":42.0,"gold_loss":0.0,"damage_taken":0.0},{"cards_removed":["ats:Apocalypse"],"damage_healed":5.0,"max_hp_gain":0.0,"max_hp_loss":0.0,"gold_gain":0.0,"event_name":"Bonfire Elementals","player_choice":"Offered Special","floor":42.0,"gold_loss":0.0,"damage_taken":0.0},{"cards_removed":["hubris:Greed"],"damage_healed":0.0,"max_hp_gain":0.0,"max_hp_loss":0.0,"gold_gain":0.0,"event_name":"Purifier","player_choice":"Purged","floor":44.0,"gold_loss":0.0,"damage_taken":0.0},{"damage_healed":0.0,"max_hp_gain":0.0,"max_hp_loss":0.0,"gold_gain":0.0,"event_name":"SensoryStone","player_choice":"Memory 3","floor":47.0,"gold_loss":0.0,"damage_taken":10.0}],"is_beta":false,"boss_relics":[{"not_picked":["hubris:ScarierMask","ats:Sanity Plus"],"picked":"Coffee Dripper"},{"not_picked":[]},{"not_picked":["SacredBark","ExusiaiGun"],"picked":"REME_LowDesire"},{"not_picked":[]}],"items_purged_floors":[4,17,38,40],"is_endless":false,"potions_floor_spawned":[1,3,7,10,13,23,27,28,29,35,41,46],"ascension_level":0}}