{"host":"xvcswx52z80fmg13","time":1613171461,"event":{"mods":["BaseMod","Colored Map","Colored Powertips","Highlight Path","Minty Spire (QoL Compilation)"],"gold_per_floor":[111,128,128,141,216,250,250,149,172,172,172,192,267,40,40,163,163,134,9,9,22,38,76,76,107,131,56,26,26,47,65,65,195,195,220,234,234,253,253,253,269,284,361,374,374,399,399,418,418,418,418],"floor_reached":50,"language":"ENG","playtime":4524,"items_purged":["Defend_R","Strike_R","Defend_R","Strike_R"],"score":607,"play_id":"f755e00e-d98c-4140-816a-ceec95083f7a","local_time":"20210212191101","is_ascension_mode":false,"campfire_choices":[{"data":"Searing Blow","floor":7,"key":"SMITH"},{"data":"Searing Blow+1","floor":11,"key":"SMITH"},{"floor":15,"key":"REST"},{"data":"Barricade","floor":24,"key":"SMITH"},{"data":"Body Slam","floor":29,"key":"SMITH"},{"floor":32,"key":"REST"},{"data":"Searing Blow+2","floor":40,"key":"SMITH"},{"floor":45,"key":"RECALL"},{"data":"Searing Blow+3","floor":47,"key":"SMITH"},{"data":"Searing Blow+4","floor":49,"key":"SMITH"}],"circlet_count":0,"master_deck":["Strike_R","Strike_R","Defend_R","Defend_R","Bash","Shrug It Off","Thunderclap","Rampage","Searing Blow+5","Shrug It Off","Rage","Impatience","Barricade+1","Shrug It Off","Offering+1","Shrug It Off","Clothesline+1","Armaments+1","Rampage+1","Double Tap+1","Body Slam+1","Shrug It Off+1","Madness","Madness","Armaments+1","Limit Break","Disarm+1"],"relics":["Burning Blood","Golden Idol","Ancient Tea Set","Velvet Choker","Smiling Mask","Strawberry","War Paint","Sozu","Mummified Hand","Blood Vial"],"acts_visited":["Exordium","TheCity","TheBeyond"],"potions_floor_usage":[16,16,22,23,30,50],"damage_taken":[{"damage":1,"enemies":"Cultist","floor":1,"turns":3},{"damage":1,"enemies":"2 Louse","floor":2,"turns":4},{"damage":1,"enemies":"Jaw Worm","floor":4,"turns":4},{"damage":37,"enemies":"Lagavulin","floor":6,"turns":8},{"damage":1,"enemies":"3 Louse","floor":12,"turns":2},{"damage":44,"enemies":"Slime Boss","floor":16,"turns":14},{"damage":16,"enemies":"2 Thieves","floor":18,"turns":5},{"damage":13,"enemies":"Spheric Guardian","floor":21,"turns":6},{"damage":6,"enemies":"Snecko","floor":22,"turns":3},{"damage":31,"enemies":"Slavers","floor":23,"turns":7},{"damage":13,"enemies":"Book of Stabbing","floor":25,"turns":6},{"damage":18,"enemies":"Centurion and Healer","floor":30,"turns":5},{"damage":7,"enemies":"Snake Plant","floor":31,"turns":4},{"damage":6,"enemies":"Champ","floor":33,"turns":12},{"damage":6,"enemies":"Orb Walker","floor":35,"turns":4},{"damage":7,"enemies":"3 Shapes","floor":36,"turns":6},{"damage":11,"enemies":"3 Darklings","floor":38,"turns":7},{"damage":26,"enemies":"Jaw Worm Horde","floor":41,"turns":6},{"damage":16,"enemies":"Maw","floor":42,"turns":7},{"damage":6,"enemies":"3 Darklings","floor":44,"turns":10},{"damage":0,"enemies":"Jaw Worm Horde","floor":48,"turns":5},{"damage":69,"enemies":"Donu and Deca","floor":50,"turns":5}],"seed_played":"2796206178012969004","potions_obtained":[{"floor":6,"key":"SteroidPotion"},{"floor":12,"key":"BlessingOfTheForge"},{"floor":18,"key":"ColorlessPotion"},{"floor":22,"key":"LiquidMemories"},{"floor":23,"key":"SteroidPotion"},{"floor":28,"key":"HeartOfIron"},{"floor":28,"key":"LiquidMemories"}],"is_trial":false,"path_per_floor":["M","M","?","M","?","E","R","$","T","?","R","M","?","$","R","B",null,"M","$","?","M","M","E","R","E","T","$","?","R","M","M","R","B",null,"M","M","?","M","?","R","M","M","T","M","R","T","R","M","R","B"],"character_chosen":"IRONCLAD","items_purchased":["Shrug It Off","Barricade","Shrug It Off","Body Slam"],"campfire_rested":2,"item_purchase_floors":[8,14,14,27],"current_hp_per_floor":[88,88,66,71,60,29,29,29,29,29,29,34,26,26,52,14,88,78,78,70,63,63,38,38,38,38,38,38,38,26,25,53,53,95,95,94,82,77,77,77,57,47,47,47,47,47,47,55,55,0,0],"gold":418,"neow_bonus":"TEN_PERCENT_HP_BONUS","is_daily":false,"chose_seed":false,"campfire_upgraded":7,"win_rate":0.0,"timestamp":1613171461,"path_taken":["M","M","?","M","?","E","R","?","T","?","R","?","?","$","R","BOSS","M","?","?","M","?","E","R","E","T","$","?","R","?","M","R","BOSS","M","M","?","M","?","R","?","M","T","M","R","?","R","M","R","BOSS"],"items_purchased_type":["Card","Card","Card","Card"],"build_version":"2020-12-22","purchased_purges":4,"victory":false,"max_hp_per_floor":[88,88,88,88,88,88,88,88,88,88,88,88,88,88,88,88,88,88,88,88,88,88,88,88,95,95,95,95,95,95,95,95,95,95,95,95,95,95,95,95,95,95,95,95,95,95,95,95,95,95,95],"card_choices":[{"not_picked":["Sword Boomerang","Infernal Blade"],"picked":"Shrug It Off","floor":1},{"not_picked":["Wild Strike","Burning Pact"],"picked":"Thunderclap","floor":2},{"not_picked":["True Grit","Sword Boomerang"],"picked":"Rampage","floor":4},{"not_picked":["Feel No Pain","Sever Soul"],"picked":"Searing Blow","floor":6},{"not_picked":["Dark Embrace","Anger","Pummel"],"picked":"SKIP","floor":12},{"not_picked":["Fiend Fire","Demon Form"],"picked":"Offering","floor":16},{"not_picked":["Perfected Strike+1","Carnage+1"],"picked":"Shrug It Off","floor":18},{"not_picked":["Heavy Blade+1","Metallicize"],"picked":"Clothesline+1","floor":21},{"not_picked":["Clothesline","Rupture+1"],"picked":"Armaments+1","floor":22},{"not_picked":["Dual Wield","Twin Strike+1"],"picked":"Rampage+1","floor":23},{"not_picked":["Blood for Blood","Whirlwind+1"],"picked":"Double Tap","floor":25},{"not_picked":["Sword Boomerang","Shockwave","Heavy Blade"],"picked":"SKIP","floor":30},{"not_picked":["Thunderclap","Headbutt","Intimidate"],"picked":"SKIP","floor":31},{"not_picked":["Dark Embrace","Wild Strike"],"picked":"Shrug It Off+1","floor":35},{"not_picked":["Uppercut+1","Shockwave","Sword Boomerang"],"picked":"SKIP","floor":36},{"not_picked":["Sentinel","Sword Boomerang"],"picked":"Armaments+1","floor":38},{"not_picked":["Pommel Strike+1","Heavy Blade"],"picked":"Disarm+1","floor":41},{"not_picked":["Brutality","Pommel Strike","Fire Breathing+1"],"picked":"SKIP","floor":42},{"not_picked":["Blood for Blood","Sword Boomerang","Heavy Blade+1"],"picked":"SKIP","floor":44},{"not_picked":["Clothesline+1","Heavy Blade","Wild Strike+1"],"picked":"SKIP","floor":48}],"player_experience":1323470,"relics_obtained":[{"floor":6,"key":"Ancient Tea Set"},{"floor":23,"key":"Smiling Mask"},{"floor":25,"key":"Strawberry"},{"floor":26,"key":"War Paint"},{"floor":43,"key":"Mummified Hand"},{"floor":46,"key":"Blood Vial"}],"event_choices":[{"damage_healed":0,"gold_gain":0,"player_choice":"Take Damage","damage_taken":22,"relics_obtained":["Golden Idol"],"max_hp_gain":0,"max_hp_loss":0,"event_name":"Golden Idol","floor":3,"gold_loss":0},{"damage_healed":0,"gold_gain":75,"player_choice":"Gather Gold","damage_taken":11,"max_hp_gain":0,"max_hp_loss":0,"event_name":"World of Goop","floor":5,"gold_loss":0},{"damage_healed":0,"gold_gain":0,"player_choice":"2 cards matched","damage_taken":0,"max_hp_gain":0,"max_hp_loss":0,"event_name":"Match and Keep!","floor":10,"gold_loss":0,"cards_obtained":["Rage","Impatience"]},{"damage_healed":0,"gold_gain":75,"player_choice":"Touch","damage_taken":8,"max_hp_gain":0,"max_hp_loss":0,"event_name":"FaceTrader","floor":13,"gold_loss":0},{"damage_healed":0,"gold_gain":0,"player_choice":"Damaged","damage_taken":8,"max_hp_gain":0,"max_hp_loss":0,"event_name":"Wheel of Change","floor":20,"gold_loss":0},{"damage_healed":0,"gold_gain":0,"player_choice":"Bought 2 Potions","damage_taken":0,"max_hp_gain":0,"max_hp_loss":0,"event_name":"The Woman in Blue","floor":28,"gold_loss":0},{"damage_healed":0,"gold_gain":0,"player_choice":"Embrace Madness","damage_taken":12,"max_hp_gain":0,"max_hp_loss":0,"event_name":"Winding Halls","floor":37,"gold_loss":0,"cards_obtained":["Madness","Madness"]},{"damage_healed":0,"gold_gain":0,"cards_transformed":["Strike_R"],"player_choice":"Transformed","damage_taken":0,"max_hp_gain":0,"max_hp_loss":0,"event_name":"Transmorgrifier","floor":39,"gold_loss":0,"cards_obtained":["Limit Break"]}],"is_beta":false,"boss_relics":[{"not_picked":["Empty Cage","Runic Pyramid"],"picked":"Velvet Choker"},{"not_picked":["Runic Cube","Snecko Eye"],"picked":"Sozu"}],"items_purged_floors":[8,14,19,27],"is_endless":false,"potions_floor_spawned":[6,12,18,22,23,36,42,48],"killed_by":"Donu and Deca","ascension_level":0}}