{"host":"yans4pr1zf0lm9bx","time":1613145174,"event":{"mods":["AchievementEnabler","BaseMod","Minty Spire (QoL Compilation)","Replay The Spire","Shop Mod","StSLib","SuperFastMode","slay the spire mod where everything is the same but ironclad has a cowboy hat"],"gold_per_floor":[118,118,118,143,143,143,177,177,229,272,305,86,86,99,99,99,99],"floor_reached":16,"language":"ENG","playtime":309,"items_purged":["Strike_R"],"score":127,"play_id":"71ad1ce6-e0c7-482f-be02-dd6bbf76cc52","local_time":"20210212105254","is_ascension_mode":true,"campfire_choices":[{"data":"Whirlwind","floor":6,"key":"SMITH"},{"data":"Flex","floor":8,"key":"SMITH"},{"floor":15,"key":"RECALL"}],"circlet_count":0,"master_deck":["Strike_R","Strike_R","Defend_R+1","Defend_R+1","Defend_R+1","Defend_R+1","Bash","Whirlwind+1","Flex+1","Warcry"],"relics":["Burning Blood","Golden Idol","Blue Doll","Bronze Scales","Toy Ornithopter","Replay:Bottled Eggs","Odd Mushroom","Brimstone"],"acts_visited":["Exordium"],"potions_floor_usage":[7,10],"damage_taken":[{"damage":1,"enemies":"Cultist","floor":1,"turns":3},{"damage":13,"enemies":"Jaw Worm","floor":4,"turns":4},{"damage":24,"enemies":"Gremlin Nob","floor":7,"turns":4},{"damage":25,"enemies":"Lagavulin","floor":10,"turns":6},{"damage":0,"enemies":"The Mushroom Lair","floor":11,"turns":1},{"damage":0,"enemies":"2 Louse","floor":14,"turns":2},{"damage":40,"enemies":"The Guardian","floor":16,"turns":6}],"seed_played":"1684272929967993152","potions_obtained":[{"floor":1,"key":"Weak Potion"},{"floor":7,"key":"ColorlessPotion"}],"is_trial":false,"path_per_floor":["M","?","?","M","?","R","E","R","T","E","?","$","T","M","R","B"],"character_chosen":"IRONCLAD","items_purchased":["Brimstone"],"campfire_rested":0,"item_purchase_floors":[12],"current_hp_per_floor":[72,77,58,51,48,48,30,30,30,16,22,22,22,28,28,0,0],"gold":99,"neow_bonus":"REMOVE_TWO","is_daily":false,"chose_seed":false,"campfire_upgraded":2,"win_rate":0.0,"timestamp":1613145174,"path_taken":["M","?","?","M","?","R","E","R","T","E","?","?","?","M","R","BOSS"],"items_purchased_type":["Relic"],"build_version":"2020-12-22","purchased_purges":1,"victory":false,"max_hp_per_floor":[72,77,77,77,77,77,77,77,77,77,77,77,77,77,77,77,77],"card_choices":[{"not_picked":["Evolve","Hemokinesis"],"picked":"Whirlwind","floor":1},{"not_picked":["Body Slam","ReplayTheSpireMod:Limb From Limb","Life Link"],"picked":"SKIP","floor":4},{"not_picked":["True Grit","Dropkick"],"picked":"Flex","floor":7},{"not_picked":["Heavy Blade","True Grit"],"picked":"Warcry","floor":10},{"not_picked":["Sever Soul","Abandon","Iron Wave"],"picked":"SKIP","floor":14}],"player_experience":290631,"relics_obtained":[{"floor":7,"key":"Bronze Scales"},{"floor":9,"key":"Toy Ornithopter"},{"floor":10,"key":"Replay:Bottled Eggs"},{"floor":11,"key":"Odd Mushroom"}],"event_choices":[{"damage_healed":0,"gold_gain":0,"player_choice":"Donut","damage_taken":0,"max_hp_gain":5,"max_hp_loss":0,"event_name":"Big Fish","floor":2,"gold_loss":0},{"damage_healed":0,"gold_gain":0,"player_choice":"Take Damage","damage_taken":19,"relics_obtained":["Golden Idol"],"max_hp_gain":0,"max_hp_loss":0,"event_name":"Golden Idol","floor":3,"gold_loss":0},{"damage_healed":0,"gold_gain":0,"player_choice":"Success","damage_taken":3,"relics_obtained":["Blue Doll"],"max_hp_gain":0,"max_hp_loss":0,"event_name":"Scrap Ooze","floor":5,"gold_loss":0},{"damage_healed":0,"gold_gain":0,"player_choice":"Fought Mushrooms","damage_taken":0,"max_hp_gain":0,"max_hp_loss":0,"event_name":"Mushrooms","floor":11,"gold_loss":0}],"is_beta":false,"boss_relics":[],"items_purged_floors":[12],"is_endless":false,"potions_floor_spawned":[1,7],"killed_by":"The Guardian","ascension_level":4}}