{"host":"j9610sde00vfp93k","time":1613119250,"event":{"mods":["AchievementEnabler","BaseMod","Gold Saver","Minty Spire (QoL Compilation)","Permanent Neow","Rare Cards Sparkle","Spire Arcade","StSLib","SuperFastMode"],"gold_per_floor":[687,322,401,401,420,420,80,107,131,131,50,50,128,154,154,250,300,311,162,177,127,127,127,144,144,144,169,259,274,274,274,274,376,376,391,411,411,411,71,96,96,115,140,140,140,159,6,16,16,16],"floor_reached":51,"language":"ENG","playtime":2052,"items_purged":[],"score":797,"play_id":"3949d43b-8aa8-4aa9-a9f2-d1fdaa842bed","local_time":"20210212164050","is_ascension_mode":false,"campfire_choices":[{"data":"Vigilance","floor":6,"key":"SMITH"},{"floor":12,"key":"REST"},{"data":"BowlingBash","floor":15,"key":"SMITH"},{"data":"DeusExMachina","floor":23,"key":"SMITH"},{"floor":30,"key":"REST"},{"floor":32,"key":"REST"},{"data":"Apotheosis","floor":41,"key":"SMITH"},{"data":"Mind Blast","floor":49,"key":"SMITH"}],"circlet_count":0,"master_deck":["Strike_P","Strike_P+1","Strike_P+1","Strike_P","Defend_P","Defend_P","Defend_P","Defend_P","Eruption+1","Vigilance+1","SandsOfTime","PathToVictory","CarveReality+1","Mayhem+1","PathToVictory","BowlingBash+1","Consecrate","Prostrate","Dramatic Entrance","WheelKick","DeusExMachina+1","DeceiveReality","Halt+1","FollowUp+1","PathToVictory","BowlingBash+1","MasterReality","Swift Strike","Good Instincts","Impatience","Mind Blast+1","Finesse","MasterReality","CurseOfTheBell","Protect","LikeWater+1","Apotheosis+1","Madness","Madness","Consecrate","Meditate+1"],"relics":["PureWater","Ice Cream","Akabeko","Du-Vu Doll","Toy Ornithopter","Bottled Tornado","Oddly Smooth Stone","Tiny House","Damaru","MutagenicStrength","Bird Faced Urn","Shuriken","Whetstone","Enchiridion","Calling Bell","Bag of Marbles","Yang","Calipers","Bag of Preparation","Ancient Tea Set","Regal Pillow","PreservedInsect"],"acts_visited":["Exordium","TheCity","TheBeyond"],"potions_floor_usage":[14,14,27,29,33,33,35,50,50],"damage_taken":[{"damage":0,"enemies":"Small Slimes","floor":1,"turns":2},{"damage":0,"enemies":"2 Louse","floor":5,"turns":1},{"damage":28,"enemies":"3 Sentries","floor":8,"turns":5},{"damage":4,"enemies":"Lagavulin","floor":14,"turns":3},{"damage":0,"enemies":"Hexaghost","floor":16,"turns":6},{"damage":4,"enemies":"Chosen","floor":18,"turns":4},{"damage":0,"enemies":"Spheric Guardian","floor":20,"turns":2},{"damage":0,"enemies":"Snecko","floor":24,"turns":4},{"damage":8,"enemies":"Slavers","floor":27,"turns":3},{"damage":10,"enemies":"Chosen and Byrds","floor":29,"turns":3},{"damage":14,"enemies":"Champ","floor":33,"turns":7},{"damage":15,"enemies":"Orb Walker","floor":35,"turns":2},{"damage":11,"enemies":"3 Shapes","floor":36,"turns":3},{"damage":0,"enemies":"Reptomancer","floor":40,"turns":4},{"damage":0,"enemies":"Spire Growth","floor":42,"turns":3},{"damage":0,"enemies":"Sphere and 2 Shapes","floor":46,"turns":2},{"damage":0,"enemies":"3 Darklings","floor":48,"turns":3},{"damage":39,"enemies":"Awakened One","floor":50,"turns":9}],"seed_played":"-8635477611283624471","potions_obtained":[{"floor":5,"key":"Energy Potion"},{"floor":8,"key":"Ambrosia"},{"floor":14,"key":"Swift Potion"},{"floor":17,"key":"EntropicBrew"},{"floor":20,"key":"Fire Potion"},{"floor":24,"key":"SkillPotion"},{"floor":33,"key":"Weak Potion"},{"floor":36,"key":"Swift Potion"},{"floor":46,"key":"Explosive Potion"}],"is_trial":false,"path_per_floor":["M","$","?","?","M","R","$","E","T","?","$","R","T","E","R","B",null,"M","$","M","$","?","R","M","T","T","E","?","M","R","?","R","B",null,"M","M","?","$","$","E","R","M","T","?","?","M","$","M","R","B",null],"character_chosen":"WATCHER","items_purchased":["PathToVictory","Ice Cream","Mayhem","PathToVictory","BowlingBash","Consecrate","Dramatic Entrance","Damaru","PathToVictory","Bag of Preparation","Apotheosis","PreservedInsect"],"campfire_rested":3,"item_purchase_floors":[2,2,7,7,7,7,11,19,21,39,39,47],"current_hp_per_floor":[72,72,72,47,47,47,47,19,19,19,19,40,40,46,46,46,77,73,73,73,73,73,73,73,73,73,69,17,14,37,21,44,46,77,69,62,62,62,62,68,68,76,76,76,66,70,70,74,74,47],"gold":16,"neow_bonus":"UPGRADE_CARD","is_daily":false,"chose_seed":false,"campfire_upgraded":5,"win_rate":0.0,"timestamp":1613119250,"path_taken":["M","$","?","?","M","R","$","E","T","?","$","R","?","E","R","BOSS","M","$","M","$","?","R","M","?","T","E","?","?","R","?","R","BOSS","M","M","?","?","$","E","R","M","T","?","?","M","$","M","R","BOSS"],"items_purchased_type":["Card","Relic","Card","Card","Card","Card","Card","Relic","Card","Relic","Card","Relic"],"build_version":"2020-12-22","purchased_purges":0,"victory":true,"max_hp_per_floor":[72,72,72,72,72,72,72,72,72,72,72,72,72,72,72,72,77,77,77,77,77,77,77,77,77,77,77,77,77,77,77,77,77,77,77,77,77,77,77,77,77,77,77,77,77,77,77,77,77,77],"card_choices":[{"not_picked":["FlyingSleeves","Pray"],"picked":"SandsOfTime","floor":1},{"not_picked":["EmptyBody","EmptyFist"],"picked":"CarveReality","floor":5},{"not_picked":["BowlingBash","EmptyMind"],"picked":"Prostrate","floor":8},{"not_picked":["Crescendo","Sanctity"],"picked":"WheelKick","floor":14},{"not_picked":["SpiritShield","LessonLearned"],"picked":"DeusExMachina","floor":16},{"not_picked":["Halt","Crescendo"],"picked":"DeceiveReality","floor":17},{"not_picked":["EmptyFist","EmptyBody"],"picked":"Halt+1","floor":18},{"not_picked":["Protect","ClearTheMind"],"picked":"FollowUp+1","floor":20},{"not_picked":["Study","Adaptation"],"picked":"BowlingBash+1","floor":24},{"not_picked":["TalkToTheHand","DeceiveReality+1"],"picked":"MasterReality","floor":27},{"not_picked":["Vengeance","JustLucky+1","CarveReality"],"picked":"SKIP","floor":29},{"not_picked":["SpiritShield","Vault"],"picked":"MasterReality","floor":33},{"not_picked":["Sanctity","CarveReality+1"],"picked":"Protect","floor":35},{"not_picked":["JustLucky+1","Tantrum"],"picked":"LikeWater+1","floor":36},{"not_picked":["Halt","CrushJoints","WindmillStrike"],"picked":"SKIP","floor":40},{"not_picked":["Weave","Nirvana","Halt"],"picked":"SKIP","floor":42},{"not_picked":["Halt+1","CutThroughFate+1"],"picked":"Consecrate","floor":46},{"not_picked":["LikeWater","ThirdEye"],"picked":"Meditate+1","floor":48}],"player_experience":216664,"relics_obtained":[{"floor":8,"key":"Du-Vu Doll"},{"floor":9,"key":"Toy Ornithopter"},{"floor":13,"key":"Bottled Tornado"},{"floor":14,"key":"Oddly Smooth Stone"},{"floor":25,"key":"Bird Faced Urn"},{"floor":26,"key":"Shuriken"},{"floor":27,"key":"Whetstone"},{"floor":31,"key":"Enchiridion"},{"floor":34,"key":"Bag of Marbles"},{"floor":34,"key":"Yang"},{"floor":34,"key":"Calipers"},{"floor":40,"key":"Ancient Tea Set"},{"floor":43,"key":"Regal Pillow"}],"event_choices":[{"damage_healed":0,"gold_gain":79,"player_choice":"Gained Gold","damage_taken":0,"max_hp_gain":0,"max_hp_loss":0,"event_name":"Golden Wing","floor":3,"gold_loss":0},{"damage_healed":0,"gold_gain":0,"player_choice":"Success","damage_taken":25,"relics_obtained":["Akabeko"],"max_hp_gain":0,"max_hp_loss":0,"event_name":"Scrap Ooze","floor":4,"gold_loss":0},{"damage_healed":0,"gold_gain":0,"player_choice":"Grow","damage_taken":0,"max_hp_gain":0,"max_hp_loss":0,"event_name":"Living Wall","floor":10,"gold_loss":0,"cards_upgraded":["Mayhem"]},{"damage_healed":0,"gold_gain":0,"player_choice":"Inject Mutagens","damage_taken":0,"relics_obtained":["MutagenicStrength"],"max_hp_gain":0,"max_hp_loss":0,"event_name":"Drug Dealer","floor":22,"gold_loss":0},{"damage_healed":0,"gold_gain":90,"player_choice":"CARD CARD GOLD CARD CARD CARD ","damage_taken":52,"max_hp_gain":0,"max_hp_loss":0,"event_name":"Knowing Skull","floor":28,"potions_obtained":[],"gold_loss":0,"cards_obtained":["Swift Strike","Good Instincts","Impatience","Mind Blast","Finesse"]},{"damage_healed":0,"gold_gain":0,"player_choice":"Obtained Book","damage_taken":16,"max_hp_gain":0,"max_hp_loss":0,"event_name":"Cursed Tome","floor":31,"gold_loss":0},{"damage_healed":0,"gold_gain":0,"player_choice":"Ignored","damage_taken":0,"max_hp_gain":0,"max_hp_loss":0,"event_name":"NoteForYourself","floor":37,"gold_loss":0},{"damage_healed":0,"gold_gain":0,"player_choice":"Embrace Madness","damage_taken":10,"max_hp_gain":0,"max_hp_loss":0,"event_name":"Winding Halls","floor":45,"gold_loss":0,"cards_obtained":["Madness","Madness"]}],"is_beta":false,"boss_relics":[{"not_picked":["Fusion Hammer","Coffee Dripper"],"picked":"Tiny House"},{"not_picked":["Velvet Choker","Runic Pyramid"],"picked":"Calling Bell"}],"items_purged_floors":[],"is_endless":false,"potions_floor_spawned":[5,8,14,20,24,33,36,40,46],"ascension_level":0}}