{"host":"wq5h7jomr5a1xww7","time":1613145494,"event":{"mods":["BaseMod","Beaked The Cultist","Highlight Path","Minty Spire (QoL Compilation)","Relic Stats","StSLib"],"gold_per_floor":[110,126,146,146,146,177,177,212,212,226,245,289,289,110,110,239,239,263,248,248,163,163,163,163,163],"floor_reached":24,"language":"ENG","playtime":1168,"items_purged":["beaked:Strike_Y"],"score":250,"play_id":"c277e598-0036-490e-a677-77c5c842148a","local_time":"20210212095814","is_ascension_mode":true,"campfire_choices":[{"data":"beaked:Molting","floor":7.0,"key":"SMITH"},{"data":"beaked:WarriorSpirit","floor":13.0,"key":"SMITH"},{"data":"beaked:CursingBlood","floor":15.0,"key":"SMITH"},{"data":"RitualDagger","floor":23,"key":"SMITH"}],"circlet_count":0,"master_deck":["beaked:Strike_Y+1","beaked:Strike_Y","beaked:Strike_Y","beaked:Strike_Y","beaked:Strike_Y","beaked:Defend_Y","beaked:Defend_Y","beaked:Defend_Y","beaked:Defend_Y","beaked:Ceremony","beaked:Ceremony","beaked:Ceremony","beaked:Molting+1","beaked:Insight","beaked:WindBringer","beaked:StickSmack","beaked:WarriorSpirit+1","beaked:CursingBlood+1","beaked:WarriorEssence","beaked:MachineEssence","beaked:Foresight","beaked:HuntressEssence+1","RitualDagger+1"],"relics":["beaked:MendingPlumage","Golden Idol","Boot","Pear","Omamori","Regal Pillow","beaked:SacrificeDoll","Art of War"],"acts_visited":["Exordium","TheCity"],"potions_floor_usage":[18,24,24,24,24,24,24],"damage_taken":[{"damage":8.0,"enemies":"2 Louse","floor":1.0,"turns":5.0},{"damage":0.0,"enemies":"Small Slimes","floor":2.0,"turns":3.0},{"damage":9.0,"enemies":"Jaw Worm","floor":3.0,"turns":5.0},{"damage":19.0,"enemies":"Lagavulin","floor":6.0,"turns":7.0},{"damage":35.0,"enemies":"3 Sentries","floor":8.0,"turns":7.0},{"damage":15.0,"enemies":"Large Slime","floor":10.0,"turns":14.0},{"damage":7.0,"enemies":"Looter","floor":11.0,"turns":4.0},{"damage":16.0,"enemies":"Lagavulin","floor":12.0,"turns":7.0},{"damage":8.0,"enemies":"Hexaghost","floor":16.0,"turns":9.0},{"damage":21,"enemies":"3 Byrds","floor":18,"turns":4},{"damage":26,"enemies":"2 Thieves","floor":19,"turns":5},{"damage":84,"enemies":"Slavers","floor":24,"turns":4}],"seed_played":"-5050886533203831418","potions_obtained":[{"floor":2.0,"key":"Energy Potion"},{"floor":3.0,"key":"LiquidMemories"},{"floor":6.0,"key":"LiquidBronze"},{"floor":10.0,"key":"beaked:MendingBrew"},{"floor":12.0,"key":"EntropicBrew"},{"floor":19,"key":"Energy Potion"}],"is_trial":false,"path_per_floor":["M","M","M","?","?","E","R","E","T","M","M","E","R","$","R","B",null,"M","M","?","?","?","R","E"],"character_chosen":"BEAKED_THE_CULTIST","items_purchased":["beaked:CursingBlood","beaked:WarriorEssence"],"campfire_rested":0,"item_purchase_floors":[14,14],"current_hp_per_floor":[50,50,50,55,42,39,39,32,32,54,58,61,61,61,61,65,65,54,47,41,41,41,41,0,0],"gold":163,"neow_bonus":"UPGRADE_CARD","is_daily":false,"chose_seed":false,"campfire_upgraded":4,"win_rate":0.0,"timestamp":1613145494,"path_taken":["M","M","M","?","?","E","R","E","T","M","M","E","R","?","R","BOSS","M","M","?","?","?","R","E"],"items_purchased_type":["Card","Card"],"build_version":"2020-12-22","purchased_purges":1,"victory":false,"max_hp_per_floor":[50,50,50,55,55,55,55,65,65,65,65,65,65,65,65,65,65,65,65,65,65,65,65,65,65],"relic_stats":{"Regal Pillow":0,"counters":[12,74],"Golden Idol":63,"Art of War":[0],"Boot":[32],"obtain_stats":[{"Regal Pillow":12,"beaked:SacrificeDoll":17,"Pear":8,"Golden Idol":5,"Omamori":9,"Art of War":21,"beaked:MendingPlumage":0,"Boot":6},{"Regal Pillow":8,"beaked:SacrificeDoll":9,"Pear":5,"Golden Idol":3,"Omamori":5,"Art of War":11,"beaked:MendingPlumage":0,"Boot":4},{"Regal Pillow":52,"beaked:SacrificeDoll":61,"Pear":27,"Golden Idol":13,"Omamori":27,"Art of War":70,"beaked:MendingPlumage":0,"Boot":20}]},"card_choices":[{"not_picked":["beaked:Cower","beaked:Evade"],"picked":"beaked:Molting","floor":1.0},{"not_picked":["beaked:FeelMyPain","beaked:MimicHuntress"],"picked":"beaked:Insight","floor":3.0},{"not_picked":["beaked:Daydream","beaked:WarriorSpirit"],"picked":"beaked:WindBringer","floor":10.0},{"not_picked":["beaked:Recite","beaked:SacrificialAttack"],"picked":"beaked:StickSmack","floor":11.0},{"not_picked":["beaked:Tweet","beaked:Poke"],"picked":"beaked:WarriorSpirit","floor":12.0},{"not_picked":["beaked:VolatileMisfortune","beaked:WildInstinct"],"picked":"beaked:MachineEssence","floor":16.0},{"not_picked":["beaked:SurvivalInstinct+1","beaked:Daydream"],"picked":"beaked:Foresight","floor":18},{"not_picked":["beaked:Tradeoff","beaked:MimicWarrior"],"picked":"beaked:HuntressEssence+1","floor":19}],"player_experience":95467,"relics_obtained":[{"floor":6.0,"key":"Boot"},{"floor":8.0,"key":"Pear"},{"floor":9.0,"key":"Omamori"},{"floor":12.0,"key":"Regal Pillow"}],"event_choices":[{"damage_healed":0.0,"max_hp_gain":5.0,"max_hp_loss":0.0,"gold_gain":0.0,"event_name":"Big Fish","player_choice":"Donut","floor":4.0,"gold_loss":0.0,"damage_taken":0.0},{"damage_healed":0.0,"max_hp_gain":0.0,"max_hp_loss":0.0,"gold_gain":0.0,"event_name":"Golden Idol","player_choice":"Take Damage","floor":5.0,"gold_loss":0.0,"damage_taken":13.0,"relics_obtained":["Golden Idol"]},{"damage_healed":0,"gold_gain":0,"player_choice":"Joined the Cult","damage_taken":6,"max_hp_gain":0,"max_hp_loss":0,"event_name":"Nest","floor":20,"gold_loss":0,"cards_obtained":["RitualDagger"]},{"damage_healed":0,"gold_gain":0,"player_choice":"Obtained Relic","damage_taken":0,"relics_obtained":["Art of War"],"max_hp_gain":0,"max_hp_loss":0,"event_name":"Addict","floor":21,"gold_loss":85},{"damage_healed":0,"gold_gain":0,"player_choice":"Ignored","damage_taken":0,"max_hp_gain":0,"max_hp_loss":0,"event_name":"Ghosts","floor":22,"gold_loss":0}],"is_beta":false,"boss_relics":[{"not_picked":["beaked:FlawlessSticks","Astrolabe"],"picked":"beaked:SacrificeDoll"}],"items_purged_floors":[14],"is_endless":false,"potions_floor_spawned":[2,3,6,10,12,16,19],"killed_by":"Slavers","ascension_level":1}}