{"host":"Sylvester","time":1613097966,"event":{"mods":["AchievementEnabler","BaseMod","Filter the Spire","Lobotomy","Minty Spire (QoL Compilation)","Replay The Spire","StSLib"],"gold_per_floor":[110,130,130,143,156,182,182,207,207,225,252,267,281,293,293,293,293],"floor_reached":16,"language":"ENG","playtime":710,"items_purged":[],"score":252,"play_id":"888d9c30-24b4-4945-9551-c8946e8c8854","local_time":"20210211184606","is_ascension_mode":true,"campfire_choices":[{"data":"Bash","floor":7,"key":"SMITH"},{"data":"Inflame","floor":15,"key":"SMITH"}],"circlet_count":0,"master_deck":["AscendersBane","Strike_R","Strike_R","Strike_R","Strike_R","Strike_R","Defend_R","Defend_R","Defend_R","Defend_R","Bash+1","Twin Strike","Delirium","Hemokinesis","Reaper","Spot Weakness","Cleave","ReplayTheSpireMod:Limb From Limb","Inflame+1","Hemokinesis","Hemogenesis+1"],"relics":["ChewingGum","Ring of Misfortune","ReplayTheSpireMod:Ring of Addiction","Toy Ornithopter","White Beast Statue","Replay:Wax Seal","Golden Egg","Mirror","Bottled Flame"],"acts_visited":["Exordium"],"potions_floor_usage":[4,5,6,8,10,11,12,13,16],"damage_taken":[{"damage":2,"enemies":"2 Louse","floor":1,"turns":2},{"damage":5,"enemies":"Small Slimes","floor":2,"turns":4},{"damage":0,"enemies":"Cultist","floor":4,"turns":3},{"damage":18,"enemies":"Exordium Thugs","floor":5,"turns":4},{"damage":9,"enemies":"3 Sentries","floor":6,"turns":12},{"damage":4,"enemies":"Gremlin Nob","floor":8,"turns":3},{"damage":0,"enemies":"Red Slaver","floor":10,"turns":1},{"damage":30,"enemies":"Lagavulin","floor":11,"turns":5},{"damage":6,"enemies":"Large Slime","floor":12,"turns":5},{"damage":0,"enemies":"Looter","floor":13,"turns":1},{"damage":14,"enemies":"Exordium Wildlife","floor":14,"turns":2},{"damage":161,"enemies":"The Guardian","floor":16,"turns":4}],"seed_played":"-4667965392704226684","potions_obtained":[{"floor":2,"key":"Regen Potion"},{"floor":3,"key":"PowerPotion"},{"floor":4,"key":"BloodPotion"},{"floor":5,"key":"Venom Potion"},{"floor":6,"key":"Adrenaline Potion"},{"floor":8,"key":"BlessingOfTheForge"},{"floor":10,"key":"Adrenaline Potion"},{"floor":11,"key":"Toxic Potion"},{"floor":12,"key":"SneckoOil"},{"floor":13,"key":"Weak Potion"}],"is_trial":false,"path_per_floor":["M","M","?","M","M","E","R","E","T","M","E","M","M","M","R","B"],"character_chosen":"IRONCLAD","items_purchased":[],"campfire_rested":0,"item_purchase_floors":[],"current_hp_per_floor":[66,61,61,75,75,68,68,75,75,75,55,64,69,55,55,0,0],"gold":293,"neow_bonus":"BOSS_RELIC","is_daily":false,"chose_seed":false,"campfire_upgraded":2,"win_rate":0.0,"timestamp":1613097966,"path_taken":["M","M","?","M","M","E","R","E","T","M","E","M","M","M","R","BOSS"],"items_purchased_type":[],"build_version":"2020-11-17","purchased_purges":0,"victory":false,"max_hp_per_floor":[75,75,75,75,75,75,75,75,75,75,75,75,75,75,75,75,75],"card_choices":[{"not_picked":["Wild Strike","Anger","Havoc"],"picked":"SKIP","floor":1},{"not_picked":["Searing Blow","Replay:Undeath\u0027s Touch"],"picked":"Twin Strike","floor":2},{"not_picked":["Sever Soul","Body Slam"],"picked":"Hemokinesis","floor":4},{"not_picked":["Second Wind","Pommel Strike"],"picked":"Reaper","floor":5},{"not_picked":["Anger","ReplayTheSpireMod:Strike From Hell"],"picked":"Spot Weakness","floor":6},{"not_picked":["Clash","Entrench"],"picked":"Cleave","floor":8},{"not_picked":["Pommel Strike","Cleave"],"picked":"ReplayTheSpireMod:Limb From Limb","floor":10},{"not_picked":["Reckless Charge","Iron Wave"],"picked":"Inflame","floor":11},{"not_picked":["Warcry","Perfected Strike"],"picked":"Hemokinesis","floor":12},{"not_picked":["True Grit","ReplayTheSpireMod:Strike From Hell","Abandon"],"picked":"SKIP","floor":13},{"not_picked":["Iron Wave","Clothesline"],"picked":"Hemogenesis","floor":14}],"player_experience":240990,"relics_obtained":[{"floor":3,"key":"Ring of Misfortune"},{"floor":3,"key":"ReplayTheSpireMod:Ring of Addiction"},{"floor":3,"key":"Toy Ornithopter"},{"floor":3,"key":"White Beast Statue"},{"floor":6,"key":"Replay:Wax Seal"},{"floor":8,"key":"Golden Egg"},{"floor":9,"key":"Mirror"},{"floor":11,"key":"Bottled Flame"}],"event_choices":[],"is_beta":true,"boss_relics":[],"items_purged_floors":[],"is_endless":false,"potions_floor_spawned":[2,4,5,6,8,10,11,12,13,14],"killed_by":"The Guardian","ascension_level":20}}