{"host":"xg4r5pv6chpuampg","time":1613144698,"event":{"mods":["AchievementEnabler","BaseMod","Googly Eyes","Minty Spire (QoL Compilation)"],"gold_per_floor":[110,110,42,65,65,65,81,81,105,105,136,136,150,166,166,297,297,317,317,46,67,67,120,120,150,150,118,118,118],"floor_reached":28,"language":"ENG","playtime":793,"items_purged":[],"score":261,"play_id":"9bc7dbf9-b387-4745-84be-a5dd48de4801","local_time":"20210212184458","is_ascension_mode":false,"campfire_choices":[{"floor":6,"key":"RECALL"},{"data":"Defragment","floor":8,"key":"SMITH"},{"data":"Dualcast","floor":10,"key":"SMITH"},{"floor":15,"key":"REST"},{"floor":24,"key":"REST"}],"circlet_count":0,"master_deck":["Strike_B","Strike_B","Strike_B","Strike_B","Defend_B","Defend_B","Defend_B","Defend_B","Zap","Dualcast+1","Doom and Gloom","Defragment+1","Rebound","Conserve Battery","Gash","Gash","Melter","Gash+1","Storm","Gash","Ball Lightning","Streamline","White Noise","Static Discharge"],"relics":["Cracked Core","NeowsBlessing","Golden Idol","Orichalcum","TungstenRod","Nuclear Battery","Blood Vial","CeramicFish"],"acts_visited":["Exordium","TheCity"],"potions_floor_usage":[28],"damage_taken":[{"damage":0,"enemies":"2 Louse","floor":1,"turns":1},{"damage":0,"enemies":"Small Slimes","floor":4,"turns":1},{"damage":0,"enemies":"Jaw Worm","floor":7,"turns":1},{"damage":22,"enemies":"3 Sentries","floor":11,"turns":5},{"damage":6,"enemies":"Gremlin Gang","floor":13,"turns":2},{"damage":17,"enemies":"Exordium Wildlife","floor":14,"turns":5},{"damage":14,"enemies":"Hexaghost","floor":16,"turns":8},{"damage":0,"enemies":"Spheric Guardian","floor":18,"turns":1},{"damage":3,"enemies":"Chosen","floor":21,"turns":4},{"damage":39,"enemies":"Book of Stabbing","floor":23,"turns":5},{"damage":26,"enemies":"Shelled Parasite and Fungi","floor":25,"turns":4},{"damage":20,"enemies":"Colosseum Slavers","floor":28,"turns":3},{"damage":39,"enemies":"Colosseum Nobs","floor":28,"turns":3}],"seed_played":"-2791232823437058473","potions_obtained":[{"floor":11,"key":"Energy Potion"},{"floor":13,"key":"EssenceOfDarkness"},{"floor":16,"key":"BlessingOfTheForge"}],"is_trial":false,"path_per_floor":["M","?","$","M","?","R","M","R","T","R","E","$","M","M","R","B",null,"M","?","$","M","?","E","R","M","T","$","?"],"character_chosen":"DEFECT","items_purchased":["Defragment","Storm","Gash","Blood Vial","Static Discharge"],"campfire_rested":2,"item_purchase_floors":[3,20,20,20,27],"current_hp_per_floor":[75,57,57,57,62,62,62,62,62,62,40,40,34,17,41,27,80,80,80,80,77,77,40,64,40,40,40,0,0],"gold":118,"neow_bonus":"THREE_ENEMY_KILL","is_daily":false,"chose_seed":false,"campfire_upgraded":2,"win_rate":0.0,"timestamp":1613144698,"path_taken":["M","?","$","M","?","R","M","R","T","R","E","$","M","M","R","BOSS","M","?","$","M","?","E","R","?","T","$","?"],"items_purchased_type":["Card","Card","Card","Relic","Card"],"build_version":"2020-12-22","purchased_purges":0,"victory":false,"max_hp_per_floor":[75,75,75,75,80,80,80,80,80,80,80,80,80,80,80,80,80,80,80,80,80,80,80,80,80,80,80,80,80],"card_choices":[{"not_picked":["Redo","Turbo"],"picked":"Doom and Gloom","floor":1},{"not_picked":["Fusion","Auto Shields"],"picked":"Rebound","floor":4},{"not_picked":["Sweeping Beam","FTL"],"picked":"Conserve Battery","floor":7},{"not_picked":["Sweeping Beam","Fission"],"picked":"Gash","floor":11},{"not_picked":["Darkness","Beam Cell"],"picked":"Gash","floor":13},{"not_picked":["Scrape","Hologram"],"picked":"Melter","floor":14},{"not_picked":["Rip and Tear","Compile Driver"],"picked":"Gash+1","floor":18},{"not_picked":["Compile Driver+1","Defragment+1"],"picked":"Ball Lightning","floor":21},{"not_picked":["Leap","Beam Cell"],"picked":"Streamline","floor":23},{"not_picked":["Auto Shields+1","Streamline"],"picked":"White Noise","floor":25}],"player_experience":115517,"relics_obtained":[{"floor":9,"key":"Orichalcum"},{"floor":11,"key":"TungstenRod"},{"floor":23,"key":"CeramicFish"}],"event_choices":[{"damage_healed":0,"gold_gain":0,"player_choice":"Take Damage","damage_taken":18,"relics_obtained":["Golden Idol"],"max_hp_gain":0,"max_hp_loss":0,"event_name":"Golden Idol","floor":2,"gold_loss":0},{"damage_healed":0,"gold_gain":0,"player_choice":"Donut","damage_taken":0,"max_hp_gain":5,"max_hp_loss":0,"event_name":"Big Fish","floor":5,"gold_loss":0},{"damage_healed":0,"gold_gain":0,"player_choice":"Ignored","damage_taken":0,"max_hp_gain":0,"max_hp_loss":0,"event_name":"Beggar","floor":19,"gold_loss":0},{"damage_healed":0,"gold_gain":0,"player_choice":"Bought 0 Potions","damage_taken":0,"max_hp_gain":0,"max_hp_loss":0,"event_name":"The Woman in Blue","floor":22,"gold_loss":0},{"damage_healed":0,"gold_gain":0,"player_choice":"Fight","damage_taken":0,"max_hp_gain":0,"max_hp_loss":0,"event_name":"Colosseum","floor":28,"gold_loss":0},{"damage_healed":0,"gold_gain":0,"player_choice":"Fought Nobs","damage_taken":0,"max_hp_gain":0,"max_hp_loss":0,"event_name":"Colosseum","floor":28,"gold_loss":0}],"is_beta":false,"boss_relics":[{"not_picked":["Cursed Key","Coffee Dripper"],"picked":"Nuclear Battery"}],"items_purged_floors":[],"is_endless":false,"potions_floor_spawned":[11,13,16,23,25],"killed_by":"Colosseum Nobs","ascension_level":0}}