{"host":"0z6rphzwk0r7ki52","time":1613173413,"event":{"mods":["BaseMod","DeckTracker","Downfall","Minty Spire (QoL Compilation)","Rare Cards Sparkle","StSLib","Waifu the Spire"],"gold_per_floor":[99,99,99,99,13,45,71,87,87,101,136,147,164,180,199,199,199,199],"floor_reached":16,"language":"ENG","playtime":1004,"items_purged":[],"score":118,"play_id":"ee6fde30-b6dd-40db-aa47-2c29a8eae541","local_time":"20210212184333","is_ascension_mode":true,"campfire_choices":[{"data":"Guardian:TwinSlam","floor":1,"key":"SMITH"},{"data":"Guardian:Suspension","floor":9,"key":"SMITH"}],"circlet_count":0,"master_deck":["Guardian:Strike_Guardian","Guardian:Strike_Guardian","Guardian:Strike_Guardian","Guardian:Strike_Guardian","Guardian:Defend_Guardian","Guardian:Defend_Guardian","Guardian:Defend_Guardian","Guardian:Defend_Guardian","Guardian:CurlUp","Guardian:TwinSlam+1","Guardian:Incinerate","Guardian:ShieldCharger","Guardian:ChargeCore","Guardian:TimeCapacitor","Guardian:Suspension+1","Guardian:PrismaticBeam","Guardian:Planning","Guardian:TemporalStrike","Guardian:Gem_Red","Guardian:CrystalBeam","Guardian:TemporalShield","Guardian:Gem_Cyan","Guardian:ChargeCore"],"relics":["Guardian:ModeShifter","downfall:HeartsMalice","Meat on the Bone","HornCleat"],"acts_visited":["Exordium"],"potions_floor_usage":[15,16,16],"damage_taken":[{"damage":0,"enemies":"Small Slimes","floor":2,"turns":1},{"damage":0,"enemies":"Cultist","floor":3,"turns":1},{"damage":0,"enemies":"downfall:FleeingMerchant","floor":5,"turns":1},{"damage":14,"enemies":"Lagavulin","floor":6,"turns":10},{"damage":6,"enemies":"Jaw Worm","floor":8,"turns":4},{"damage":0,"enemies":"Large Slime","floor":10,"turns":5},{"damage":26,"enemies":"3 Sentries","floor":11,"turns":9},{"damage":8,"enemies":"Lots of Slimes","floor":12,"turns":5},{"damage":11,"enemies":"Red Slaver","floor":13,"turns":4},{"damage":9,"enemies":"2 Fungi Beasts","floor":14,"turns":4},{"damage":12,"enemies":"Gremlin Gang","floor":15,"turns":7},{"damage":58,"enemies":"IC_STATUS_ARCHETYPE","floor":16,"turns":18}],"seed_played":"-8439389536623098066","potions_obtained":[{"floor":4,"key":"LiquidMemories"},{"floor":4,"key":"SpeedPotion"},{"floor":4,"key":"Dexterity Potion"},{"floor":6,"key":"DuplicationPotion"},{"floor":15,"key":"Regen Potion"}],"is_trial":false,"path_per_floor":["R","M","M","?","$","E","T","M","R","M","E","M","M","M","M","B"],"character_chosen":"GUARDIAN","items_purchased":["Guardian:TimeCapacitor","Guardian:Suspension"],"campfire_rested":0,"item_purchase_floors":[5,5],"current_hp_per_floor":[80,80,80,80,80,66,66,60,60,60,46,50,51,42,42,0,0,0],"gold":199,"neow_bonus":"THREE_ENEMY_KILL","is_daily":false,"chose_seed":false,"campfire_upgraded":2,"win_rate":0.0,"timestamp":1613173413,"path_taken":["R","M","M","?","$","E","T","M","R","M","E","M","?","M","M","BOSS"],"items_purchased_type":["Card","Card"],"build_version":"2020-12-22","purchased_purges":0,"victory":false,"max_hp_per_floor":[80,80,80,80,80,80,80,80,80,80,80,80,80,80,80,80,80,80],"card_choices":[{"not_picked":["Guardian:Gem_Lightblue","Guardian:ArmoredProtocol"],"picked":"Guardian:Incinerate","floor":2},{"not_picked":["Guardian:PiercingHide","Guardian:Gem_Red"],"picked":"Guardian:ShieldCharger","floor":3},{"not_picked":["Guardian:RollAttack","Guardian:FloatingOrbs"],"picked":"Guardian:ChargeCore","floor":5},{"not_picked":["Guardian:Gem_Fragmented","Guardian:Gem_Red"],"picked":"Guardian:PrismaticBeam","floor":6},{"not_picked":["Guardian:RollAttack","Guardian:Gem_Cyan"],"picked":"Guardian:Planning","floor":8},{"not_picked":["Guardian:HyperBeam_Guardian","Guardian:Gem_Cyan"],"picked":"Guardian:TemporalStrike","floor":10},{"not_picked":["Guardian:Gem_Synthetic","Guardian:PrimingBeam"],"picked":"Guardian:Gem_Red","floor":11},{"not_picked":["Guardian:Gem_Red","Guardian:WalkerClaw"],"picked":"Guardian:CrystalBeam","floor":12},{"not_picked":["Guardian:Gem_Green","Guardian:Incinerate"],"picked":"Guardian:TemporalShield","floor":13},{"not_picked":["Guardian:RollAttack","Guardian:Planning"],"picked":"Guardian:Gem_Cyan","floor":14},{"not_picked":["Guardian:AncientConstruct","Guardian:Gem_Fragmented"],"picked":"Guardian:ChargeCore","floor":15}],"player_experience":403863,"relics_obtained":[{"floor":6,"key":"Meat on the Bone"},{"floor":11,"key":"HornCleat"}],"event_choices":[{"damage_healed":0,"gold_gain":0,"player_choice":"Got Potions","damage_taken":0,"max_hp_gain":0,"max_hp_loss":0,"event_name":"Lab","floor":4,"gold_loss":0}],"is_beta":false,"boss_relics":[],"items_purged_floors":[],"is_endless":false,"potions_floor_spawned":[6,8,12,15],"killed_by":"IC_STATUS_ARCHETYPE","ascension_level":1}}