{"host":"d52brwsy6af8zvaq","time":1613150506,"event":{"mods":["AchievementEnabler","BaseMod","Bestiary","Highlight Path","Minty Spire (QoL Compilation)","Quick Restart","Relic Stats","ojb\u0027s Better Paths Mod"],"gold_per_floor":[112,112,127,140,60,60,98,98,98,17,46,102,102,141,141,141,141],"floor_reached":16,"language":"ENG","playtime":433,"items_purged":[],"score":216,"play_id":"574a943d-3d7e-4f13-af6e-38607a753824","local_time":"20210212102146","is_ascension_mode":true,"campfire_choices":[{"data":"Sunder","floor":6,"key":"SMITH"},{"floor":8,"key":"REST"},{"data":"Defragment","floor":13,"key":"SMITH"},{"floor":15,"key":"DIG"}],"circlet_count":0,"master_deck":["AscendersBane","Strike_B","Strike_B","Strike_B","Strike_B","Defend_B","Defend_B","Defend_B","Defend_B","Zap","Dualcast","Enlightenment","Ball Lightning","Static Discharge","Compile Driver","Sunder+1","Defragment+1","Glacier","BootSequence","Leap"],"relics":["Cracked Core","Ornamental Fan","CeramicFish","Potion Belt","Shovel","Turnip"],"acts_visited":["Exordium"],"potions_floor_usage":[14],"damage_taken":[{"damage":0.0,"enemies":"Jaw Worm","floor":1.0,"turns":3.0},{"damage":0.0,"enemies":"Cultist","floor":3.0,"turns":3.0},{"damage":14.0,"enemies":"Small Slimes","floor":4.0,"turns":3.0},{"damage":35,"enemies":"3 Sentries","floor":7,"turns":6},{"damage":1,"enemies":"Exordium Wildlife","floor":11,"turns":3},{"damage":10,"enemies":"Gremlin Nob","floor":14,"turns":3},{"damage":33,"enemies":"Slime Boss","floor":16,"turns":7}],"seed_played":"-1030354197751736015","potions_obtained":[{"floor":1.0,"key":"Dexterity Potion"},{"floor":3.0,"key":"Weak Potion"}],"is_trial":false,"path_per_floor":["M","?","M","M","$","R","E","R","T","$","M","?","R","E","R","B"],"character_chosen":"DEFECT","items_purchased":["Sunder","Glacier"],"campfire_rested":1,"item_purchase_floors":[5,10],"current_hp_per_floor":[64,64,64,50,50,50,15,36,36,36,35,35,35,25,25,0,0],"gold":141,"neow_bonus":"RANDOM_COLORLESS","is_daily":false,"chose_seed":false,"campfire_upgraded":2,"win_rate":0.0,"timestamp":1613150506,"path_taken":["M","?","M","M","$","R","E","R","T","$","?","?","R","E","R","BOSS"],"items_purchased_type":["Card","Card"],"build_version":"2020-12-22","purchased_purges":0,"victory":false,"max_hp_per_floor":[71,71,71,71,71,71,71,71,71,71,71,71,71,71,71,71,71],"relic_stats":{"Shovel":1,"counters":[7,28],"Ornamental Fan":[4],"CeramicFish":36,"Turnip":[3],"obtain_stats":[{"Potion Belt":9,"Shovel":14,"Ornamental Fan":2,"CeramicFish":7,"Turnip":15,"Cracked Core":0},{"Potion Belt":4,"Shovel":6,"Ornamental Fan":1,"CeramicFish":4,"Turnip":6,"Cracked Core":0},{"Potion Belt":15,"Shovel":21,"Ornamental Fan":3,"CeramicFish":15,"Turnip":21,"Cracked Core":0}]},"card_choices":[{"not_picked":["Finesse","Deep Breath"],"picked":"Enlightenment","floor":0.0},{"not_picked":["Sweeping Beam","Redo"],"picked":"Ball Lightning","floor":1.0},{"not_picked":["Rebound","Hologram"],"picked":"Static Discharge","floor":3.0},{"not_picked":["Gash","Stack"],"picked":"Compile Driver","floor":4.0},{"not_picked":["Leap","Compile Driver"],"picked":"Defragment","floor":7},{"not_picked":["Cold Snap","Steam"],"picked":"BootSequence","floor":11},{"not_picked":["Rip and Tear","Cold Snap"],"picked":"Leap","floor":14}],"player_experience":2239378,"relics_obtained":[{"floor":7,"key":"CeramicFish"},{"floor":9,"key":"Potion Belt"},{"floor":14,"key":"Shovel"},{"floor":15,"key":"Turnip"}],"event_choices":[{"damage_healed":0.0,"max_hp_gain":0.0,"max_hp_loss":0.0,"gold_gain":0.0,"event_name":"WeMeetAgain","player_choice":"Gave Potion","floor":2.0,"gold_loss":0.0,"damage_taken":0.0,"relics_obtained":["Ornamental Fan"]},{"damage_healed":0,"gold_gain":56,"player_choice":"Gained Gold","damage_taken":0,"max_hp_gain":0,"max_hp_loss":0,"event_name":"Golden Wing","floor":12,"gold_loss":0}],"is_beta":false,"boss_relics":[],"items_purged_floors":[],"is_endless":false,"potions_floor_spawned":[1,3],"killed_by":"Slime Boss","ascension_level":20}}