{"host":"3pyrf848gr42tovh","time":1613116547,"event":{"mods":["Aspiration","BaseMod","Better Altar","Better Match","Better Note","Better Sensory Stone","Better Skull","Better Third Choice","BetterRewards","Colored Map","Conspire","Curses Come First","Displayed Cursed Tome","Hubris","Infinite Spire","Marisa????????","Minty Spire (QoL Compilation)","Quick Restart","Relic Sorter","Relic Stats","Remilia??????","Replay The Spire","StSLib","Td1madao Mod","The Administrix","The Animator","The Cursed","The Hierophant","The Jungle","The Necromancer","The Servant 0.9.4"],"gold_per_floor":[110,132,132,173,162,162,194,194,194,194,224,241,241,264,264,316,316,327,352,429,137,135,135,135,34,57,71,71,148,148,148,148,286,286,355,439,439,474,493,602,701,819,819,902,1061,1061,718,827,827,807,807,807,170,254,194],"floor_reached":56,"language":"ENG","playtime":3933,"items_purged":["hierophant:Strike_Hierophant","hierophant:Strike_Hierophant","hierophant:RustyCrate+1","hierophant:Strike_Hierophant","hierophant:Strike_Hierophant"],"score":1878,"play_id":"3380644e-8219-4b5a-bc09-f84aa495f080","local_time":"20210212095547","is_ascension_mode":true,"campfire_choices":[{"data":"hierophant:ChurchCoffers","floor":6,"key":"SMITH"},{"data":"hierophant:PassingBell","floor":8,"key":"SMITH"},{"floor":10,"key":"REST"},{"data":"hierophant:CursedGold","floor":15,"key":"SMITH"},{"data":"hierophant:Charity","floor":23,"key":"SMITH"},{"floor":28,"key":"REST"},{"data":"hierophant:Doubloon","floor":32,"key":"SMITH"},{"data":"hierophant:PristineSoul","floor":46,"key":"SMITH"},{"floor":49,"key":"RECALL"},{"data":"hierophant:TollTheBells","floor":52,"key":"SMITH"}],"circlet_count":0,"master_deck":["hierophant:Punish","hierophant:Defend_Hierophant","hierophant:Defend_Hierophant","hierophant:Defend_Hierophant","hierophant:Defend_Hierophant","hierophant:ChurchCoffers+1","hierophant:Doubloon+1","hierophant:Doubloon+1","hierophant:CursedGold+1","hierophant:Doubloon+1","hierophant:Charity+1","hierophant:PassingBell+1","hierophant:Doubloon+1","hierophant:MintersHammer+1","hierophant:Doubloon+1","hierophant:OrnateBuckler+1","hierophant:Repentance+1","hierophant:OrnateJavelin+1","Flash of Steel+1","hierophant:Doubloon+1","hierophant:Doubloon+1","hierophant:Doubloon+1","hierophant:Refuge+1","hierophant:RustyCrate+1","hierophant:Doubloon+1","hierophant:Doubloon+1","hierophant:Cornucopia+1","hierophant:TollTheBells+1","hierophant:Doubloon+1","hierophant:Refuge+1","hierophant:Doubloon+1","hierophant:Doubloon+1","hierophant:Dazzle","hierophant:Doubloon+1","hierophant:Doubloon+1","hierophant:Remorse","hierophant:Repentance+1","hierophant:PristineSoul+1","hierophant:Refuge+1","hierophant:Doubloon+1","Replay:Sssssssssshield+1"],"relics":["hierophant:PropheticMaskRelic","hubris:DeckOfHolding","hubris:Reverence","Calipers","conspire:GlowingRock","Juzu Bracelet","Tiny Chest","StoneCalendar","Golden Egg","Bird Faced Urn","Medical Kit","Golden Idol","Replay:Rubber Ducky","Happy Flower","Strawberry","Gremlin Horn","conspire:RunicOctahedron","Smiling Mask","aspiration:SeaSaltIceCream","hubris:BundleOfHerbs","hubris:SlimyHat","aspiration:HiddenCompartment","SacredBark","hubris:CuriousFeather","hubris:CrystalStatue","infinitespire:PuzzleCube","Centennial Puzzle","Lantern","Blue Doll","Replay:Towering Pillar of Hats","ClockworkSouvenir","infinitespire:BottledMercury","Replay:Bottled Steam"],"acts_visited":["Exordium","TheCity","TheBeyond","TheEnding"],"potions_floor_usage":[4,11,11,16,27,27,27,33,33,35,39,45,48,55,55,55],"damage_taken":[{"damage":11,"enemies":"Cultist","floor":1,"turns":4},{"damage":2,"enemies":"conspire:RoseBush","floor":2,"turns":4},{"damage":7,"enemies":"Small Slimes","floor":4,"turns":2},{"damage":7,"enemies":"Looter","floor":5,"turns":3},{"damage":22,"enemies":"Replay:BlueRogue","floor":7,"turns":5},{"damage":0,"enemies":"Gremlin Nob","floor":11,"turns":3},{"damage":8,"enemies":"Exordium Thugs","floor":12,"turns":4},{"damage":14,"enemies":"3 Sentries","floor":14,"turns":6},{"damage":27,"enemies":"Slime Boss","floor":16,"turns":5},{"damage":21,"enemies":"2 Thieves","floor":18,"turns":3},{"damage":20,"enemies":"Shell Parasite","floor":22,"turns":3},{"damage":35,"enemies":"Snecko","floor":27,"turns":5},{"damage":0,"enemies":"conspire:SneckoGhost","floor":29,"turns":5},{"damage":10,"enemies":"hubris:MusketHawk","floor":33,"turns":4},{"damage":0,"enemies":"3 Darklings","floor":35,"turns":1},{"damage":0,"enemies":"3 Shapes","floor":36,"turns":2},{"damage":0,"enemies":"Spire Growth","floor":39,"turns":2},{"damage":3,"enemies":"Reptomancer","floor":40,"turns":8},{"damage":0,"enemies":"conspire:MimicChest","floor":41,"turns":6},{"damage":0,"enemies":"R_Hoarder","floor":42,"turns":5},{"damage":0,"enemies":"Nightmare","floor":44,"turns":4},{"damage":0,"enemies":"4 Shapes","floor":45,"turns":2},{"damage":0,"enemies":"2 Orb Walkers","floor":48,"turns":2},{"damage":0,"enemies":"conspire:OrnateMirror","floor":50,"turns":6},{"damage":0,"enemies":"Shield and Spear","floor":54,"turns":4},{"damage":0,"enemies":"The Heart","floor":55,"turns":5}],"seed_played":"5101320308944893212","potions_obtained":[{"floor":2,"key":"SkillPotion"},{"floor":4,"key":"DistilledChaos"},{"floor":7,"key":"Adrenaline Potion"},{"floor":14,"key":"SteroidPotion"},{"floor":22,"key":"PowerPotion"},{"floor":24,"key":"EntropicBrew"},{"floor":24,"key":"Fire Potion"},{"floor":29,"key":"Energy Potion"},{"floor":33,"key":"DistilledChaos"},{"floor":42,"key":"SpeedPotion"},{"floor":44,"key":"Weak Potion"},{"floor":45,"key":"LiquidMemories"}],"is_trial":false,"path_per_floor":["M","M","?","M","M","R","E","R","T","R","E","M","?","E","R","B",null,"M","T","T","$","M","R","?","$","T","M","R","E","?","?","R","B",null,"M","M","T","?","M","E","?","E","T","NM","M","R","$","?","R","B",null,"R","$","E","B",null],"character_chosen":"HIEROPHANT","items_purchased":["Calipers","Juzu Bracelet","Tiny Chest","Golden Egg","Medical Kit","hierophant:OrnateBuckler","hierophant:Repentance","hierophant:OrnateJavelin","Flash of Steel","hierophant:RustyCrate","PowerPotion","Swift Potion","ColorlessPotion","Blue Doll","hierophant:Refuge+1","ClockworkSouvenir","infinitespire:BottledMercury","PowerPotion","Replay:Sssssssssshield"],"campfire_rested":2,"item_purchase_floors":[0,0,0,0,0,21,21,21,21,25,47,47,47,47,53,53,53,53,53],"current_hp_per_floor":[64,62,44,37,34,34,16,16,16,38,42,38,45,35,35,12,82,61,61,61,61,45,45,45,45,45,16,40,52,60,51,51,47,82,82,82,82,50,58,63,71,81,81,82,82,82,82,82,82,82,82,82,82,82,82],"gold":194,"neow_bonus":"","is_daily":false,"chose_seed":false,"campfire_upgraded":7,"win_rate":0.0,"timestamp":1613116547,"path_taken":["M","M","?","M","M","R","E","R","T","R","E","M","?","E","R","BOSS","M","?","?","$","M","R","?","$","T","M","R","E","?","?","R","BOSS","M","M","?","?","M","E","?","E","T","NM","M","R","$","?","R","BOSS","R","$","E","BOSS"],"items_purchased_type":["Relic","Relic","Relic","Relic","Relic","Card","Card","Card","Card","Card","Potion","Potion","Potion","Relic","Card","Relic","Relic","Potion","Card"],"build_version":"2020-12-22","purchased_purges":5,"victory":true,"max_hp_per_floor":[75,75,75,75,75,75,75,75,75,75,75,75,82,82,82,82,82,82,82,82,82,82,82,82,82,82,82,82,82,82,82,82,82,82,82,82,82,82,82,82,82,82,82,82,82,82,82,82,82,82,82,82,82,82,82],"relic_stats":{"Centennial Puzzle":[0],"Happy Flower":[27],"Gremlin Horn":[15,15],"counters":[247,1028],"Golden Idol":225,"Bird Faced Urn":[81],"Tiny Chest":2,"StoneCalendar":[181],"Juzu Bracelet":3,"Medical Kit":[156],"Smiling Mask":350,"obtain_stats":[{"Golden Egg":0,"infinitespire:BottledMercury":53,"hubris:CrystalStatue":0,"Calipers":0,"Gremlin Horn":14,"Spirit Poop":20,"Lizard Tail":41,"conspire:GlowingRock":0,"Centennial Puzzle":42,"Strawberry":9,"conspire:DecoderRing":54,"hubris:DeckOfHolding":37,"Fusion Hammer":17,"Replay:Wax Seal":48,"Replay:Bottled Steam":54,"hubris:DuctTape":26,"Happy Flower":11,"Pen Nib":54,"infinitespire:Magic Flask":43,"aspiration:SeaSaltIceCream":20,"War Paint":44,"aspiration:HiddenCompartment":29,"SlaversCollar":34,"Replay:Baseball":0,"Bird Faced Urn":0,"Molten Egg 2":43,"hubris:ToyBattleship":6,"theJungle:WildStrawberry":29,"CatCart":46,"infinitespire:PuzzleCube":41,"Meat on the Bone":42,"hubris:Reverence":44,"Regal Pillow":25,"Lantern":40,"hierophant:PropheticMaskRelic":0,"SacredBark":34,"StoneCalendar":0,"Blue Doll":47,"hubris:SlimyHat":28,"Juzu Bracelet":0,"Smiling Mask":19,"ClockworkSouvenir":38,"Replay:Rubber Ducky":7,"infinitespire:Bottled Soul":25,"Gambling Chip":23,"Tiny Chest":0,"hubris:CuriousFeather":38,"aspiration:FutureDiary":34,"InkBottle":26,"Replay:Towering Pillar of Hats":48,"hubris:64BitClover":0,"infinitespire:CursedDice":39,"Golden Idol":3,"Quantum Egg":8,"conspire:RunicOctahedron":17,"hubris:MedicalManual":13,"theJungle:SpiritDisease":19,"vexMod:FocusSash":53,"infinitespire:CheckeredPen":18,"Frozen Egg 2":37,"Medical Kit":0,"Bloody Idol":22,"Orrery":19,"infinitespire:Satchel":3,"hubris:BundleOfHerbs":20},{"Golden Egg":221,"infinitespire:BottledMercury":245,"hubris:CrystalStatue":194,"Calipers":221,"Gremlin Horn":229,"Spirit Poop":204,"Lizard Tail":187,"conspire:GlowingRock":221,"Centennial Puzzle":241,"Strawberry":174,"conspire:DecoderRing":220,"hubris:DeckOfHolding":237,"Fusion Hammer":177,"Replay:Wax Seal":191,"Replay:Bottled Steam":246,"hubris:DuctTape":180,"Happy Flower":227,"Pen Nib":193,"infinitespire:Magic Flask":216,"aspiration:SeaSaltIceCream":231,"War Paint":188,"aspiration:HiddenCompartment":234,"SlaversCollar":183,"Replay:Baseball":194,"Bird Faced Urn":221,"Molten Egg 2":187,"hubris:ToyBattleship":198,"theJungle:WildStrawberry":207,"CatCart":189,"infinitespire:PuzzleCube":240,"Meat on the Bone":216,"hubris:Reverence":242,"Regal Pillow":180,"Lantern":214,"hierophant:PropheticMaskRelic":0,"SacredBark":235,"StoneCalendar":194,"Blue Doll":243,"hubris:SlimyHat":180,"Juzu Bracelet":221,"Smiling Mask":231,"ClockworkSouvenir":212,"Replay:Rubber Ducky":226,"infinitespire:Bottled Soul":206,"Gambling Chip":179,"Tiny Chest":221,"hubris:CuriousFeather":237,"aspiration:FutureDiary":209,"InkBottle":206,"Replay:Towering Pillar of Hats":244,"hubris:64BitClover":194,"infinitespire:CursedDice":213,"Golden Idol":223,"Quantum Egg":199,"conspire:RunicOctahedron":230,"hubris:MedicalManual":201,"theJungle:SpiritDisease":204,"vexMod:FocusSash":192,"infinitespire:CheckeredPen":204,"Frozen Egg 2":212,"Medical Kit":194,"Bloody Idol":178,"Orrery":178,"infinitespire:Satchel":196,"hubris:BundleOfHerbs":231},{"Golden Egg":925,"infinitespire:BottledMercury":1019,"hubris:CrystalStatue":847,"Calipers":925,"Gremlin Horn":956,"Spirit Poop":875,"Lizard Tail":819,"conspire:GlowingRock":925,"Centennial Puzzle":1005,"Strawberry":769,"conspire:DecoderRing":919,"hubris:DeckOfHolding":984,"Fusion Hammer":784,"Replay:Wax Seal":834,"Replay:Bottled Steam":1023,"hubris:DuctTape":796,"Happy Flower":946,"Pen Nib":840,"infinitespire:Magic Flask":909,"aspiration:SeaSaltIceCream":964,"War Paint":822,"aspiration:HiddenCompartment":977,"SlaversCollar":807,"Replay:Baseball":847,"Bird Faced Urn":925,"Molten Egg 2":819,"hubris:ToyBattleship":856,"theJungle:WildStrawberry":883,"CatCart":824,"infinitespire:PuzzleCube":1000,"Meat on the Bone":909,"hubris:Reverence":1009,"Regal Pillow":796,"Lantern":901,"hierophant:PropheticMaskRelic":0,"SacredBark":981,"StoneCalendar":847,"Blue Doll":1011,"hubris:SlimyHat":796,"Juzu Bracelet":925,"Smiling Mask":964,"ClockworkSouvenir":896,"Replay:Rubber Ducky":943,"infinitespire:Bottled Soul":881,"Gambling Chip":792,"Tiny Chest":925,"hubris:CuriousFeather":984,"aspiration:FutureDiary":887,"InkBottle":881,"Replay:Towering Pillar of Hats":1013,"hubris:64BitClover":847,"infinitespire:CursedDice":898,"Golden Idol":933,"Quantum Egg":858,"conspire:RunicOctahedron":961,"hubris:MedicalManual":861,"theJungle:SpiritDisease":875,"vexMod:FocusSash":837,"infinitespire:CheckeredPen":875,"Frozen Egg 2":896,"Medical Kit":847,"Bloody Idol":788,"Orrery":788,"infinitespire:Satchel":851,"hubris:BundleOfHerbs":964}]},"card_choices":[{"not_picked":["hierophant:Doomsaying","hierophant:MirrorShield"],"picked":"hierophant:CoinFling","floor":1},{"not_picked":["hierophant:Encroach","hierophant:Dazzle"],"picked":"hierophant:CursedGold","floor":2},{"not_picked":["hierophant:ThreeLashes","hierophant:Cornucopia"],"picked":"hierophant:Charity","floor":4},{"not_picked":["hierophant:FlamingChariot","hierophant:Dazzle","hierophant:AuricShield"],"picked":"SKIP","floor":5},{"not_picked":["hierophant:OrnateBuckler","hierophant:FlamingChariot"],"picked":"hierophant:PassingBell","floor":7},{"not_picked":["hierophant:SolarFlare","hierophant:Bribe","hierophant:BulkyChest"],"picked":"SKIP","floor":11},{"not_picked":["hierophant:Remorse","hierophant:Encroach","hierophant:Sermon"],"picked":"SKIP","floor":12},{"not_picked":["hierophant:Embezzle","hierophant:Chorus"],"picked":"hierophant:Doubloon","floor":14},{"not_picked":["hierophant:LocustPlague","hierophant:WrathOfGod"],"picked":"hierophant:MintersHammer","floor":16},{"not_picked":["hierophant:MirrorShield","hierophant:Doomsaying"],"picked":"hierophant:Doubloon+1","floor":18},{"not_picked":["hierophant:SealAway","hierophant:HammerAndAnvil","hierophant:FieryStrike"],"picked":"SKIP","floor":22},{"not_picked":["hierophant:HolyVerse","hierophant:DisplayOfPower+1"],"picked":"hierophant:Refuge+1","floor":27},{"not_picked":["hierophant:HammerAndAnvil","hierophant:Chorus"],"picked":"hierophant:RustyCrate+1","floor":29},{"not_picked":["hierophant:LocustPlague","hierophant:Determination"],"picked":"hierophant:Cornucopia","floor":33},{"not_picked":["hierophant:Doubloon","hierophant:Purify"],"picked":"hierophant:TollTheBells","floor":35},{"not_picked":["hierophant:Purify+1","hierophant:HolyVerse+1"],"picked":"hierophant:Refuge+1","floor":36},{"not_picked":["hierophant:Purify+1","hierophant:Zeal+1"],"picked":"hierophant:Doubloon","floor":38},{"not_picked":["hierophant:ArchangelShield","hierophant:Encroach+1"],"picked":"hierophant:Dazzle","floor":39},{"not_picked":["hierophant:AuricForm","hierophant:SolarFlare"],"picked":"hierophant:Doubloon","floor":40},{"not_picked":["hierophant:FlamingChariot","hierophant:FieryStrike"],"picked":"hierophant:Remorse","floor":41},{"not_picked":["hierophant:Alms","hierophant:Batter"],"picked":"hierophant:Repentance+1","floor":42},{"not_picked":["hierophant:DisplayOfPower","hierophant:ThreeLashes+1","hierophant:PassingBell"],"picked":"SKIP","floor":44},{"not_picked":["hierophant:Encroach+1","hierophant:AuricBeam"],"picked":"hierophant:PristineSoul","floor":45},{"not_picked":["hierophant:Embezzle+1","hierophant:ThreeLashes+1","hierophant:Blessing"],"picked":"SKIP","floor":54}],"player_experience":112816,"relics_obtained":[{"floor":7,"key":"Replay:Rubber Ducky"},{"floor":11,"key":"Happy Flower"},{"floor":14,"key":"Gremlin Horn"},{"floor":19,"key":"Smiling Mask"},{"floor":20,"key":"aspiration:SeaSaltIceCream"},{"floor":26,"key":"hubris:SlimyHat"},{"floor":29,"key":"aspiration:HiddenCompartment"},{"floor":37,"key":"hubris:DeckOfHolding"},{"floor":38,"key":"hubris:CuriousFeather"},{"floor":40,"key":"hubris:CrystalStatue"},{"floor":41,"key":"infinitespire:PuzzleCube"},{"floor":42,"key":"Centennial Puzzle"},{"floor":43,"key":"Lantern"},{"floor":44,"key":"hubris:Reverence"},{"floor":48,"key":"Replay:Towering Pillar of Hats"},{"floor":54,"key":"Replay:Bottled Steam"}],"event_choices":[{"damage_healed":0,"gold_gain":0,"player_choice":"Take Damage","damage_taken":18,"relics_obtained":["Golden Idol"],"max_hp_gain":0,"max_hp_loss":0,"event_name":"Golden Idol","floor":3,"gold_loss":0},{"cards_removed":["hierophant:CoinFling"],"damage_healed":0,"gold_gain":0,"player_choice":"Gave Card","damage_taken":0,"relics_obtained":["Strawberry"],"max_hp_gain":0,"max_hp_loss":0,"event_name":"WeMeetAgain","floor":13,"gold_loss":0},{"damage_healed":0,"gold_gain":0,"player_choice":"Got Potions","damage_taken":0,"max_hp_gain":0,"max_hp_loss":0,"event_name":"Lab","floor":24,"gold_loss":0},{"damage_healed":0,"gold_gain":0,"player_choice":"Stopped","damage_taken":9,"max_hp_gain":0,"max_hp_loss":0,"event_name":"Cursed Tome","floor":31,"gold_loss":0},{"damage_healed":0,"gold_gain":0,"player_choice":"Fight","damage_taken":0,"max_hp_gain":0,"max_hp_loss":0,"event_name":"Mysterious Sphere","floor":48,"gold_loss":0}],"is_beta":false,"boss_relics":[{"not_picked":["aspiration:RitualDagger","Astrolabe"],"picked":"conspire:RunicOctahedron"},{"not_picked":["hubris:CrackedHourglass","Kintsugi"],"picked":"SacredBark"}],"items_purged_floors":[0,21,25,47,53],"is_endless":false,"potions_floor_spawned":[2,4,7,14,22,29,33,42,44,45],"ascension_level":2}}