{"host":"0cnf9zf1gia27zti","time":1613096914,"event":{"mods":["BaseMod","Better Third Choice","BetterRewards","Card Forge","ChefMod","Colored Map","Colored Powertips","Conspire","Downfall","Googly Eyes","Infinite Spire","Minty Spire (QoL Compilation)","Practice Mode","Quick Restart","Replay The Spire","Shade Mod","Spicy Shops","StSLib","The Marked"],"gold_per_floor":[53,16,35,141,141,172,172,172,199,216,216,41,91,107,107,184,184,195,228,238,238,238,238,271,290,290,306,333,333,353,385,385,502,502,555,555,665,489,531,602,604,675,675,675,734,622,622,94,94,171,171,171],"floor_reached":51,"language":"ENG","playtime":5341,"items_purged":["Strike_P"],"score":1951,"play_id":"9bef2c17-cf45-4f1d-ae41-fe9f4242b57c","local_time":"20210212022834","is_ascension_mode":true,"campfire_choices":[{"floor":8,"key":"REST"},{"floor":11,"key":"REST"},{"floor":15,"key":"DIG"},{"floor":23,"key":"DIG"},{"floor":29,"key":"DIG"},{"floor":32,"key":"DIG"},{"floor":44,"key":"DIG"},{"floor":47,"key":"DIG"},{"floor":49,"key":"DIG"}],"circlet_count":0,"master_deck":["AscendersBane","Defend_P","Defend_P","Vigilance","Study","Replay:ManipulateFuture+1","Madness+1","Nirvana+1","Collect","ThirdEye+1","ForeignInfluence+1","Steam+1","infinitespire:FutureSight+1","JustLucky+1","Alpha+1","Omniscience","Replay:ManipulateFuture+1","CutThroughFate","Replay:ManipulateFuture","ThirdEye","Replay:ManipulateFuture+1","Nirvana","Vault+1","Wireheading","infinitespire:NeuralNetwork","Wireheading","CutThroughFate","SpiritShield+1","Madness+1","Madness+1","DevaForm+1","Weave","DevaForm+1"],"relics":["PureWater","Hammer of Thor","Seething Fire","Anvil of the Gods","Membership Card","Letter Opener","Quantum Egg","Divine Protection","Medical Kit","sneckomod:BlankCard","infinitespire:Lucky Rock","Bag of Marbles","HornCleat","SacredBark","War Paint","Shovel","Pet Ghost","infinitespire:Beetle Shell","Empty Cage","infinitespire:Eraser","Toy Ornithopter","Toxic Egg 2","Damaru","Vajra","Juzu Bracelet","infinitespire:Midas Blood","Red Mask","Ancient Tea Set","infinitespire:EvilPickle","Black Star","Girya","Anchor","Pondfish Scales","conspire:DeflatedDodgeball","Replay:Bottled Steam","Replay:Wax Seal","PreservedInsect","Replay:Bottled Snecko","Lantern","Orrery","Frozen Egg 2","CaptainsWheel","infinitespire:CursedDice","Toolbox","infinitespire:Joker Card","Golden Egg","SlaversCollar"],"acts_visited":["Exordium","TheCity","TheBeyond","Exordium"],"potions_floor_usage":[16,16,24,24,24,28,31,31,33,42,50],"damage_taken":[{"damage":0,"enemies":"Jaw Worm","floor":1,"turns":4},{"damage":0,"enemies":"Small Slimes","floor":3,"turns":5},{"damage":22,"enemies":"3 Sentries","floor":6,"turns":7},{"damage":0,"enemies":"2 Louse","floor":10,"turns":3},{"damage":0,"enemies":"2 Fungi Beasts","floor":14,"turns":3},{"damage":0,"enemies":"Slime Boss","floor":16,"turns":5},{"damage":0,"enemies":"Spheric Guardian","floor":18,"turns":2},{"damage":1,"enemies":"conspire:MimicChest","floor":19,"turns":4},{"damage":0,"enemies":"2 Thieves","floor":20,"turns":3},{"damage":3,"enemies":"conspire:SneckoGhost","floor":24,"turns":5},{"damage":0,"enemies":"Snake Plant","floor":25,"turns":3},{"damage":0,"enemies":"3 Cultists","floor":27,"turns":4},{"damage":0,"enemies":"conspire:Head Lice","floor":28,"turns":4},{"damage":0,"enemies":"Centurion and Healer","floor":30,"turns":3},{"damage":0,"enemies":"Masked Bandits","floor":31,"turns":3},{"damage":33,"enemies":"Pondfish","floor":33,"turns":9},{"damage":0,"enemies":"3 Darklings","floor":35,"turns":3},{"damage":23,"enemies":"infinitespire:Three Voidlings","floor":37,"turns":4},{"damage":0,"enemies":"Nightmare_Alpha","floor":37,"turns":8},{"damage":0,"enemies":"3 Shapes","floor":39,"turns":3},{"damage":3,"enemies":"R_Hoarder","floor":40,"turns":6},{"damage":0,"enemies":"Nemesis","floor":42,"turns":6},{"damage":5,"enemies":"Transient","floor":45,"turns":6},{"damage":0,"enemies":"infinitespire:MassOfShapes","floor":50,"turns":7}],"seed_played":"-5638735328678641070","potions_obtained":[{"floor":6,"key":"Guardian:BlockOnCardUsePotion"},{"floor":10,"key":"Flashbang"},{"floor":16,"key":"Elixir"},{"floor":22,"key":"PowerPotion"},{"floor":22,"key":"EntropicBrew"},{"floor":25,"key":"Explosive Potion"},{"floor":28,"key":"AttackPotion"},{"floor":31,"key":"Dexterity Potion"},{"floor":35,"key":"champ:CounterPotion"},{"floor":37,"key":"hexamod:SoulburnPotion"},{"floor":40,"key":"Reflective Coating"}],"is_trial":false,"path_per_floor":["M","$","M","?","?","E","AVR","R","T","M","R","$","T","M","R","B",null,"M","?","M","?","?","R","E","M","T","M","E","R","M","?","R","B",null,"M","?","?","$","M","E","?","E","T","R","M","$","R","$","R","B",null],"character_chosen":"WATCHER","items_purchased":["Membership Card","Letter Opener","Quantum Egg","Study","Divine Protection","Medical Kit","Replay:ManipulateFuture","ClearTheMind","sneckomod:BlankCard","Madness","Nirvana","JustLucky+1","Shovel","Anchor","Pondfish Scales","Orrery","Weave","CaptainsWheel","infinitespire:CursedDice","Toolbox","infinitespire:Joker Card"],"campfire_rested":2,"item_purchase_floors":[0,0,0,0,0,0,0,0,0,0,2,12,12,38,38,46,46,48,48,48,48],"current_hp_per_floor":[61,61,61,44,44,22,22,42,42,42,62,62,62,62,62,62,67,67,66,66,66,66,66,65,65,65,65,68,68,68,68,68,35,60,60,60,51,51,51,54,46,51,51,51,46,46,46,46,46,51,62,62],"gold":171,"neow_bonus":"","is_daily":false,"chose_seed":false,"campfire_upgraded":0,"win_rate":0.0,"timestamp":1613096914,"path_taken":["M","$","M","?","?","E","AVR","R","T","M","R","$","?","M","R","BOSS","M","?","M","?","?","R","E","M","T","?","E","R","M","?","R","BOSS","M","?","?","$","M","E","?","E","T","R","M","?","R","$","R","BOSS"],"items_purchased_type":["Relic","Relic","Relic","Card","Relic","Relic","Card","Card","Relic","Card","Card","Card","Relic","Relic","Relic","Relic","Card","Relic","Relic","Relic","Relic"],"build_version":"2020-12-22","purchased_purges":1,"victory":false,"max_hp_per_floor":[68,68,68,68,68,68,68,68,68,68,68,68,68,68,68,68,68,68,68,68,68,68,68,68,68,68,68,68,68,68,68,68,68,68,68,68,68,65,65,65,65,65,65,65,65,65,65,65,65,65,65,65],"card_choices":[{"not_picked":["BowlingBash","Replay:BluntJabs"],"picked":"ClearTheMind","floor":1},{"not_picked":["ClearTheMind","Prostrate"],"picked":"Collect","floor":3},{"not_picked":["Replay:ManipulateFuture","CutThroughFate"],"picked":"ThirdEye","floor":4},{"not_picked":["SignatureMove","Protect","BattleHymn"],"picked":"SKIP","floor":6},{"not_picked":["Halt","SignatureMove","Wallop"],"picked":"SKIP","floor":10},{"not_picked":["FlyingSleeves","Consecrate"],"picked":"Alpha","floor":14},{"not_picked":["LessonLearned","DeusExMachina"],"picked":"Omniscience","floor":16},{"not_picked":["Prostrate","EmptyFist+1"],"picked":"CutThroughFate","floor":18},{"not_picked":["Replay:AtTheReady","PathToVictory"],"picked":"Replay:ManipulateFuture","floor":19},{"not_picked":["Evaluate","PathToVictory"],"picked":"ThirdEye","floor":20},{"not_picked":["TalkToTheHand","SashWhip","Meditate+1"],"picked":"SKIP","floor":24},{"not_picked":["Nirvana","InnerPeace+1"],"picked":"Replay:ManipulateFuture+1","floor":25},{"not_picked":["Replay:ManipulateFuture+1","EmptyBody+1","Replay:BluntJabs"],"picked":"SKIP","floor":27},{"not_picked":["LessonLearned","WaveOfTheHand+1"],"picked":"Nirvana","floor":28},{"not_picked":["Prostrate+1","EmptyFist","DeceiveReality+1"],"picked":"SKIP","floor":30},{"not_picked":["Omniscience+1","DevaForm"],"picked":"Vault+1","floor":33},{"not_picked":["Prostrate+1","EmptyFist+1"],"picked":"Wireheading","floor":35},{"not_picked":["infinitespire:DeathsTouch","infinitespire:Oblivion"],"picked":"infinitespire:NeuralNetwork","floor":37},{"not_picked":["Prostrate+1","CutThroughFate"],"picked":"Wireheading","floor":37},{"not_picked":["BowlingBash","Study"],"picked":"CutThroughFate","floor":39},{"not_picked":["SignatureMove+1","SashWhip"],"picked":"SpiritShield+1","floor":40},{"not_picked":["WheelKick","Replay:Battleflow+1"],"picked":"DevaForm","floor":42},{"not_picked":["Worship+1","MentalFortress","EmptyBody+1"],"picked":"SKIP","floor":45},{"not_picked":["Vault+1","DeusExMachina+1"],"picked":"DevaForm+1","floor":50}],"player_experience":3808348,"relics_obtained":[{"floor":4,"key":"infinitespire:Lucky Rock"},{"floor":6,"key":"Bag of Marbles"},{"floor":9,"key":"War Paint"},{"floor":13,"key":"Pet Ghost"},{"floor":15,"key":"infinitespire:Beetle Shell"},{"floor":19,"key":"infinitespire:Eraser"},{"floor":23,"key":"Toxic Egg 2"},{"floor":24,"key":"Damaru"},{"floor":26,"key":"Vajra"},{"floor":28,"key":"Juzu Bracelet"},{"floor":29,"key":"infinitespire:Midas Blood"},{"floor":31,"key":"Red Mask"},{"floor":32,"key":"Ancient Tea Set"},{"floor":37,"key":"Girya"},{"floor":40,"key":"conspire:DeflatedDodgeball"},{"floor":40,"key":"Replay:Bottled Steam"},{"floor":42,"key":"Replay:Wax Seal"},{"floor":42,"key":"PreservedInsect"},{"floor":43,"key":"Replay:Bottled Snecko"},{"floor":44,"key":"Lantern"},{"floor":47,"key":"Frozen Egg 2"},{"floor":49,"key":"Golden Egg"}],"event_choices":[{"damage_healed":0,"gold_gain":0,"player_choice":"Got Potions","damage_taken":0,"max_hp_gain":0,"max_hp_loss":0,"event_name":"Lab","floor":22,"gold_loss":0},{"damage_healed":0,"gold_gain":0,"player_choice":"Fought Bandits","damage_taken":0,"max_hp_gain":0,"max_hp_loss":0,"event_name":"Masked Bandits","floor":31,"gold_loss":0},{"damage_healed":0,"gold_gain":0,"player_choice":"Ignored","damage_taken":0,"max_hp_gain":0,"max_hp_loss":0,"event_name":"Transmorgrifier","floor":36,"gold_loss":0},{"damage_healed":0,"gold_gain":0,"player_choice":"Embrace Madness","damage_taken":8,"max_hp_gain":0,"max_hp_loss":0,"event_name":"Winding Halls","floor":41,"gold_loss":0,"cards_obtained":["Madness","Madness"]}],"is_beta":false,"boss_relics":[{"not_picked":["Coffee Dripper","Cursed Key"],"picked":"Empty Cage"},{"not_picked":["Kintsugi","Painkiller Herb"],"picked":"Black Star"},{"not_picked":["conspire:RoyalGoblet","Astrolabe"],"picked":"SlaversCollar"}],"items_purged_floors":[7],"is_endless":true,"potions_floor_spawned":[6,10,16,25,27,28,31,35,37,40],"ascension_level":14}}