{"host":"nsc6ozq3atyrdr3m","time":1613139808,"event":{"mods":["BaseMod","Colored Map","Minty Spire (QoL Compilation)"],"gold_per_floor":[109,123,273,273,161,193,206,206,206,206,234,250,34,52,52,52,52],"floor_reached":16,"language":"FRA","playtime":315,"items_purged":["Doubt","Strike_R"],"score":270,"play_id":"2739d599-8983-423f-a6a6-ff7a3e1ab7c9","local_time":"20210212152328","is_ascension_mode":true,"campfire_choices":[{"data":"Uppercut","floor":8,"key":"SMITH"},{"data":"Sword Boomerang","floor":15,"key":"SMITH"}],"circlet_count":0,"master_deck":["AscendersBane","Strike_R","Strike_R","Strike_R","Strike_R","Defend_R","Defend_R","Defend_R","Defend_R","Bash","Uppercut+1","Shrug It Off","Flex","Feed","Sword Boomerang+1","Twin Strike"],"relics":["Burning Blood","NeowsBlessing","Singing Bowl","Boot","Anchor","Centennial Puzzle","Membership Card"],"acts_visited":["Exordium"],"potions_floor_usage":[11,16],"damage_taken":[{"damage":0,"enemies":"Cultist","floor":1,"turns":1},{"damage":0,"enemies":"Small Slimes","floor":2,"turns":1},{"damage":0,"enemies":"Gremlin Nob","floor":6,"turns":1},{"damage":10,"enemies":"Jaw Worm","floor":7,"turns":5},{"damage":17,"enemies":"Lagavulin","floor":11,"turns":7},{"damage":9,"enemies":"Blue Slaver","floor":12,"turns":3},{"damage":4,"enemies":"Exordium Wildlife","floor":14,"turns":6},{"damage":73,"enemies":"Hexaghost","floor":16,"turns":12}],"seed_played":"-6134734012691417400","potions_obtained":[{"floor":1,"key":"PowerPotion"},{"floor":7,"key":"Block Potion"},{"floor":11,"key":"Fire Potion"}],"is_trial":false,"path_per_floor":["M","M","?","?","$","E","M","R","T","T","E","M","$","M","R","B"],"character_chosen":"IRONCLAD","items_purchased":["Uppercut","Membership Card"],"campfire_rested":0,"item_purchase_floors":[5,13],"current_hp_per_floor":[74,75,75,80,80,80,76,76,76,76,65,62,62,67,67,0,0],"gold":52,"neow_bonus":"THREE_ENEMY_KILL","is_daily":false,"chose_seed":false,"campfire_upgraded":2,"win_rate":0.0,"timestamp":1613139808,"path_taken":["M","?","?","?","$","E","M","R","T","?","E","M","$","?","R","BOSS"],"items_purchased_type":["Card","Relic"],"build_version":"2020-12-22","purchased_purges":2,"victory":false,"max_hp_per_floor":[75,75,75,80,80,80,80,80,80,80,80,80,80,83,83,83,83],"card_choices":[{"not_picked":["Entrench","Reckless Charge","Anger"],"picked":"SKIP","floor":1},{"not_picked":["Sentinel","Havoc","Power Through"],"picked":"SKIP","floor":2},{"not_picked":["Sever Soul","Twin Strike"],"picked":"Shrug It Off","floor":6},{"not_picked":["Second Wind","Wild Strike"],"picked":"Flex","floor":7},{"not_picked":["Reckless Charge","Intimidate"],"picked":"Feed","floor":11},{"not_picked":["Pommel Strike","Wild Strike"],"picked":"Sword Boomerang","floor":12},{"not_picked":["Anger","Headbutt"],"picked":"Twin Strike","floor":14}],"player_experience":393307,"relics_obtained":[{"floor":6,"key":"Singing Bowl"},{"floor":9,"key":"Boot"},{"floor":10,"key":"Anchor"},{"floor":11,"key":"Centennial Puzzle"}],"event_choices":[{"damage_healed":0,"gold_gain":150,"player_choice":"AGREE","damage_taken":0,"max_hp_gain":0,"max_hp_loss":0,"event_name":"Liars Game","floor":3,"gold_loss":0,"cards_obtained":["Doubt"]},{"damage_healed":0,"gold_gain":0,"player_choice":"Donut","damage_taken":0,"max_hp_gain":5,"max_hp_loss":0,"event_name":"Big Fish","floor":4,"gold_loss":0}],"is_beta":false,"boss_relics":[],"items_purged_floors":[5,13],"is_endless":false,"potions_floor_spawned":[1,7,11],"killed_by":"Hexaghost","ascension_level":20}}