{"host":"r6lqs70fdfl5jnjl","time":1613117710,"event":{"mods":["Act Like it!","BaseMod","Minty Spire (QoL Compilation)","StSLib"],"gold_per_floor":[118,133,133,148,148,180,355,375,375,1,20,34,34,46,46,142,142,155,155,166,178,103,103,103,103,156,12,44,44,44,59,59,59,59],"floor_reached":33,"language":"ZHS","playtime":2324,"items_purged":["Regret"],"score":267,"play_id":"1fe54b64-d3c5-4ed4-b463-9dd83080c76b","local_time":"20210212161510","is_ascension_mode":false,"campfire_choices":[{"floor":13.0,"key":"REST"},{"floor":15.0,"key":"REST"},{"data":"After Image","floor":25.0,"key":"SMITH"},{"floor":30.0,"key":"REST"},{"data":"A Thousand Cuts","floor":32.0,"key":"SMITH"}],"circlet_count":0,"master_deck":["Strike_G","Strike_G","Strike_G","Strike_G","Strike_G+1","Defend_G","Defend_G","Defend_G","Defend_G","Defend_G","Survivor","Neutralize","Deadly Poison","A Thousand Cuts+1","Neutralize+1","Blur","Finisher","Doubt","Bouncing Flask","Infinite Blades","Footwork","Backflip","Acrobatics","After Image+1","Blade Dance+1","Poisoned Stab","Deadly Poison+1","Shame","J.A.X.","Phantasmal Killer","Prepared","Neutralize","Dodge and Roll+1"],"relics":["Ring of the Snake","NeowsBlessing","FossilizedHelix","White Beast Statue","InkBottle","TwistedFunnel","Oddly Smooth Stone","Runic Pyramid","Centennial Puzzle","Potion Belt","Whetstone","Happy Flower"],"acts_visited":["Exordium","TheCity"],"potions_floor_usage":[33,33],"damage_taken":[{"damage":0.0,"enemies":"2 Louse","floor":1.0,"turns":1.0},{"damage":0.0,"enemies":"Cultist","floor":2.0,"turns":1.0},{"damage":0.0,"enemies":"Small Slimes","floor":4.0,"turns":1.0},{"damage":29.0,"enemies":"Lagavulin","floor":6.0,"turns":8.0},{"damage":8.0,"enemies":"Blue Slaver","floor":8.0,"turns":5.0},{"damage":25.0,"enemies":"Exordium Thugs","floor":11.0,"turns":5.0},{"damage":0.0,"enemies":"2 Fungi Beasts","floor":12.0,"turns":2.0},{"damage":5.0,"enemies":"Blue Slaver","floor":14.0,"turns":3.0},{"damage":40.0,"enemies":"Slime Boss","floor":16.0,"turns":6.0},{"damage":33.0,"enemies":"Shell Parasite","floor":18.0,"turns":7.0},{"damage":0.0,"enemies":"Chosen","floor":20.0,"turns":4.0},{"damage":0.0,"enemies":"Snecko","floor":21.0,"turns":5.0},{"damage":59.0,"enemies":"Slavers","floor":28.0,"turns":5.0},{"damage":3.0,"enemies":"Centurion and Healer","floor":31.0,"turns":6.0},{"damage":23,"enemies":"Collector","floor":33,"turns":5}],"seed_played":"-6686869312295332977","potions_obtained":[{"floor":4.0,"key":"AttackPotion"},{"floor":8.0,"key":"Strength Potion"},{"floor":11.0,"key":"CunningPotion"},{"floor":12.0,"key":"Swift Potion"},{"floor":16.0,"key":"FairyPotion"},{"floor":18.0,"key":"Poison Potion"},{"floor":20.0,"key":"Explosive Potion"},{"floor":21.0,"key":"SteroidPotion"},{"floor":28.0,"key":"BlessingOfTheForge"},{"floor":31.0,"key":"PowerPotion"}],"is_trial":false,"path_per_floor":["M","M","?","M","?","E","?","M","T","$","M","M","R","M","R","B",null,"M","?","M","M","$","?","?","R","T","$","E","?","R","M","R","B"],"character_chosen":"THE_SILENT","items_purchased":["Infinite Blades","TwistedFunnel","Oddly Smooth Stone","Phantasmal Killer"],"campfire_rested":3,"item_purchase_floors":[10,10,10,27],"current_hp_per_floor":[70,70,70,70,70,41,41,33,33,33,8,8,29,24,45,5,70,37,37,37,37,37,37,37,37,37,37,4,4,25,22,22,0,0],"gold":59,"neow_bonus":"THREE_ENEMY_KILL","is_daily":false,"chose_seed":false,"campfire_upgraded":2,"win_rate":0.0,"timestamp":1613117710,"path_taken":["M","M","?","?","?","E","?","M","T","$","M","?","R","M","R","BOSS","M","?","?","M","$","?","?","R","T","$","E","?","R","M","R","BOSS"],"items_purchased_type":["Card","Relic","Relic","Card"],"build_version":"2020-12-22","purchased_purges":1,"victory":false,"max_hp_per_floor":[70,70,70,70,70,70,70,70,70,70,70,70,70,70,70,70,70,70,70,70,70,70,70,70,70,70,70,70,70,70,70,70,70,70],"card_choices":[{"not_picked":["Deflect","Prepared"],"picked":"Deadly Poison","floor":1.0},{"not_picked":["Backflip","Prepared"],"picked":"A Thousand Cuts","floor":2.0},{"not_picked":["Sucker Punch","Dodge and Roll"],"picked":"Blur","floor":4.0},{"not_picked":["Dodge and Roll","Dagger Throw"],"picked":"Finisher","floor":6.0},{"not_picked":["Dagger Throw","Backflip"],"picked":"Bouncing Flask","floor":8.0},{"not_picked":["Outmaneuver","Dagger Spray"],"picked":"Footwork","floor":11.0},{"not_picked":["Dagger Spray","Deadly Poison"],"picked":"Backflip","floor":12.0},{"not_picked":["Dagger Spray","Quick Slash"],"picked":"Acrobatics","floor":14.0},{"not_picked":["Unload","Doppelganger"],"picked":"After Image","floor":16.0},{"not_picked":["Dagger Throw","Slice"],"picked":"Blade Dance+1","floor":18.0},{"not_picked":["Dodge and Roll","Sucker Punch+1"],"picked":"Poisoned Stab","floor":20.0},{"not_picked":["Caltrops","Backstab"],"picked":"Deadly Poison+1","floor":21.0},{"not_picked":["Doppelganger","Finisher"],"picked":"Prepared","floor":28.0},{"not_picked":["Predator","Slice"],"picked":"Dodge and Roll+1","floor":31.0}],"player_experience":4700,"relics_obtained":[{"floor":6.0,"key":"White Beast Statue"},{"floor":9.0,"key":"InkBottle"},{"floor":26.0,"key":"Whetstone"},{"floor":28.0,"key":"Happy Flower"}],"event_choices":[{"damage_healed":0.0,"max_hp_gain":0.0,"max_hp_loss":0.0,"gold_gain":0.0,"event_name":"Match and Keep!","player_choice":"1 cards matched","floor":3.0,"gold_loss":0.0,"damage_taken":0.0,"cards_obtained":["Neutralize"]},{"damage_healed":0.0,"max_hp_gain":0.0,"max_hp_loss":0.0,"gold_gain":0.0,"event_name":"Big Fish","player_choice":"Box","floor":5.0,"gold_loss":0.0,"damage_taken":0.0,"relics_obtained":["FossilizedHelix"],"cards_obtained":["Regret"]},{"damage_healed":0.0,"max_hp_gain":0.0,"max_hp_loss":0.0,"gold_gain":175.0,"event_name":"Liars Game","player_choice":"AGREE","floor":7.0,"gold_loss":0.0,"damage_taken":0.0,"cards_obtained":["Doubt"]},{"damage_healed":0.0,"max_hp_gain":0.0,"max_hp_loss":0.0,"gold_gain":0.0,"event_name":"WeMeetAgain","player_choice":"Gave Potion","floor":19.0,"gold_loss":0.0,"damage_taken":0.0,"relics_obtained":["Centennial Puzzle"]},{"damage_healed":0.0,"max_hp_gain":0.0,"max_hp_loss":0.0,"gold_gain":0.0,"event_name":"Addict","player_choice":"Stole Relic","floor":23.0,"gold_loss":0.0,"damage_taken":0.0,"relics_obtained":["Potion Belt"],"cards_obtained":["Shame"]},{"damage_healed":0.0,"max_hp_gain":0.0,"max_hp_loss":0.0,"gold_gain":0.0,"event_name":"Drug Dealer","player_choice":"Obtain J.A.X.","floor":24.0,"gold_loss":0.0,"damage_taken":0.0,"cards_obtained":["J.A.X."]},{"damage_healed":0.0,"max_hp_gain":0.0,"max_hp_loss":0.0,"gold_gain":0.0,"event_name":"Match and Keep!","player_choice":"1 cards matched","floor":29.0,"gold_loss":0.0,"damage_taken":0.0,"cards_obtained":["Neutralize"]}],"is_beta":false,"boss_relics":[{"not_picked":["Black Star","HoveringKite"],"picked":"Runic Pyramid"}],"items_purged_floors":[22],"is_endless":false,"potions_floor_spawned":[4,8,11,12,14,16,18,20,21,28,31],"killed_by":"Collector","ascension_level":0}}