{"host":"wsqiv24oaxpojk2h","time":1613151058,"event":{"mods":["AchievementEnabler","BaseMod","Colored Map","Highlight Path","Minty Spire (QoL Compilation)","SuperFastMode","Unceasing Turn Reminder"],"gold_per_floor":[118,128,145,162,181,207,207,240,312,312,332,332,332,407,407,508,508,519,519,519,441,441,441,454,485,512,512,512],"floor_reached":27,"language":"ENG","playtime":2354,"items_purged":[],"score":349,"play_id":"afab19f9-bd6f-4ffd-929e-98bce51ef99e","local_time":"20210212193058","is_ascension_mode":true,"campfire_choices":[{"data":"True Grit","floor":7,"key":"SMITH"},{"data":"Trip","floor":10,"key":"SMITH"},{"data":"Brutality","floor":13,"key":"SMITH"},{"floor":15,"key":"REST"},{"data":"Dark Embrace","floor":23,"key":"SMITH"}],"circlet_count":0,"master_deck":["Strike_R+1","Strike_R+1","Strike_R+1","Defend_R+1","Defend_R+1","Defend_R+1","Defend_R+1","Bash","Trip+1","Pommel Strike","True Grit+1","Wild Strike","Clothesline","Headbutt","Body Slam","Brutality+1","Flame Barrier","Blood for Blood","Fiend Fire","Dark Embrace+1","Rupture","Flex"],"relics":["Burning Blood","Mummified Hand","Toy Ornithopter","InkBottle","Philosopher\u0027s Stone","Prayer Wheel","PreservedInsect"],"acts_visited":["Exordium","TheCity"],"potions_floor_usage":[16,16,16,16,16,25],"damage_taken":[{"damage":2,"enemies":"Jaw Worm","floor":1,"turns":3},{"damage":7,"enemies":"Small Slimes","floor":2,"turns":3},{"damage":4,"enemies":"Cultist","floor":3,"turns":4},{"damage":8,"enemies":"Blue Slaver","floor":4,"turns":5},{"damage":10,"enemies":"Red Slaver","floor":5,"turns":2},{"damage":32,"enemies":"Lagavulin","floor":6,"turns":6},{"damage":29,"enemies":"Gremlin Nob","floor":8,"turns":5},{"damage":9,"enemies":"2 Fungi Beasts","floor":11,"turns":3},{"damage":56,"enemies":"The Guardian","floor":16,"turns":11},{"damage":2,"enemies":"Chosen","floor":18,"turns":3},{"damage":36,"enemies":"2 Thieves","floor":24,"turns":4},{"damage":37,"enemies":"Gremlin Leader","floor":25,"turns":7},{"damage":20,"enemies":"Chosen and Byrds","floor":27,"turns":1}],"seed_played":"4595401938514358638","potions_obtained":[{"floor":1,"key":"Swift Potion"},{"floor":3,"key":"EntropicBrew"},{"floor":5,"key":"Fruit Juice"},{"floor":16,"key":"FearPotion"},{"floor":18,"key":"Energy Potion"}],"is_trial":false,"path_per_floor":["M","M","M","M","M","E","R","E","T","R","M","?","R","?","R","B",null,"M","?","?","$","?","R","M","E","T","M"],"character_chosen":"IRONCLAD","items_purchased":["Dark Embrace"],"campfire_rested":1,"item_purchase_floors":[21],"current_hp_per_floor":[76,75,77,75,71,45,45,22,22,22,19,19,19,8,32,12,67,71,71,71,71,71,71,41,15,15,0,0],"gold":512,"neow_bonus":"RANDOM_COLORLESS","is_daily":false,"chose_seed":false,"campfire_upgraded":4,"win_rate":0.0,"timestamp":1613151058,"path_taken":["M","M","M","M","M","E","R","E","T","R","M","?","R","?","R","BOSS","M","?","?","$","?","R","M","E","T","M"],"items_purchased_type":["Card"],"build_version":"2020-12-22","purchased_purges":0,"victory":false,"max_hp_per_floor":[80,80,80,80,80,80,80,80,80,80,80,80,80,80,80,85,85,85,85,85,85,85,85,85,85,85,85,85],"card_choices":[{"not_picked":["Good Instincts","Purity"],"picked":"Trip","floor":0},{"not_picked":["Anger","Thunderclap"],"picked":"Pommel Strike","floor":1},{"not_picked":["Havoc","Fiend Fire"],"picked":"True Grit","floor":2},{"not_picked":["Sword Boomerang","Perfected Strike"],"picked":"Wild Strike","floor":3},{"not_picked":["Warcry","Power Through"],"picked":"Clothesline","floor":4},{"not_picked":["Second Wind","Wild Strike"],"picked":"Headbutt","floor":5},{"not_picked":["Perfected Strike","Clothesline"],"picked":"Body Slam","floor":6},{"not_picked":["Hemokinesis","Sword Boomerang"],"picked":"Brutality","floor":8},{"not_picked":["Body Slam","Reckless Charge"],"picked":"Flame Barrier","floor":11},{"not_picked":["Bludgeon","Exhume"],"picked":"Fiend Fire","floor":16},{"not_picked":["Heavy Blade","Perfected Strike+1","Clash"],"picked":"SKIP","floor":18},{"not_picked":["Clothesline","Reckless Charge+1"],"picked":"Rupture","floor":24},{"not_picked":["Fiend Fire","Ghostly Armor+1"],"picked":"Flex","floor":25}],"player_experience":479595,"relics_obtained":[{"floor":6,"key":"Mummified Hand"},{"floor":8,"key":"Toy Ornithopter"},{"floor":9,"key":"InkBottle"},{"floor":25,"key":"Prayer Wheel"},{"floor":26,"key":"PreservedInsect"}],"event_choices":[{"damage_healed":0,"gold_gain":0,"cards_transformed":["Strike_R"],"player_choice":"Change","damage_taken":0,"max_hp_gain":0,"max_hp_loss":0,"event_name":"Living Wall","floor":12,"gold_loss":0,"cards_obtained":["Blood for Blood"]},{"damage_healed":0,"gold_gain":75,"player_choice":"Gather Gold","damage_taken":11,"max_hp_gain":0,"max_hp_loss":0,"event_name":"World of Goop","floor":14,"gold_loss":0},{"damage_healed":0,"gold_gain":0,"player_choice":"Ignored","damage_taken":0,"max_hp_gain":0,"max_hp_loss":0,"event_name":"Ghosts","floor":19,"gold_loss":0},{"damage_healed":0,"gold_gain":0,"player_choice":"Simplicity","damage_taken":0,"max_hp_gain":0,"max_hp_loss":0,"event_name":"Back to Basics","floor":20,"gold_loss":0,"cards_upgraded":["Strike_R","Strike_R","Strike_R","Strike_R","Defend_R","Defend_R","Defend_R","Defend_R"]},{"cards_removed":["Strike_R"],"damage_healed":0,"gold_gain":0,"player_choice":"Purged","damage_taken":0,"max_hp_gain":0,"max_hp_loss":0,"event_name":"Purifier","floor":22,"gold_loss":0}],"is_beta":false,"boss_relics":[{"not_picked":["Coffee Dripper","Empty Cage"],"picked":"Philosopher\u0027s Stone"}],"items_purged_floors":[],"is_endless":false,"potions_floor_spawned":[1,3,5,8,16,18],"killed_by":"Chosen and Byrds","ascension_level":9}}