{"host":"z42sc0n2dozsmk72","time":1613124139,"event":{"mods":["AchievementEnabler","BaseMod","Better Third Choice","Colored Map","Curses Come First","Highlight Path","Minty Spire (QoL Compilation)","Permanent Neow","Quick Restart","Relic Stats","Shop Mod","StSLib","egg","slay the spire mod where everything is the same but ironclad has a cowboy hat"],"gold_per_floor":[116,116,139,160,160,160,110,154,225,225,225],"floor_reached":10,"language":"ENG","playtime":408,"items_purged":[],"score":79,"play_id":"c991af11-f3b5-48ed-aa68-e152cf0d2b2a","local_time":"20210212230219","is_ascension_mode":true,"campfire_choices":[{"data":"Zap","floor":6,"key":"SMITH"}],"circlet_count":0,"master_deck":["Strike_B+1","Strike_B","Strike_B+1","Defend_B","Defend_B","Defend_B","Defend_B","Zap+1","Dualcast","Auto Shields","Coolheaded","Coolheaded"],"relics":["SlaversCollar","Golden Idol","Whetstone","Ornamental Fan"],"acts_visited":["Exordium"],"potions_floor_usage":[8],"damage_taken":[{"damage":13,"enemies":"Small Slimes","floor":1,"turns":4},{"damage":3,"enemies":"2 Louse","floor":3,"turns":3},{"damage":1,"enemies":"Jaw Worm","floor":4,"turns":4},{"damage":12,"enemies":"Lagavulin","floor":8,"turns":9},{"damage":51,"enemies":"Gremlin Nob","floor":10,"turns":5}],"seed_played":"-6547335761752301133","potions_obtained":[{"floor":3,"key":"Weak Potion"},{"floor":8,"key":"Weak Potion"}],"is_trial":false,"path_per_floor":["M","?","M","M","?","R","?","E","T","E"],"character_chosen":"DEFECT","items_purchased":[],"campfire_rested":0,"item_purchase_floors":[],"current_hp_per_floor":[62,44,41,40,40,40,40,28,28,0,0],"gold":225,"neow_bonus":"BOSS_RELIC","is_daily":false,"chose_seed":false,"campfire_upgraded":1,"win_rate":0.0,"timestamp":1613124139,"path_taken":["M","?","M","M","?","R","?","E","T","E"],"items_purchased_type":[],"build_version":"2020-12-22","purchased_purges":0,"victory":false,"max_hp_per_floor":[75,75,75,75,75,75,75,75,75,75,75],"relic_stats":{"counters":[5,25],"Golden Idol":18,"Ornamental Fan":[0],"Whetstone":["Strike_B","Strike_B"],"obtain_stats":[{"SlaversCollar":0,"Golden Idol":2,"Ornamental Fan":9,"Whetstone":8,"Cracked Core":0},{"SlaversCollar":0,"Golden Idol":1,"Ornamental Fan":4,"Whetstone":4,"Cracked Core":0},{"SlaversCollar":0,"Golden Idol":4,"Ornamental Fan":20,"Whetstone":20,"Cracked Core":0}]},"card_choices":[{"not_picked":["Stack","Static Discharge","Beam Cell"],"picked":"SKIP","floor":1},{"not_picked":["Reprogram","Skim"],"picked":"Auto Shields","floor":3},{"not_picked":["Barrage","Redo"],"picked":"Coolheaded","floor":4},{"not_picked":["Leap","Reinforced Body"],"picked":"Coolheaded","floor":8}],"player_experience":935956,"relics_obtained":[{"floor":8,"key":"Whetstone"},{"floor":9,"key":"Ornamental Fan"}],"event_choices":[{"damage_healed":0,"gold_gain":0,"player_choice":"Take Damage","damage_taken":18,"relics_obtained":["Golden Idol"],"max_hp_gain":0,"max_hp_loss":0,"event_name":"Golden Idol","floor":2,"gold_loss":0},{"damage_healed":0,"gold_gain":0,"player_choice":"Ignored","damage_taken":160,"max_hp_gain":0,"max_hp_loss":0,"event_name":"betterThird:BetterSerpent","floor":5,"gold_loss":0},{"cards_removed":["Strike_B"],"damage_healed":0,"gold_gain":0,"player_choice":"Card Removal","damage_taken":0,"max_hp_gain":0,"max_hp_loss":0,"event_name":"The Cleric","floor":7,"gold_loss":50}],"is_beta":false,"boss_relics":[],"items_purged_floors":[],"is_endless":false,"potions_floor_spawned":[3,8],"killed_by":"Gremlin Nob","ascension_level":4}}