{"host":"j5shy70asow5koz5","time":1613127408,"event":{"mods":["2.2 Compatiblity","Act Like it!","Arknights","BaseMod","Colored Map","Marisa£¨Ùöéë¡¡Øª×âÞÞ£©","Minty Spire (QoL Compilation)","Prisma Mod","StSLib","SuperFastMode","Td1madao Mod","The Disciple","The Gatherer","The Servant 0.9.4","Waifu the Spire"],"gold_per_floor":[113,113,129,129,129,162,180,180,180,196,212,232,232,246,246,343,343,357,357,357,375,375,375,400,400,400,400,42,57,76,93,93,193,193,210,42,59,110,47,47,47,47,72,87,121,136,136,149,149,149],"floor_reached":51,"language":"KOR","playtime":1122,"items_purged":["Strike_G","Strike_G","Strike_G"],"score":774,"play_id":"9692c1e0-3e11-47f9-92e9-89490efc38b6","local_time":"20210212195648","is_ascension_mode":false,"campfire_choices":[{"data":"Cloak And Dagger","floor":8,"key":"SMITH"},{"data":"Accuracy","floor":13,"key":"SMITH"},{"data":"Cloak And Dagger","floor":15,"key":"SMITH"},{"data":"Cloak And Dagger","floor":23,"key":"SMITH"},{"floor":25,"key":"REST"},{"data":"Blade Dance","floor":27,"key":"SMITH"},{"data":"PowerUp","floor":32,"key":"SMITH"},{"data":"Infinite Blades","floor":42,"key":"SMITH"},{"data":"After Image","floor":47,"key":"SMITH"},{"floor":49,"key":"REST"}],"circlet_count":0,"master_deck":["Strike_G","Strike_G","Defend_G","Defend_G","Defend_G","Defend_G","Defend_G","Survivor","Neutralize","PowerUp+1","Dagger Throw+1","All Out Attack","Cloak And Dagger+1","Accuracy+1","Blade Dance+1","Backflip","Cloak And Dagger+1","Escape Plan","Cloak And Dagger+1","Dagger Spray","Adrenaline","Infinite Blades+1","Prepared","Prepared+1","After Image+1","Infinite Blades+1","Choke+1"],"relics":["Ring of the Snake","NeowsBlessing","Prayer Wheel","Shuriken","Toy Ornithopter","Busted Crown","Enchiridion","Lantern","Bronze Scales","Membership Card","Ancient Tea Set","Strawberry","HoveringKite","Pen Nib","Girya","Kunai"],"acts_visited":["Exordium","TheCity","TheBeyond"],"potions_floor_usage":[24,31,33,33,45,45,45,50],"damage_taken":[{"damage":0,"enemies":"Jaw Worm","floor":1,"turns":1},{"damage":0,"enemies":"Cultist","floor":3,"turns":1},{"damage":0,"enemies":"3 Sentries","floor":6,"turns":2},{"damage":0,"enemies":"2 Louse","floor":7,"turns":2},{"damage":0,"enemies":"Exordium Wildlife","floor":10,"turns":2},{"damage":0,"enemies":"Large Slime","floor":11,"turns":5},{"damage":0,"enemies":"2 Fungi Beasts","floor":12,"turns":2},{"damage":1,"enemies":"Blue Slaver","floor":14,"turns":3},{"damage":36,"enemies":"The Guardian","floor":16,"turns":7},{"damage":0,"enemies":"Chosen","floor":18,"turns":4},{"damage":0,"enemies":"Shell Parasite","floor":21,"turns":4},{"damage":17,"enemies":"Slavers","floor":24,"turns":4},{"damage":0,"enemies":"3 Cultists","floor":29,"turns":3},{"damage":5,"enemies":"Snake Plant","floor":30,"turns":3},{"damage":0,"enemies":"Sentry and Sphere","floor":31,"turns":2},{"damage":0,"enemies":"Collector","floor":33,"turns":5},{"damage":0,"enemies":"3 Shapes","floor":35,"turns":2},{"damage":2,"enemies":"3 Darklings","floor":37,"turns":2},{"damage":18,"enemies":"2 Orb Walkers","floor":38,"turns":3},{"damage":0,"enemies":"Jaw Worm Horde","floor":44,"turns":3},{"damage":28,"enemies":"Nemesis","floor":45,"turns":3},{"damage":0,"enemies":"4 Shapes","floor":46,"turns":3},{"damage":0,"enemies":"Spire Growth","floor":48,"turns":3},{"damage":13,"enemies":"Donu and Deca","floor":50,"turns":4}],"seed_played":"-6592767227277246042","potions_obtained":[{"floor":11,"key":"Dexterity Potion"},{"floor":12,"key":"GamblersBrew"},{"floor":14,"key":"SteroidPotion"},{"floor":16,"key":"BlessingOfTheForge"},{"floor":31,"key":"Explosive Potion"},{"floor":35,"key":"SteroidPotion"},{"floor":45,"key":"GamblersBrew"}],"is_trial":false,"path_per_floor":["M","?","M","?","T","E","M","R","T","M","M","M","R","M","R","B",null,"M","?","?","M","?","R","E","R","T","R","$","M","M","M","R","B",null,"M","$","M","?","$","?","$","R","T","M","E","M","R","M","R","B",null],"character_chosen":"THE_SILENT","items_purchased":["Membership Card","Ancient Tea Set","Strawberry","Fire Potion","Pen Nib","Infinite Blades","Strength Potion"],"campfire_rested":2,"item_purchase_floors":[28,28,28,28,36,36,36],"current_hp_per_floor":[70,70,70,70,70,70,70,70,70,70,70,70,70,69,69,33,70,70,54,41,41,41,41,29,51,51,51,58,58,53,58,58,68,82,82,82,80,62,62,62,62,62,62,62,49,49,49,49,73,65],"gold":149,"neow_bonus":"THREE_ENEMY_KILL","is_daily":false,"chose_seed":false,"campfire_upgraded":8,"win_rate":0.0,"timestamp":1613127408,"path_taken":["M","?","?","?","?","E","M","R","T","M","M","M","R","M","R","BOSS","M","?","?","M","?","R","E","R","T","R","$","M","M","M","R","BOSS","M","$","M","?","$","?","?","R","T","M","E","M","R","M","R","BOSS"],"items_purchased_type":["Relic","Relic","Relic","Potion","Relic","Card","Potion"],"build_version":"2020-12-22","purchased_purges":3,"victory":true,"max_hp_per_floor":[70,70,70,70,70,70,70,70,70,70,70,70,70,70,70,70,70,70,70,75,75,75,75,75,75,75,75,82,82,82,82,82,82,82,82,82,82,82,82,82,82,82,82,82,82,82,82,82,82,82],"card_choices":[{"not_picked":["Deflect","Dagger Spray"],"picked":"PiercingWail","floor":1},{"not_picked":["Outmaneuver","Blur"],"picked":"Dagger Throw","floor":3},{"not_picked":["Wraith Form v2","Corpse Explosion"],"picked":"All Out Attack","floor":6},{"not_picked":["Blur","Quick Slash"],"picked":"Cloak And Dagger","floor":7},{"not_picked":["Underhanded Strike","Expertise"],"picked":"Accuracy","floor":7},{"not_picked":["Dodge and Roll","Corpse Explosion"],"picked":"Blade Dance","floor":10},{"not_picked":["Distraction","Blur"],"picked":"Backflip","floor":10},{"not_picked":["Eviscerate","Backflip"],"picked":"Cloak And Dagger","floor":11},{"not_picked":["Quick Slash","Prepared"],"picked":"Escape Plan","floor":11},{"not_picked":["Noxious Fumes","Blade Dance"],"picked":"Cloak And Dagger","floor":12},{"not_picked":["Flying Knee","Night Terror","Dash"],"picked":"SKIP","floor":12},{"not_picked":["Dash","Dagger Throw"],"picked":"Dagger Spray","floor":14},{"not_picked":["Caltrops","Backflip","Flechettes"],"picked":"SKIP","floor":14},{"not_picked":["Storm of Steel","Wraith Form v2"],"picked":"Adrenaline","floor":16},{"not_picked":["Backflip"],"picked":"SKIP","floor":18},{"not_picked":["Sucker Punch"],"picked":"SKIP","floor":18},{"not_picked":[],"picked":"Infinite Blades+1","floor":21},{"not_picked":["Flechettes"],"picked":"SKIP","floor":21},{"not_picked":[],"picked":"Prepared","floor":24},{"not_picked":[],"picked":"Prepared+1","floor":29},{"not_picked":["Deadly Poison"],"picked":"SKIP","floor":29},{"not_picked":["Backstab"],"picked":"SKIP","floor":30},{"not_picked":["Footwork"],"picked":"SKIP","floor":30},{"not_picked":["Catalyst"],"picked":"SKIP","floor":31},{"not_picked":["Quick Slash"],"picked":"SKIP","floor":31},{"not_picked":[],"picked":"After Image","floor":33},{"not_picked":["Prepared"],"picked":"SKIP","floor":35},{"not_picked":["Leg Sweep"],"picked":"SKIP","floor":35},{"not_picked":["Flying Knee"],"picked":"SKIP","floor":37},{"not_picked":["Flying Knee+1"],"picked":"SKIP","floor":37},{"not_picked":["Dodge and Roll+1"],"picked":"SKIP","floor":44},{"not_picked":["Backstab+1"],"picked":"SKIP","floor":44},{"not_picked":["Infinite Blades"],"picked":"SKIP","floor":45},{"not_picked":["Dagger Throw+1"],"picked":"SKIP","floor":46},{"not_picked":["Dagger Throw+1"],"picked":"SKIP","floor":46},{"not_picked":[],"picked":"Choke+1","floor":48},{"not_picked":["Acrobatics"],"picked":"SKIP","floor":48}],"player_experience":104297,"relics_obtained":[{"floor":5,"key":"Prayer Wheel"},{"floor":6,"key":"Shuriken"},{"floor":9,"key":"Toy Ornithopter"},{"floor":19,"key":"Enchiridion"},{"floor":24,"key":"Lantern"},{"floor":26,"key":"Bronze Scales"},{"floor":38,"key":"Girya"},{"floor":45,"key":"Kunai"}],"event_choices":[{"cards_removed":["PiercingWail"],"damage_healed":0,"gold_gain":0,"player_choice":"Took Card","damage_taken":0,"max_hp_gain":0,"max_hp_loss":0,"event_name":"NoteForYourself","floor":2,"gold_loss":0,"cards_obtained":["PowerUp"]},{"damage_healed":0,"gold_gain":0,"player_choice":"Grow","damage_taken":0,"max_hp_gain":0,"max_hp_loss":0,"event_name":"Living Wall","floor":4,"gold_loss":0,"cards_upgraded":["Dagger Throw"]},{"damage_healed":0,"gold_gain":0,"player_choice":"Obtained Book","damage_taken":16,"max_hp_gain":0,"max_hp_loss":0,"event_name":"Cursed Tome","floor":19,"gold_loss":0},{"damage_healed":0,"gold_gain":0,"player_choice":"Shed Blood","damage_taken":18,"max_hp_gain":5,"max_hp_loss":0,"event_name":"Forgotten Altar","floor":20,"gold_loss":0},{"damage_healed":0,"gold_gain":0,"player_choice":"Ignored","damage_taken":0,"max_hp_gain":0,"max_hp_loss":0,"event_name":"Vampires","floor":22,"gold_loss":0},{"damage_healed":0,"gold_gain":0,"player_choice":"Fight","damage_taken":0,"max_hp_gain":0,"max_hp_loss":0,"event_name":"Mysterious Sphere","floor":38,"gold_loss":0},{"damage_healed":0,"gold_gain":0,"player_choice":"Memory 1","damage_taken":0,"max_hp_gain":0,"max_hp_loss":0,"event_name":"SensoryStone","floor":40,"gold_loss":0}],"is_beta":false,"boss_relics":[{"not_picked":["SacredBark","Astrolabe"],"picked":"Busted Crown"},{"not_picked":["Sozu","Velvet Choker"],"picked":"HoveringKite"}],"items_purged_floors":[28,36,39],"is_endless":false,"potions_floor_spawned":[11,12,14,16,18,21,30,31,35,45],"ascension_level":0}}