{"host":"kg61lsvem4dxoat8","time":1613128051,"event":{"mods":["AchievementEnabler","BaseMod","Better Altar","Better Match","Better Sensory Stone","Better Skull","Block Reminder","Highlight Path","Minty Spire (QoL Compilation)","Quick Restart","Rare Cards Sparkle","Relic Sorter","Relic Stats","StSLib","Synergy Search","slay the spire mod where everything is the same but ironclad has a cowboy hat"],"gold_per_floor":[119,43,43,43,55,55,55,90,90,90,90,90,107,123,123,123,123],"floor_reached":16,"language":"ENG","playtime":271,"items_purged":[],"score":147,"play_id":"17e9d9e5-72f8-4c71-898c-70a4e568fd9c","local_time":"20210212190731","is_ascension_mode":true,"campfire_choices":[{"data":"Rampage","floor":6,"key":"SMITH"},{"data":"Infernal Blade","floor":10,"key":"SMITH"},{"data":"Pommel Strike","floor":15,"key":"SMITH"}],"circlet_count":0,"master_deck":["AscendersBane","Strike_R","Strike_R","Strike_R","Strike_R","Defend_R","Defend_R","Defend_R","Defend_R","Pommel Strike+1","Rampage+1","Infernal Blade+1","Doubt","Disarm"],"relics":["Cursed Key","Mango","Darkstone Periapt"],"acts_visited":["Exordium"],"potions_floor_usage":[16],"damage_taken":[{"damage":14,"enemies":"Small Slimes","floor":1,"turns":4},{"damage":0,"enemies":"2 Louse","floor":5,"turns":2},{"damage":40,"enemies":"3 Sentries","floor":8,"turns":9},{"damage":0,"enemies":"Cultist","floor":13,"turns":4},{"damage":9,"enemies":"Red Slaver","floor":14,"turns":3},{"damage":28,"enemies":"The Guardian","floor":16,"turns":2}],"seed_played":"289084929344913832","potions_obtained":[{"floor":5,"key":"BlessingOfTheForge"}],"is_trial":false,"path_per_floor":["M","$","?","?","M","R","$","E","T","R","?","$","M","M","R","B"],"character_chosen":"IRONCLAD","items_purchased":["Rampage"],"campfire_rested":0,"item_purchase_floors":[2],"current_hp_per_floor":[58,58,51,43,43,43,43,17,17,17,17,17,17,8,8,0,0],"gold":123,"neow_bonus":"BOSS_RELIC","is_daily":false,"chose_seed":false,"campfire_upgraded":3,"win_rate":0.0,"timestamp":1613128051,"path_taken":["M","$","?","?","?","R","?","E","T","R","?","$","?","M","R","BOSS"],"items_purchased_type":["Card"],"build_version":"2020-12-22","purchased_purges":0,"victory":false,"max_hp_per_floor":[80,80,80,80,80,80,80,94,94,94,94,94,94,94,94,94,94],"relic_stats":{"Darkstone Periapt":0,"counters":[6,24],"Cursed Key":1,"obtain_stats":[{"Darkstone Periapt":9,"Mango":8,"Cursed Key":0,"Burning Blood":0},{"Darkstone Periapt":3,"Mango":3,"Cursed Key":0,"Burning Blood":0},{"Darkstone Periapt":15,"Mango":15,"Cursed Key":0,"Burning Blood":0}]},"card_choices":[{"not_picked":["Thunderclap","Heavy Blade"],"picked":"Pommel Strike","floor":1},{"not_picked":["Anger","Clash","Sword Boomerang"],"picked":"SKIP","floor":5},{"not_picked":["Reaper","Power Through"],"picked":"Infernal Blade","floor":8},{"not_picked":["Perfected Strike","Twin Strike","Clothesline"],"picked":"SKIP","floor":13},{"not_picked":["Second Wind","Sword Boomerang","Thunderclap"],"picked":"SKIP","floor":14}],"player_experience":1493668,"relics_obtained":[{"floor":8,"key":"Mango"},{"floor":9,"key":"Darkstone Periapt"}],"event_choices":[{"cards_removed":["Strike_R"],"damage_healed":0,"gold_gain":0,"player_choice":"Card Removal","damage_taken":7,"max_hp_gain":0,"max_hp_loss":0,"event_name":"Golden Wing","floor":3,"gold_loss":0},{"damage_healed":0,"gold_gain":0,"player_choice":"Damaged","damage_taken":8,"max_hp_gain":0,"max_hp_loss":0,"event_name":"Wheel of Change","floor":4,"gold_loss":0},{"damage_healed":0,"gold_gain":0,"cards_transformed":["Bash"],"player_choice":"Transformed","damage_taken":0,"max_hp_gain":0,"max_hp_loss":0,"event_name":"Transmorgrifier","floor":11,"gold_loss":0,"cards_obtained":["Disarm"]}],"is_beta":false,"boss_relics":[],"items_purged_floors":[],"is_endless":false,"potions_floor_spawned":[5],"killed_by":"The Guardian","ascension_level":10}}