{"host":"prxrhpgaxnj4om9r","time":1613138369,"event":{"mods":["AchievementEnabler","BaseMod","DeckTracker","Keyboard Shortcuts","Minty Spire (QoL Compilation)"],"gold_per_floor":[119,119,133,208,208,236,236,256,256,256,276,296,327,354,366,378,378],"floor_reached":16,"language":"KOR","playtime":729,"items_purged":[],"score":137,"play_id":"117944fb-a672-4e59-a0d4-3e031bba3ed9","local_time":"20210212225929","is_ascension_mode":false,"campfire_choices":[{"data":"Eruption","floor":7,"key":"SMITH"},{"floor":15,"key":"REST"}],"circlet_count":0,"master_deck":["Strike_P","Strike_P","Strike_P","Strike_P","Defend_P","Defend_P","Defend_P","Defend_P","Eruption+1","Vigilance","ClearTheMind","FlyingSleeves","Worship","Halt","Scrawl","EmptyMind","Fasting2","Tantrum+1"],"relics":["PureWater","NeowsBlessing","Smiling Mask","Molten Egg 2","MawBank"],"acts_visited":["Exordium"],"potions_floor_usage":[13,16],"damage_taken":[{"damage":0.0,"enemies":"2 Louse","floor":1.0,"turns":1.0},{"damage":0.0,"enemies":"Jaw Worm","floor":3.0,"turns":1.0},{"damage":0.0,"enemies":"3 Sentries","floor":6.0,"turns":2.0},{"damage":0,"enemies":"Cultist","floor":8,"turns":2},{"damage":36,"enemies":"Exordium Thugs","floor":11,"turns":5},{"damage":0,"enemies":"Gremlin Gang","floor":12,"turns":3},{"damage":18,"enemies":"Gremlin Nob","floor":13,"turns":3},{"damage":8,"enemies":"Looter","floor":14,"turns":2},{"damage":55,"enemies":"The Guardian","floor":16,"turns":10}],"seed_played":"8439341800713760933","potions_obtained":[{"floor":12,"key":"SkillPotion"},{"floor":14,"key":"Fire Potion"}],"is_trial":false,"path_per_floor":["M","$","M","?","?","E","R","M","T","?","M","M","E","M","R","B"],"character_chosen":"WATCHER","items_purchased":[],"campfire_rested":1,"item_purchase_floors":[],"current_hp_per_floor":[72,72,72,61,66,66,66,66,66,66,30,30,12,4,27,0,0],"gold":378,"neow_bonus":"THREE_ENEMY_KILL","is_daily":false,"chose_seed":false,"campfire_upgraded":1,"win_rate":0.0,"timestamp":1613138369,"path_taken":["M","$","M","?","?","E","R","M","T","?","?","M","E","M","R","BOSS"],"items_purchased_type":[],"build_version":"2020-12-22","purchased_purges":0,"victory":false,"max_hp_per_floor":[72,72,72,72,77,77,77,77,77,77,77,77,77,77,77,77,77],"card_choices":[{"not_picked":["ThirdEye","Crescendo"],"picked":"ClearTheMind","floor":1.0},{"not_picked":["Wallop","CutThroughFate"],"picked":"FlyingSleeves","floor":3.0},{"not_picked":["PathToVictory","SashWhip"],"picked":"Worship","floor":6.0},{"not_picked":["BattleHymn","Fasting2"],"picked":"Halt","floor":8},{"not_picked":["Halt","PathToVictory"],"picked":"Scrawl","floor":11},{"not_picked":["Collect","FlyingSleeves+1"],"picked":"EmptyMind","floor":12},{"not_picked":["EmptyMind","Crescendo"],"picked":"Fasting2","floor":13},{"not_picked":["TalkToTheHand+1","ThirdEye"],"picked":"Tantrum+1","floor":14}],"player_experience":409002,"relics_obtained":[{"floor":6.0,"key":"Smiling Mask"},{"floor":9,"key":"Molten Egg 2"},{"floor":13,"key":"MawBank"}],"event_choices":[{"damage_healed":0.0,"max_hp_gain":0.0,"max_hp_loss":0.0,"gold_gain":75.0,"event_name":"World of Goop","player_choice":"Gather Gold","floor":4.0,"gold_loss":0.0,"damage_taken":11.0},{"damage_healed":0.0,"max_hp_gain":5.0,"max_hp_loss":0.0,"gold_gain":0.0,"event_name":"Big Fish","player_choice":"Donut","floor":5.0,"gold_loss":0.0,"damage_taken":0.0},{"damage_healed":0,"gold_gain":0,"player_choice":"Leave","damage_taken":0,"max_hp_gain":0,"max_hp_loss":0,"event_name":"The Cleric","floor":10,"gold_loss":0}],"is_beta":false,"boss_relics":[],"items_purged_floors":[],"is_endless":false,"potions_floor_spawned":[12,14],"killed_by":"The Guardian","ascension_level":0}}