{"host":"qswkx8hggytna0kc","time":1613114999,"event":{"mods":["Aspiration","BaseMod","BetterRewards","Colored Map","Colored Powertips","Highlight Path","Hubris","Mimic Mod","Minty Spire (QoL Compilation)","MostiFishMod","Quick Restart","Replay The Spire","StSLib","SuperFastMode"],"gold_per_floor":[111,36,52,65,81,108,108,136,163,163,191,205,205,237,237,312,312,326,341,355,355,373,402,402,427,463,463,476,496,510,524,524,601,601,613,613,625,650,663,693,693,724,750,782,694,709,709,725,725,725,725,725,900,931,931],"floor_reached":56,"language":"ZHS","playtime":1797,"items_purged":["Strike_R","Strike_R","Strike_R"],"score":2940,"play_id":"fa7d1c5b-56dc-45b1-b308-0f62f89bb45c","local_time":"20210212152959","is_ascension_mode":true,"campfire_choices":[{"data":"MostiFishMod:KnuckleDown","floor":7.0,"key":"SMITH"},{"data":"ReplayTheSpireMod:Strike From Hell","floor":10.0,"key":"SMITH"},{"floor":13.0,"key":"REST"},{"data":"MostiFishMod:HellRitual","floor":24.0,"key":"SMITH"},{"floor":32.0,"key":"DIG"},{"floor":41.0,"key":"RECALL"},{"data":"Madness","floor":47.0,"key":"SMITH"},{"data":"MostiFishMod:NewArrival","floor":49.0,"key":"SMITH"},{"data":"Anger","floor":52,"key":"SMITH"}],"circlet_count":0,"master_deck":["AscendersBane","Strike_R","Defend_R","Defend_R","Defend_R","Defend_R","Bash","MostiFishMod:KnuckleDown+1","Clash+1","Rampage","Anger+1","Sentinel","Twin Strike","ReplayTheSpireMod:Strike From Hell+1","Clash","Immolate","Pommel Strike","MostiFishMod:HellRitual+1","Anger+1","True Grit+1","Bloodletting","hubris:StunningStrike","Perfected Strike","Anger+1","Anger+1","MostiFishMod:NewArrival+1","MostiFishMod:UltimateDefense","Pommel Strike+1","Madness+1","Madness","Replay:Undeath\u0027s Touch","Pommel Strike","ReplayTheSpireMod:Strike From Hell+1","Clash","Abandon","hubris:StunningStrike","Pommel Strike+1"],"relics":["Burning Blood","DaveBox","JellyFishMachine","SynthV:TestCard","Another Sword","hubris:TenFootPole","ReplayTheSpireMod:TigerMarble","Bottled Lightning","Red Skull","RhineSuit","HollowDreamFlower","Potion Belt","Snack Pack","Orichalcum","TimeKeys","Pondfish Scales","ReplayFunnel","hubris:MysteriousPyramids","MawBank","hubris:NiceRug","Replay:Ringing Soul","Replay:Bottled Eggs","SynthV","Calipers"],"acts_visited":["Exordium","TheCity","TheBeyond","TheEnding"],"potions_floor_usage":[55,55,55],"damage_taken":[{"damage":0.0,"enemies":"Cultist","floor":1.0,"turns":2.0},{"damage":1.0,"enemies":"2 Louse","floor":3.0,"turns":2.0},{"damage":0.0,"enemies":"Small Slimes","floor":4.0,"turns":2.0},{"damage":7.0,"enemies":"3 Louse","floor":5.0,"turns":2.0},{"damage":55.0,"enemies":"3 Sentries","floor":6.0,"turns":11.0},{"damage":11.0,"enemies":"Replay:BlueRogue","floor":8.0,"turns":3.0},{"damage":12.0,"enemies":"Lagavulin","floor":11.0,"turns":4.0},{"damage":4.0,"enemies":"2 Fungi Beasts","floor":12.0,"turns":2.0},{"damage":4.0,"enemies":"Replay:BlueRogue","floor":14.0,"turns":3.0},{"damage":0.0,"enemies":"Slime Boss","floor":16.0,"turns":5.0},{"damage":5.0,"enemies":"2 Thieves","floor":18.0,"turns":3.0},{"damage":0.0,"enemies":"Chosen","floor":19.0,"turns":2.0},{"damage":13.0,"enemies":"3 Cultists","floor":20.0,"turns":4.0},{"damage":12.0,"enemies":"Cultist and Chosen","floor":22.0,"turns":3.0},{"damage":0.0,"enemies":"Gremlin Leader","floor":23.0,"turns":3.0},{"damage":21.0,"enemies":"Replay:Snechameleon","floor":25.0,"turns":2.0},{"damage":0.0,"enemies":"Shelled Parasite and Fungi","floor":26.0,"turns":3.0},{"damage":6.0,"enemies":"Shelled Parasite and Fungi","floor":28.0,"turns":3.0},{"damage":1.0,"enemies":"Centurion and Healer","floor":29.0,"turns":3.0},{"damage":18.0,"enemies":"Snake Plant","floor":30.0,"turns":2.0},{"damage":0.0,"enemies":"Snecko","floor":31.0,"turns":2.0},{"damage":61.0,"enemies":"Pondfish","floor":33.0,"turns":6.0},{"damage":3.0,"enemies":"3 Darklings","floor":35.0,"turns":2.0},{"damage":0.0,"enemies":"Orb Walker","floor":37.0,"turns":2.0},{"damage":38.0,"enemies":"Mind Bloom Boss Battle","floor":38.0,"turns":5.0},{"damage":0.0,"enemies":"Sphere and 2 Shapes","floor":39.0,"turns":3.0},{"damage":39.0,"enemies":"R_Hoarder","floor":40.0,"turns":6.0},{"damage":3.0,"enemies":"Giant Head","floor":42.0,"turns":3.0},{"damage":3.0,"enemies":"R_Hoarder","floor":44.0,"turns":5.0},{"damage":0.0,"enemies":"Transient","floor":46.0,"turns":6.0},{"damage":0.0,"enemies":"3 Darklings","floor":48.0,"turns":3.0},{"damage":27,"enemies":"Donu and Deca","floor":50,"turns":5},{"damage":8,"enemies":"hubris:Merchant","floor":53,"turns":4},{"damage":3,"enemies":"Shield and Spear","floor":54,"turns":5},{"damage":59,"enemies":"The Heart","floor":55,"turns":8}],"seed_played":"1051482343333616517","potions_obtained":[{"floor":4.0,"key":"BlessingOfTheForge"},{"floor":6.0,"key":"Reflective Coating"},{"floor":11.0,"key":"LifebloodPotion"},{"floor":14.0,"key":"SmokeBomb"},{"floor":18.0,"key":"BloodPotion"},{"floor":22.0,"key":"Block Potion"},{"floor":25.0,"key":"ColorlessPotion"},{"floor":29.0,"key":"Energy Potion"},{"floor":30.0,"key":"Fire Potion"},{"floor":35.0,"key":"Swift Potion"},{"floor":37.0,"key":"SpeedPotion"},{"floor":39.0,"key":"Swift Potion"},{"floor":44.0,"key":"BlessingOfTheForge"},{"floor":46.0,"key":"AttackPotion"},{"floor":53,"key":"FairyPotion"}],"is_trial":false,"path_per_floor":["M","$","M","M","M","E","R","E","T","R","E","M","R","E","R_BF","B",null,"M","M","M","?","M","E","R","E","MIM","?","M","M","M","M","R_BF","B",null,"M","?","M","?","M","E","R","E","T","E","$","M","R","M","R","B",null,"R","$","E","B",null],"character_chosen":"IRONCLAD","items_purchased":[],"campfire_rested":1,"item_purchase_floors":[],"current_hp_per_floor":[74,74,75,75,74,25,25,20,20,20,14,16,38,40,62,68,73,74,75,68,51,45,51,51,40,50,50,63,75,75,75,75,28,63,75,68,75,45,63,53,53,66,66,75,75,75,75,75,75,62,72,72,75,78,35],"gold":931,"neow_bonus":"ONE_RANDOM_RARE_CARD","is_daily":false,"chose_seed":false,"campfire_upgraded":6,"win_rate":0.0,"timestamp":1613114999,"path_taken":["M","?","M","M","M","E","R","E","T","R","E","M","R","E","R_BF","BOSS","M","M","M","?","M","E","R","E","MIM","?","M","M","M","M","R_BF","BOSS","M","?","M","?","M","E","R","E","T","E","?","M","R","?","R","BOSS","R","$","E","BOSS"],"items_purchased_type":[],"build_version":"2020-12-22","purchased_purges":3,"victory":true,"max_hp_per_floor":[75,75,75,75,75,75,75,75,75,75,75,75,75,75,75,75,75,75,75,75,75,75,75,75,75,75,75,75,75,75,75,75,75,75,75,75,75,75,75,75,75,75,75,75,75,75,75,75,75,75,75,75,75,78,78],"card_choices":[{"not_picked":["Cleave","Clothesline"],"picked":"Clash","floor":1.0},{"not_picked":["Clothesline","Metallicize","ReplayTheSpireMod:Limb From Limb","Heavy Blade"],"picked":"Rampage","floor":3.0},{"not_picked":["Twin Strike","Life Link","True Grit","Thunderclap"],"picked":"Anger","floor":4.0},{"not_picked":["Armaments","ReplayTheSpireMod:Corrosion Curse","Infernal Blade","Burning Pact"],"picked":"Sentinel","floor":5.0},{"not_picked":["Metallicize","ReplayReversal","Bludgeon","Second Wind"],"picked":"Twin Strike","floor":6.0},{"not_picked":["Heavy Blade","Dual Wield","MostiFishMod:DoubleSword","MostiFishMod:#F4004"],"picked":"ReplayTheSpireMod:Strike From Hell","floor":8.0},{"not_picked":["Replay:Undeath\u0027s Touch","Feel No Pain","Bloodletting","Entrench"],"picked":"Clash","floor":11.0},{"not_picked":["Perfected Strike","Thunderclap","Cleave","Anger"],"picked":"Immolate","floor":12.0},{"not_picked":["True Grit","Twin Strike","Body Slam","Second Wind"],"picked":"Pommel Strike","floor":14.0},{"not_picked":["Demonic Infusion","Hemogenesis","Demon Form","Reaper"],"picked":"MostiFishMod:HellRitual","floor":16.0},{"not_picked":["MostiFishMod:#F4004","Shrug It Off","Metallicize","True Grit+1"],"picked":"Anger","floor":18.0},{"not_picked":["Armaments","Wild Strike","Defy Death","Power Through","Flex"],"picked":"SKIP","floor":19.0},{"not_picked":["Shrug It Off","Clothesline","ReplayTheSpireMod:Corrosion Curse","Flex"],"picked":"True Grit+1","floor":20.0},{"not_picked":["Sword Boomerang","Clothesline","Shrug It Off","hubris:ReadiedAction","Wild Strike+1"],"picked":"SKIP","floor":22.0},{"not_picked":["MostiFishMod:404NotFound","Iron Wave","Rupture","Thunderclap+1"],"picked":"Bloodletting","floor":23.0},{"not_picked":["ReplayTheSpireMod:Muscle Training","True Grit","Thunderclap","Sword Boomerang"],"picked":"hubris:StunningStrike","floor":25.0},{"not_picked":["hubris:ReadiedAction","MostiFishMod:KnuckleDown","Body Slam","Sword Boomerang"],"picked":"Perfected Strike","floor":26.0},{"not_picked":["Uppercut","Iron Wave","hubris:ReadiedAction","Intimidate","Armaments"],"picked":"SKIP","floor":28.0},{"not_picked":["MostiFishMod:BrandingRite+1","Twin Strike","Whirlwind","Shrug It Off"],"picked":"Anger","floor":29.0},{"not_picked":["Replay:Undeath\u0027s Touch","hubris:ReadiedAction","Shockwave+1","Armaments"],"picked":"Anger","floor":30.0},{"not_picked":["Dual Wield","Searing Blow","Pommel Strike","True Grit"],"picked":"MostiFishMod:NewArrival","floor":31.0},{"not_picked":["Demon Form","Demonic Infusion","MostiFishMod:KnuckleDown","Corruption"],"picked":"MostiFishMod:UltimateDefense","floor":33.0},{"not_picked":["Warcry","Havoc","Run Through","Pummel"],"picked":"Pommel Strike+1","floor":35.0},{"not_picked":["ReplayTheSpireMod:Stacked","Clothesline","Feel No Pain+1","Cleave"],"picked":"Replay:Undeath\u0027s Touch","floor":37.0},{"not_picked":["Warcry","True Grit","Armaments","Barricade","Wild Strike"],"picked":"SKIP","floor":39.0},{"not_picked":["Sword Boomerang","ReplayTheSpireMod:Corrosion Curse","Run Through","Searing Blow"],"picked":"Pommel Strike","floor":40.0},{"not_picked":["Heavy Blade","Clash+1","Evolve","Feel No Pain"],"picked":"ReplayTheSpireMod:Strike From Hell+1","floor":42.0},{"not_picked":["Heavy Blade","Wild Strike","ReplayTheSpireMod:Stacked+1","Replay:Undeath\u0027s Touch"],"picked":"Clash","floor":44.0},{"not_picked":["Defy Death","Wild Strike","Searing Blow","Life Link"],"picked":"Abandon","floor":46.0},{"not_picked":["Flame Barrier","Infernal Blade","Life Link","Clash"],"picked":"hubris:StunningStrike","floor":48.0},{"not_picked":["Hemokinesis"],"picked":"SKIP","floor":53},{"not_picked":["Uppercut"],"picked":"SKIP","floor":53},{"not_picked":["hubris:SharpeningStone"],"picked":"SKIP","floor":53},{"not_picked":["Armaments"],"picked":"SKIP","floor":53},{"not_picked":["Combust"],"picked":"SKIP","floor":53},{"not_picked":["Replay:Sssssssssstrike"],"picked":"SKIP","floor":53},{"not_picked":["MostiFishMod:TheLastGuard"],"picked":"SKIP","floor":53},{"not_picked":["Sentinel","Fire Breathing","True Grit","Shrug It Off"],"picked":"Pommel Strike+1","floor":54}],"player_experience":400478,"relics_obtained":[{"floor":1.0,"key":"SynthV:TestCard"},{"floor":6.0,"key":"Another Sword"},{"floor":8.0,"key":"hubris:TenFootPole"},{"floor":9.0,"key":"ReplayTheSpireMod:TigerMarble"},{"floor":11.0,"key":"Bottled Lightning"},{"floor":14.0,"key":"Red Skull"},{"floor":23.0,"key":"HollowDreamFlower"},{"floor":25.0,"key":"Potion Belt"},{"floor":26.0,"key":"Snack Pack"},{"floor":32.0,"key":"Orichalcum"},{"floor":38.0,"key":"Pondfish Scales"},{"floor":40.0,"key":"ReplayFunnel"},{"floor":42.0,"key":"hubris:MysteriousPyramids"},{"floor":44.0,"key":"MawBank"},{"floor":53,"key":"Replay:Ringing Soul"},{"floor":53,"key":"Replay:Bottled Eggs"},{"floor":53,"key":"SynthV"},{"floor":54,"key":"Calipers"}],"event_choices":[{"cards_removed":["Strike_R"],"damage_healed":0.0,"max_hp_gain":0.0,"max_hp_loss":0.0,"gold_gain":0.0,"event_name":"Back to Basics","player_choice":"Elegance","floor":27.0,"gold_loss":0.0,"damage_taken":0.0},{"damage_healed":0.0,"max_hp_gain":0.0,"max_hp_loss":0.0,"gold_gain":0.0,"event_name":"Winding Halls","player_choice":"Embrace Madness","floor":36.0,"gold_loss":0.0,"damage_taken":14.0,"cards_obtained":["Madness","Madness"]},{"damage_healed":0.0,"max_hp_gain":0.0,"max_hp_loss":0.0,"gold_gain":0.0,"event_name":"MindBloom","player_choice":"Fight","floor":38.0,"gold_loss":0.0,"damage_taken":0.0}],"is_beta":false,"boss_relics":[{"not_picked":["Calling Bell","Replay:Ancient Bell"],"picked":"RhineSuit"},{"not_picked":["Ooze Armor","Black Blood"],"picked":"TimeKeys"}],"items_purged_floors":[2,45,53],"is_endless":false,"potions_floor_spawned":[4,6,11,14,18,22,25,29,30,35,37,39,44,46,48],"ascension_level":16}}