{"host":"vxxgntm1odai56nh","time":1613091925,"event":{"mods":["AchievementEnabler","BaseMod","Colored Map","Colored Powertips","Highlight Path","Minty Spire (QoL Compilation)","Permanent Neow","Rare Cards Sparkle","Relic Stats","StSLib"],"gold_per_floor":[117,117,131,146,159,159,170,170,170],"floor_reached":8,"language":"ENG","playtime":278,"items_purged":[],"score":58,"play_id":"6aa579b7-3405-4f93-8ed2-f38229528568","local_time":"20210211200525","is_ascension_mode":true,"campfire_choices":[{"data":"Zap","floor":6,"key":"SMITH"}],"circlet_count":0,"master_deck":["Strike_B","Strike_B","Strike_B","Strike_B","Defend_B","Defend_B","Defend_B","Defend_B","Zap+1","Dualcast","Biased Cognition","Rebound","Core Surge","Fusion","Ball Lightning","Turbo","Lockon","Streamline"],"relics":["Cracked Core"],"acts_visited":["Exordium"],"potions_floor_usage":[7],"damage_taken":[{"damage":0,"enemies":"Cultist","floor":1,"turns":3},{"damage":7,"enemies":"Jaw Worm","floor":3,"turns":3},{"damage":0,"enemies":"Small Slimes","floor":4,"turns":2},{"damage":9,"enemies":"Red Slaver","floor":5,"turns":2},{"damage":19,"enemies":"Lots of Slimes","floor":7,"turns":3},{"damage":40,"enemies":"3 Sentries","floor":8,"turns":4}],"seed_played":"9073831530777532957","potions_obtained":[{"floor":3,"key":"PowerPotion"},{"floor":4,"key":"LiquidMemories"},{"floor":7,"key":"SteroidPotion"}],"is_trial":false,"path_per_floor":["M","?","M","M","M","R","M","E"],"character_chosen":"DEFECT","items_purchased":[],"campfire_rested":0,"item_purchase_floors":[],"current_hp_per_floor":[75,75,68,68,59,59,40,0,0],"gold":170,"neow_bonus":"ONE_RANDOM_RARE_CARD","is_daily":false,"chose_seed":false,"campfire_upgraded":1,"win_rate":0.0,"timestamp":1613091925,"path_taken":["M","?","M","M","?","R","M","E"],"items_purchased_type":[],"build_version":"2020-12-22","purchased_purges":0,"victory":false,"max_hp_per_floor":[75,75,75,75,75,75,75,75,75],"relic_stats":{"counters":[6,17],"obtain_stats":[{"Cracked Core":0},{"Cracked Core":0},{"Cracked Core":0}]},"card_choices":[{"not_picked":["Steam","Streamline"],"picked":"Rebound","floor":1},{"not_picked":["Sunder","Leap"],"picked":"Ball Lightning","floor":3},{"not_picked":["Coolheaded","Conserve Battery"],"picked":"Turbo","floor":4},{"not_picked":["Coolheaded","Stack"],"picked":"Lockon","floor":5},{"not_picked":["Gash","Ball Lightning"],"picked":"Streamline","floor":7}],"player_experience":135446,"relics_obtained":[],"event_choices":[{"damage_healed":0,"gold_gain":0,"player_choice":"2 cards matched","damage_taken":0,"max_hp_gain":0,"max_hp_loss":0,"event_name":"Match and Keep!","floor":2,"gold_loss":0,"cards_obtained":["Core Surge","Fusion"]}],"is_beta":false,"boss_relics":[],"items_purged_floors":[],"is_endless":false,"potions_floor_spawned":[3,4,7],"killed_by":"3 Sentries","ascension_level":3}}