{"host":"867cnhxguf2bzj4x","time":1613156107,"event":{"mods":["BaseMod","BetterRewards","GifTheSpireLib","Lobotomy","Minty Spire (QoL Compilation)","StSLib","The Bug Knight","The Cursed","The Necromancer"],"gold_per_floor":[115,128,128,128,147,147,147],"floor_reached":6,"language":"ENG","playtime":226,"items_purged":[],"score":36,"play_id":"0009f7f1-f0b6-4fe1-a580-12119dd9b112","local_time":"20210212195507","is_ascension_mode":false,"campfire_choices":[],"circlet_count":0,"master_deck":["Strike_G","Strike_G","Strike_G","Strike_G","Strike_G","Defend_G","Defend_G","Defend_G","Defend_G","Survivor","Neutralize","MeatLantern","FairyFestival"],"relics":["Ring of the Snake","CogitoBucket"],"acts_visited":["Exordium"],"potions_floor_usage":[],"damage_taken":[{"damage":16,"enemies":"Jaw Worm","floor":1,"turns":4},{"damage":45,"enemies":"Cultist","floor":2,"turns":5},{"damage":0,"enemies":"2 Louse","floor":5,"turns":4},{"damage":50,"enemies":"Lagavulin","floor":6,"turns":1}],"seed_played":"4179942236935451016","potions_obtained":[{"floor":1,"key":"Swift Potion"}],"is_trial":false,"path_per_floor":["M","M","?","?","M","E"],"character_chosen":"THE_SILENT","items_purchased":[],"campfire_rested":0,"item_purchase_floors":[],"current_hp_per_floor":[54,9,2,2,7,0,0],"gold":147,"neow_bonus":"","is_daily":false,"chose_seed":false,"campfire_upgraded":0,"win_rate":0.0,"timestamp":1613156107,"path_taken":["M","M","?","?","?","E"],"items_purchased_type":[],"build_version":"2020-12-22","purchased_purges":0,"victory":false,"max_hp_per_floor":[70,70,70,70,70,70,70],"card_choices":[{"not_picked":["GalaxyChild","UniverseFragment"],"picked":"MeatLantern","floor":1},{"not_picked":["Dagger Spray","Slice","Concentrate"],"picked":"SKIP","floor":1},{"not_picked":["Scorched","VoidDream"],"picked":"FairyFestival","floor":2},{"not_picked":["Prepared","Underhanded Strike","Slice"],"picked":"SKIP","floor":2},{"not_picked":["Prepared","Underhanded Strike","Slice"],"picked":"SKIP","floor":2},{"not_picked":["Bane","Backflip","Prepared"],"picked":"SKIP","floor":5}],"player_experience":109353,"relics_obtained":[],"event_choices":[{"cards_removed":["Defend_G"],"damage_healed":0,"gold_gain":0,"player_choice":"Card Removal","damage_taken":7,"max_hp_gain":0,"max_hp_loss":0,"event_name":"Golden Wing","floor":3,"gold_loss":0},{"damage_healed":0,"gold_gain":0,"player_choice":"0 cards matched","damage_taken":0,"max_hp_gain":0,"max_hp_loss":0,"event_name":"Match and Keep!","floor":4,"gold_loss":0,"cards_obtained":[]}],"is_beta":false,"boss_relics":[],"items_purged_floors":[],"is_endless":false,"potions_floor_spawned":[1],"killed_by":"Lagavulin","ascension_level":0}}