{"host":"iy54rgx5egu9t31x","time":1613130845,"event":{"mods":["2.2 Compatiblity","Act Like it!","Always Whale","BaseMod","Downfall","Gensokyo","Marisa¡]Ãú«B¡@Å]²z¨F¡^","Minty Spire (QoL Compilation)","Quick Restart","StSLib","SuperFastMode"],"gold_per_floor":[349,369,379,239,257,28,28,28,48,363,263,488,388,150,160,260,260,260,273,290,143,143,156,227,227,252,202,235,247,259,271,294,905,917,929,953,905,33,60,72,138,162,120,120,120,333,353,679,689,689],"floor_reached":51,"language":"ZHS","playtime":1877,"items_purged":[],"score":942,"play_id":"e7a78938-6be0-4997-bf44-0adca814f297","local_time":"20210212195405","is_ascension_mode":false,"campfire_choices":[{"floor":1,"key":"RECALL"},{"floor":11,"key":"DIG"},{"floor":13,"key":"DIG"},{"floor":18,"key":"DIG"},{"floor":29,"key":"DIG"},{"floor":30,"key":"DIG"},{"floor":35,"key":"DIG"},{"floor":44,"key":"DIG"}],"circlet_count":0,"master_deck":["bronze:Strike","bronze:Strike","bronze:Strike","bronze:Strike","bronze:Defend+1","bronze:Defend","bronze:Defend","bronze:Replicate","bronze:Goto","bronze:Frontload","bronze:Boost","bronze:Optimize","bronze:DelayedGuard+1","bronze:GetLatest","bronze:Invalidate+1","bronze:BronzeOrb+1","bronze:Verify","bronze:ChosenStrike+1","bronze:DigitalCarnage+1","bronze:Break+1","bronze:Fortify+1","bronze:Branch+1","bronze:DarkDash+1","bronze:Format","bronze:AlphaBuild+1","bronze:Shell","expansioncontent:StudyTheSpire+1","bronze:BitShift+1","bronze:BurnOut+1","bronze:Boost+1","Gensokyo:CustomPotion","Gensokyo:Shovel","Gensokyo:LifeforceConverter","Gensokyo:MedicineKit","bronze:Repulsor+1","downfall:Malfunctioning","bronze:Flail+1","bronze:ThunderWave+1","expansioncontent:QuickStudy","bronze:DelayedSlice+1","bronze:BronzeArmor","bronze:MaxOutput+1","bronze:SpaghettiCode","bronze:ItsAFeature+1"],"relics":["bronze:BronzeCore","hexamod:Sixitude","Toolbox","Shovel","downfall:HeartBlessingRed","Molten Egg 2","Bag of Marbles","downfall:HeartBlessingGreen","Omamori","Boot","Cursed Key","WingedGreaves","Gensokyo:DirgeOfMelancholy","The Courier","InkBottle","Nunchaku","MawBank","Blood Vial","Ice Cream","Happy Flower","Philosopher\u0027s Stone","Strawberry","OrangePellets","Mummified Hand","Pear","War Paint","Bag of Preparation","Ancient Tea Set","Centennial Puzzle","Letter Opener","Meat on the Bone"],"acts_visited":["Gensokyo:Gensokyo","Gensokyo:Gensokyoer","Gensokyo:Gensokyoest"],"potions_floor_usage":[12,16,26,33],"damage_taken":[{"damage":10,"enemies":"Gensokyo:Gryphon","floor":2,"turns":3},{"damage":2,"enemies":"Gensokyo:Python","floor":3,"turns":5},{"damage":0,"enemies":"Gensokyo:3_Fairies","floor":5,"turns":5},{"damage":3,"enemies":"Gensokyo:3_Kodama","floor":9,"turns":7},{"damage":1,"enemies":"Gensokyo:Gryphon_and_Rabbit","floor":10,"turns":6},{"damage":6,"enemies":"Gensokyo:Cirno","floor":12,"turns":5},{"damage":0,"enemies":"downfall:FleeingMerchant","floor":14,"turns":4},{"damage":0,"enemies":"Gensokyo:2_Rabbits","floor":15,"turns":2},{"damage":13,"enemies":"IC_STATUS_ARCHETYPE","floor":16,"turns":6},{"damage":0,"enemies":"Gensokyo:CosmicMonolith","floor":19,"turns":2},{"damage":0,"enemies":"Gensokyo:3_Dogs","floor":20,"turns":3},{"damage":5,"enemies":"Gensokyo:Wraith","floor":23,"turns":5},{"damage":17,"enemies":"Gensokyo:Koishi","floor":26,"turns":6},{"damage":10,"enemies":"Gensokyo:Tenshi","floor":28,"turns":4},{"damage":2,"enemies":"Gensokyo:Slime_Group","floor":32,"turns":3},{"damage":22,"enemies":"DF_ARCHETYPE_CLAW","floor":33,"turns":8},{"damage":0,"enemies":"Gensokyo:3_Bats","floor":36,"turns":2},{"damage":0,"enemies":"Gensokyo:AncientGuardian","floor":39,"turns":3},{"damage":12,"enemies":"Gensokyo:Sharpion","floor":42,"turns":3},{"damage":1,"enemies":"downfall:FleeingMerchant","floor":43,"turns":4},{"damage":0,"enemies":"Gensokyo:Rafflesia","floor":46,"turns":3},{"damage":0,"enemies":"Gensokyo:3_Boulders","floor":47,"turns":3},{"damage":2,"enemies":"Gensokyo:Kasen","floor":48,"turns":4},{"damage":4,"enemies":"Gensokyo:Sharpion","floor":49,"turns":2},{"damage":3,"enemies":"SI_POISON_ARCHETYPE","floor":50,"turns":5}],"seed_played":"4793095038541237290","potions_obtained":[{"floor":3,"key":"DistilledChaos"},{"floor":5,"key":"Slimebound:ThreeZeroPotion"},{"floor":12,"key":"FairyPotion"},{"floor":15,"key":"PowerPotion"},{"floor":26,"key":"Ancient Potion"},{"floor":28,"key":"Energy Potion"},{"floor":33,"key":"Fire Potion"},{"floor":48,"key":"ColorlessPotion"}],"is_trial":false,"path_per_floor":["R","M","M","?","M","COS","T","?","M","M","R","E","R","$","M","B",null,"R","M","M","COS","?","M","T","T","E","?","E","R","R","?","M","B",null,"R","M","?","COS","M","?","T","M","$","R","?","M","M","E","M","B",null],"character_chosen":"THE_AUTOMATON","items_purchased":["bronze:ChosenStrike+1","Boot","Bag of Preparation","Ancient Tea Set","expansioncontent:QuickStudy"],"campfire_rested":0,"item_purchase_floors":[14,14,43,43,43],"current_hp_per_floor":[63,53,51,51,51,51,51,51,48,47,47,41,41,41,41,28,63,63,63,63,63,63,58,58,58,41,48,38,38,38,38,38,18,70,77,77,77,87,87,87,87,75,78,78,61,63,65,65,63,70],"gold":689,"neow_bonus":"TWO_FIFTY_GOLD","is_daily":false,"chose_seed":false,"campfire_upgraded":0,"win_rate":0.0,"timestamp":1613130845,"path_taken":["R","M","M","?","M","COS","T","?","M","?","R","E","R","?","M","BOSS","R","M","?","COS","?","?","T","?","E","?","E","R","R","?","M","BOSS","R","M","?","COS","?","?","T","?","?","R","?","?","?","E","M","BOSS"],"items_purchased_type":["Card","Relic","Relic","Relic","Card"],"build_version":"2020-12-22","purchased_purges":0,"victory":true,"max_hp_per_floor":[63,63,63,63,63,63,63,63,63,63,63,63,63,63,63,63,63,63,63,63,63,63,63,63,63,63,70,70,70,70,70,70,70,70,77,77,77,87,87,87,87,87,87,87,87,87,87,87,87,87],"card_choices":[{"not_picked":["bronze:Invalidate","bronze:Turbo"],"picked":"bronze:Frontload","floor":2},{"not_picked":["bronze:Flail","bronze:Frontload"],"picked":"bronze:Boost","floor":3},{"not_picked":["bronze:Frontload","bronze:FineTuning"],"picked":"bronze:Optimize","floor":5},{"not_picked":["bronze:Deprecate+1","bronze:Frontload+1"],"picked":"bronze:DelayedGuard+1","floor":9},{"not_picked":["bronze:BitShift","bronze:BronzeOrb"],"picked":"bronze:GetLatest","floor":9},{"not_picked":["bronze:OilSpill","bronze:DelayedSlice"],"picked":"bronze:Invalidate","floor":10},{"not_picked":["bronze:Allocate","bronze:Boost"],"picked":"bronze:BronzeOrb+1","floor":12},{"not_picked":["bronze:GetLatest","bronze:FineTuning"],"picked":"bronze:Verify","floor":14},{"not_picked":["bronze:Branch+1","bronze:ForLoop"],"picked":"bronze:DigitalCarnage+1","floor":15},{"not_picked":["bronze:Format","bronze:ShipIt+1"],"picked":"bronze:Break+1","floor":16},{"not_picked":["bronze:Turbo","bronze:Invalidate"],"picked":"bronze:Fortify+1","floor":19},{"not_picked":["bronze:OilSpill+1","bronze:Allocate+1"],"picked":"bronze:Branch+1","floor":20},{"not_picked":["bronze:FineTuning","bronze:Deprecate"],"picked":"bronze:DarkDash+1","floor":23},{"not_picked":["bronze:HardenedForm","bronze:SpaghettiCode"],"picked":"bronze:Format","floor":26},{"not_picked":["bronze:ForceShield","bronze:Invalidate+1"],"picked":"bronze:AlphaBuild+1","floor":26},{"not_picked":["bronze:BuggyMess","bronze:Shield"],"picked":"bronze:Shell","floor":28},{"not_picked":["bronze:FineTuning","bronze:CutThrough+1"],"picked":"bronze:BitShift+1","floor":32},{"not_picked":["bronze:FindAndReplace","bronze:Assembly"],"picked":"bronze:BurnOut+1","floor":33},{"not_picked":["bronze:Allocate","bronze:Branch+1"],"picked":"bronze:Boost+1","floor":36},{"not_picked":["bronze:BitShift","bronze:Deprecate+1"],"picked":"bronze:Repulsor+1","floor":39},{"not_picked":["bronze:Turbo","bronze:Shield+1"],"picked":"bronze:Flail+1","floor":42},{"not_picked":["bronze:Branch+1","bronze:OilSpill+1"],"picked":"bronze:ThunderWave+1","floor":43},{"not_picked":["bronze:WhirlingStrike+1","bronze:BuggyMess"],"picked":"bronze:DelayedSlice+1","floor":46},{"not_picked":["bronze:Allocate","bronze:Branch+1"],"picked":"bronze:BronzeArmor","floor":47},{"not_picked":["bronze:Branch+1","bronze:Safeguard+1"],"picked":"bronze:MaxOutput+1","floor":48},{"not_picked":["bronze:ShipIt","bronze:ThunderWave"],"picked":"bronze:SpaghettiCode","floor":49},{"not_picked":["bronze:Branch+1","bronze:DelayedSlice+1"],"picked":"bronze:ItsAFeature+1","floor":49}],"player_experience":1084944,"relics_obtained":[{"floor":7,"key":"Shovel"},{"floor":11,"key":"Molten Egg 2"},{"floor":12,"key":"Bag of Marbles"},{"floor":13,"key":"Omamori"},{"floor":18,"key":"WingedGreaves"},{"floor":24,"key":"The Courier"},{"floor":25,"key":"InkBottle"},{"floor":26,"key":"Nunchaku"},{"floor":28,"key":"Blood Vial"},{"floor":29,"key":"Ice Cream"},{"floor":30,"key":"Happy Flower"},{"floor":35,"key":"Strawberry"},{"floor":41,"key":"War Paint"},{"floor":44,"key":"Centennial Puzzle"},{"floor":48,"key":"Meat on the Bone"}],"event_choices":[],"is_beta":false,"boss_relics":[{"not_picked":["Runic Dome","SacredBark"],"picked":"Cursed Key"},{"not_picked":["Empty Cage","Pandora\u0027s Box"],"picked":"Philosopher\u0027s Stone"}],"items_purged_floors":[],"is_endless":false,"potions_floor_spawned":[3,5,12,15,26,28,33,36,39,46,48],"ascension_level":0}}