{"host":"t1puqh5lxz8sp6fn","time":1613164036,"event":{"mods":["AchievementEnabler","BaseMod","Colored Powertips","Minty Spire (QoL Compilation)","Rare Cards Sparkle","Relic Stats","StSLib"],"gold_per_floor":[118,135,210,221,371,397,397,12,12,42,69,82,82,102,102,180,180,194,17,33,33,52,52,52,52],"floor_reached":24,"playtime":954,"items_purged":["Doubt"],"score":361,"play_id":"b9398293-03a8-4d4c-a28c-0ab1ac575e68","local_time":"20210212180716","is_ascension_mode":true,"campfire_choices":[{"floor":13,"key":"REST"},{"floor":15,"key":"REST"},{"floor":23,"key":"REST"}],"circlet_count":0,"master_deck":["AscendersBane","Strike_G","Strike_G","Strike_G","Strike_G","Strike_G","Defend_G","Defend_G","Defend_G","Defend_G","Defend_G","Survivor","Neutralize","Heel Hook","Leg Sweep","Deadly Poison","Footwork","Catalyst","Footwork","Cloak And Dagger","Cloak And Dagger","Crippling Poison","Corpse Explosion","Footwork+1","Bane","Caltrops+1"],"relics":["Ring of the Snake","Matryoshka","Letter Opener","Snake Skull","Juzu Bracelet","Centennial Puzzle","Blood Vial","Frozen Egg 2","TwistedFunnel","Enchiridion"],"acts_visited":["Exordium","TheCity"],"potions_floor_usage":[12,22],"damage_taken":[{"damage":4.0,"enemies":"2 Louse","floor":1.0,"turns":3.0},{"damage":1.0,"enemies":"Jaw Worm","floor":2.0,"turns":3.0},{"damage":1.0,"enemies":"Small Slimes","floor":4.0,"turns":4.0},{"damage":12.0,"enemies":"Lagavulin","floor":6.0,"turns":6.0},{"damage":17,"enemies":"Gremlin Nob","floor":11,"turns":5},{"damage":0,"enemies":"Exordium Wildlife","floor":12,"turns":6},{"damage":0,"enemies":"3 Louse","floor":14,"turns":4},{"damage":14,"enemies":"The Guardian","floor":16,"turns":11},{"damage":0,"enemies":"3 Byrds","floor":18,"turns":3},{"damage":10,"enemies":"Shell Parasite","floor":20,"turns":4},{"damage":16,"enemies":"Sentry and Sphere","floor":22,"turns":5},{"damage":41,"enemies":"Gremlin Leader","floor":24,"turns":5}],"seed_played":"1263395878355378961","potions_obtained":[{"floor":0.0,"key":"CunningPotion"},{"floor":0.0,"key":"BlessingOfTheForge"},{"floor":2.0,"key":"DistilledChaos"},{"floor":12,"key":"Ancient Potion"},{"floor":16,"key":"Dexterity Potion"}],"is_trial":false,"path_per_floor":["M","M","?","M","?","E","?","$","T","?","E","M","R","M","R","B",null,"M","$","M","?","M","R","E"],"character_chosen":"THE_SILENT","items_purchased":["Snake Skull","Catalyst","Footwork","Dexterity Potion","TwistedFunnel","Bane"],"campfire_rested":3,"item_purchase_floors":[8,8,8,8,19,19],"current_hp_per_floor":[55,54,43,42,42,30,19,19,19,19,4,6,25,27,46,34,58,60,60,52,31,17,36,0,0],"gold":52,"neow_bonus":"THREE_SMALL_POTIONS","is_daily":false,"chose_seed":false,"campfire_upgraded":0,"win_rate":0.0,"timestamp":1613164036,"path_taken":["M","M","?","M","?","E","?","$","T","?","E","M","R","M","R","BOSS","M","$","M","?","M","R","E"],"items_purchased_type":["Relic","Card","Card","Potion","Relic","Card"],"build_version":"2020-12-13","purchased_purges":1,"victory":false,"max_hp_per_floor":[66,66,66,66,66,66,66,66,66,66,66,66,66,66,66,66,66,66,66,66,66,66,66,66,66],"relic_stats":{"Blood Vial":16,"Centennial Puzzle":[15],"counters":[12,59],"Snake Skull":[39],"Juzu Bracelet":1,"Letter Opener":[45],"obtain_stats":[{"Blood Vial":10,"TwistedFunnel":19,"Centennial Puzzle":9,"Matryoshka":6,"Enchiridion":21,"Snake Skull":8,"Juzu Bracelet":9,"Letter Opener":7,"Frozen Egg 2":11,"Ring of the Snake":0},{"Blood Vial":4,"TwistedFunnel":9,"Centennial Puzzle":4,"Matryoshka":4,"Enchiridion":10,"Snake Skull":4,"Juzu Bracelet":4,"Letter Opener":4,"Frozen Egg 2":5,"Ring of the Snake":0},{"Blood Vial":16,"TwistedFunnel":45,"Centennial Puzzle":16,"Matryoshka":16,"Enchiridion":49,"Snake Skull":16,"Juzu Bracelet":16,"Letter Opener":16,"Frozen Egg 2":21,"Ring of the Snake":0}],"Ring of the Snake":[24]},"card_choices":[{"not_picked":["Slice","Deflect"],"picked":"Heel Hook","floor":1.0},{"not_picked":["Blade Dance","PiercingWail"],"picked":"Leg Sweep","floor":2.0},{"not_picked":["Choke","Dagger Throw"],"picked":"Deadly Poison","floor":4.0},{"not_picked":["Leg Sweep","Flechettes"],"picked":"Footwork","floor":6.0},{"not_picked":["Concentrate","Flying Knee"],"picked":"Cloak And Dagger","floor":11},{"not_picked":["Outmaneuver","Terror"],"picked":"Cloak And Dagger","floor":12},{"not_picked":["PiercingWail","Acrobatics"],"picked":"Crippling Poison","floor":14},{"not_picked":["Doppelganger","After Image+1"],"picked":"Corpse Explosion","floor":16},{"not_picked":["Quick Slash+1","Dagger Spray"],"picked":"Footwork+1","floor":18},{"not_picked":["Deadly Poison","Dagger Throw","Underhanded Strike"],"picked":"SKIP","floor":20},{"not_picked":["Dagger Spray","Cloak And Dagger"],"picked":"Caltrops+1","floor":22}],"player_experience":516109,"relics_obtained":[{"floor":6.0,"key":"Matryoshka"},{"floor":9.0,"key":"Juzu Bracelet"},{"floor":9.0,"key":"Centennial Puzzle"},{"floor":11,"key":"Frozen Egg 2"},{"floor":21,"key":"Enchiridion"}],"event_choices":[{"damage_healed":0.0,"max_hp_gain":0.0,"max_hp_loss":0.0,"gold_gain":75.0,"event_name":"World of Goop","player_choice":"Gather Gold","floor":3.0,"gold_loss":0.0,"damage_taken":11.0},{"damage_healed":0.0,"max_hp_gain":0.0,"max_hp_loss":0.0,"gold_gain":150.0,"event_name":"Liars Game","player_choice":"AGREE","floor":5.0,"gold_loss":0.0,"damage_taken":0.0,"cards_obtained":["Doubt"]},{"damage_healed":0.0,"max_hp_gain":0.0,"max_hp_loss":0.0,"gold_gain":0.0,"event_name":"Scrap Ooze","player_choice":"Success","floor":7.0,"gold_loss":0.0,"damage_taken":11.0,"relics_obtained":["Letter Opener"]},{"damage_healed":0.0,"max_hp_gain":0.0,"max_hp_loss":0.0,"gold_gain":30.0,"event_name":"Dead Adventurer","player_choice":"Searched \u00273\u0027 times","floor":10.0,"gold_loss":0.0,"damage_taken":0.0,"relics_obtained":["Blood Vial"]},{"damage_healed":0,"gold_gain":0,"player_choice":"Obtained Book","damage_taken":21,"max_hp_gain":0,"max_hp_loss":0,"event_name":"Cursed Tome","floor":21,"gold_loss":0}],"is_beta":false,"boss_relics":[{"not_picked":["Ectoplasm","Velvet Choker","Fusion Hammer"]}],"items_purged_floors":[8],"is_endless":false,"potions_floor_spawned":[2,4,12,16],"killed_by":"Gremlin Leader","ascension_level":15}}