{"host":"epmvf5u7so8a7bmi","time":1613165151,"event":{"mods":["BaseMod","Colored Map","Colored Powertips","Downfall","Minty Spire (QoL Compilation)","StSLib"],"gold_per_floor":[99,112,132,432,448,459,459,486,506,606,506,537,554,574,590,687,687,687,706,716,729,748,773,827,927,945,845,873,773,792,445,460,562,562,562,575,379,429,479,479,506,556,591,656,683,683,702,752,767,767,767,767],"floor_reached":50,"language":"ENG","playtime":3517,"items_purged":["downfall:Icky","Guardian:Strike_Guardian"],"score":881,"play_id":"b53f3a54-3902-466f-b996-62dc4efb979b","local_time":"20210212212551","is_ascension_mode":true,"campfire_choices":[{"floor":1,"key":"RECALL"},{"floor":11,"key":"REST"},{"floor":18,"key":"REST"},{"floor":29,"key":"REST"},{"floor":46,"key":"REST"}],"circlet_count":0,"master_deck":["Guardian:Defend_Guardian","Guardian:Defend_Guardian","Guardian:Defend_Guardian","Guardian:Defend_Guardian","Guardian:CurlUp","Guardian:TwinSlam","Guardian:Recover","Guardian:BodySlam","downfall:Icky","Guardian:ArmoredProtocol","Guardian:TimeCapacitor","Guardian:TemporalShield","Guardian:ShieldCharger","Guardian:SphericShield","Guardian:PrimingBeam","Guardian:ConstructionForm","Guardian:DonusPower+1","Guardian:Preprogram+1","Guardian:AncientConstruct+1","Guardian:Planning+1","Guardian:SpikerProtocol","Guardian:FastForward","Guardian:Incinerate+1","Guardian:Recover","Guardian:BronzeOrb","Guardian:TimeCapacitor","Guardian:FastForward","Guardian:Repulse+1","Guardian:FloatingOrbs","Guardian:SpikerProtocol","Guardian:Incinerate","Guardian:FierceBash","Guardian:PiercingHide+1","Guardian:ChargeCore+1","expansioncontent:Chronoboost","Guardian:StasisEngine"],"relics":["Fusion Hammer","Bronze Scales","Matryoshka","downfall:HeartBlessingRed","Blood Vial","Astrolabe","Tiny Chest","downfall:CloakOfManyFaces","CultistMask","FaceOfCleric","NlothsMask","GremlinMask","SsserpentHead","downfall:HeartBlessingBlue","Anchor","downfall:HeartBlessingGreen","PreservedInsect","Philosopher\u0027s Stone","White Beast Statue","Bottled Tornado","Regal Pillow","Toy Ornithopter","Meat on the Bone"],"acts_visited":["Exordium","TheCity","TheBeyond"],"potions_floor_usage":[8,12,12,16,23,28,28,28,31,37,50,50],"damage_taken":[{"damage":2,"enemies":"Jaw Worm","floor":2,"turns":4},{"damage":6,"enemies":"2 Louse","floor":3,"turns":3},{"damage":1,"enemies":"Cultist","floor":5,"turns":4},{"damage":8,"enemies":"Blue Slaver","floor":6,"turns":3},{"damage":8,"enemies":"Gremlin Nob","floor":8,"turns":3},{"damage":14,"enemies":"Exordium Thugs","floor":9,"turns":6},{"damage":4,"enemies":"3 Sentries","floor":12,"turns":6},{"damage":8,"enemies":"Exordium Wildlife","floor":13,"turns":5},{"damage":0,"enemies":"2 Fungi Beasts","floor":14,"turns":3},{"damage":1,"enemies":"Exordium Thugs","floor":15,"turns":6},{"damage":6,"enemies":"SI_SHIV_ARCHETYPE","floor":16,"turns":10},{"damage":7,"enemies":"Spheric Guardian","floor":19,"turns":5},{"damage":7,"enemies":"Shell Parasite","floor":20,"turns":8},{"damage":15,"enemies":"Snake Plant","floor":21,"turns":6},{"damage":12,"enemies":"Cultist and Chosen","floor":22,"turns":8},{"damage":18,"enemies":"Gremlin Leader","floor":23,"turns":10},{"damage":0,"enemies":"downfall:FaceTrader","floor":25,"turns":12},{"damage":5,"enemies":"Snecko","floor":26,"turns":6},{"damage":17,"enemies":"Slavers","floor":28,"turns":7},{"damage":0,"enemies":"Centurion and Healer","floor":30,"turns":8},{"damage":0,"enemies":"downfall:FleeingMerchant","floor":31,"turns":4},{"damage":0,"enemies":"Sentry and Sphere","floor":32,"turns":6},{"damage":1,"enemies":"IC_MUSHROOM_ARCHETYPE","floor":33,"turns":10},{"damage":0,"enemies":"Orb Walker","floor":36,"turns":3},{"damage":0,"enemies":"downfall:FleeingMerchant","floor":37,"turns":4},{"damage":15,"enemies":"Reptomancer","floor":43,"turns":7},{"damage":3,"enemies":"3 Shapes","floor":44,"turns":5},{"damage":0,"enemies":"Giant Head","floor":45,"turns":7},{"damage":7,"enemies":"Sphere and 2 Shapes","floor":47,"turns":7},{"damage":0,"enemies":"Spire Growth","floor":49,"turns":6},{"damage":94,"enemies":"WA_ARCHETYPE_DIVINITY","floor":50,"turns":15}],"seed_played":"349774709714731152","potions_obtained":[{"floor":3,"key":"champ:CounterPotion"},{"floor":6,"key":"SkillPotion"},{"floor":9,"key":"AttackPotion"},{"floor":14,"key":"bronze:BurnAndBuffPotion"},{"floor":16,"key":"Fire Potion"},{"floor":19,"key":"Guardian:BlockOnCardUsePotion"},{"floor":23,"key":"Explosive Potion"},{"floor":26,"key":"SteroidPotion"},{"floor":30,"key":"SteroidPotion"},{"floor":32,"key":"FairyPotion"},{"floor":33,"key":"hexamod:SoulburnPotion"},{"floor":43,"key":"FearPotion"},{"floor":44,"key":"Strength Potion"},{"floor":49,"key":"Dexterity Potion"}],"is_trial":false,"path_per_floor":["R","M","M","?","M","M","T","E","M","?","R","E","M","M","M","B",null,"R","M","M","M","M","E","T","?","M","R","E","R","M","$","M","B",null,"R","M","$","?","T","R","T","?","E","M","E","R","M","?","M","B"],"character_chosen":"GUARDIAN","items_purchased":["PreservedInsect","Guardian:BronzeOrb","Guardian:TimeCapacitor","Guardian:SpikerProtocol","Guardian:Incinerate"],"campfire_rested":4,"item_purchase_floors":[31,31,31,37,37],"current_hp_per_floor":[80,78,72,72,71,63,63,55,41,41,65,61,55,57,58,54,80,80,73,68,55,45,29,29,31,29,39,25,52,55,58,61,63,96,96,97,98,98,98,98,98,98,84,84,87,101,95,95,98,29,29,29],"gold":767,"neow_bonus":"BOSS_RELIC","is_daily":false,"chose_seed":false,"campfire_upgraded":0,"win_rate":0.0,"timestamp":1613165151,"path_taken":["R","M","M","?","M","M","T","E","M","?","R","E","M","M","M","BOSS","R","M","?","M","M","E","T","?","M","R","E","R","M","?","M","BOSS","R","M","$","?","?","R","T","?","E","?","E","R","M","?","M","BOSS"],"items_purchased_type":["Relic","Card","Card","Card","Card"],"build_version":"2020-12-22","purchased_purges":2,"victory":false,"max_hp_per_floor":[80,80,80,80,80,80,80,80,80,80,80,80,80,80,80,80,80,80,80,80,80,80,80,80,80,81,91,92,92,93,94,95,96,96,96,97,98,98,98,98,98,98,99,100,101,101,102,102,103,104,104,104],"card_choices":[{"not_picked":["Guardian:VentSteam","Guardian:Harden"],"picked":"Guardian:Recover","floor":2},{"not_picked":["Guardian:PrismaticBarrier","Guardian:Recover"],"picked":"Guardian:BodySlam","floor":3},{"not_picked":["Guardian:PrismaticBeam","Guardian:GuardianWhirl"],"picked":"Guardian:ArmoredProtocol","floor":5},{"not_picked":["Guardian:Reroute","Guardian:VentSteam"],"picked":"Guardian:TimeCapacitor","floor":6},{"not_picked":["Guardian:CrystalBeam","Guardian:ChargeCore"],"picked":"Guardian:TemporalShield","floor":8},{"not_picked":["Guardian:Emergency","Guardian:Incinerate"],"picked":"Guardian:Gem_Blue","floor":9},{"not_picked":["Guardian:Planning","Guardian:PolyBeam"],"picked":"Guardian:ShieldCharger","floor":12},{"not_picked":["Guardian:TemporalShield","Guardian:ChargeCore"],"picked":"Guardian:SphericShield","floor":13},{"not_picked":["Guardian:TemporalShield","Guardian:Gem_Cyan","Guardian:Gem_Crimson"],"picked":"SKIP","floor":14},{"not_picked":["Guardian:CrystalBeam","Guardian:TemporalShield"],"picked":"Guardian:PrimingBeam","floor":15},{"not_picked":["Guardian:GemFire","Guardian:Gem_Orange"],"picked":"Guardian:ConstructionForm","floor":16},{"not_picked":["Guardian:Gem_Lightblue","Guardian:Recover"],"picked":"Guardian:Planning+1","floor":19},{"not_picked":["Guardian:GuardianWhirl","Guardian:TemporalShield"],"picked":"Guardian:Gem_Crimson","floor":20},{"not_picked":["Guardian:TemporalStrike","Guardian:Gem_Red"],"picked":"Guardian:SpikerProtocol","floor":21},{"not_picked":["Guardian:PrimingBeam+1","Guardian:Gem_Lightblue","Guardian:Clone"],"picked":"SKIP","floor":22},{"not_picked":["Guardian:RollAttack","Guardian:PiercingHide+1"],"picked":"Guardian:FastForward","floor":23},{"not_picked":["Guardian:WalkerClaw","Guardian:Preprogram"],"picked":"Guardian:Incinerate+1","floor":25},{"not_picked":["Guardian:PrismaticBarrier","Guardian:Reroute","Guardian:WalkerClaw+1"],"picked":"SKIP","floor":26},{"not_picked":["Guardian:Suspension+1","Guardian:Gem_Red"],"picked":"Guardian:Gem_Synthetic","floor":28},{"not_picked":["Guardian:Preprogram","Guardian:PrimingBeam"],"picked":"Guardian:Recover","floor":30},{"not_picked":["Guardian:Gem_Green","Guardian:Gem_Lightblue","Guardian:Harden"],"picked":"SKIP","floor":31},{"not_picked":["Guardian:Harden","Guardian:RollAttack","Guardian:TimeBomb"],"picked":"SKIP","floor":32},{"not_picked":["Guardian:BaubleBeam","Guardian:GatlingBeam"],"picked":"Guardian:FastForward","floor":33},{"not_picked":["Guardian:VentSteam+1","Guardian:Reroute"],"picked":"Guardian:Repulse+1","floor":36},{"not_picked":["Guardian:Incinerate+1","Guardian:TimeBomb+1"],"picked":"Guardian:FloatingOrbs","floor":37},{"not_picked":["Guardian:GemFinder","Guardian:Incinerate"],"picked":"Guardian:PiercingHide+1","floor":43},{"not_picked":["Guardian:Gem_Green","Guardian:PrimingBeam+1","Guardian:SpikerProtocol"],"picked":"SKIP","floor":44},{"not_picked":["Guardian:Emergency+1","Guardian:Gem_Fragmented","Guardian:Planning+1"],"picked":"SKIP","floor":45},{"not_picked":["Guardian:Recover","Guardian:ShieldCharger+1"],"picked":"Guardian:ChargeCore+1","floor":47},{"not_picked":["expansioncontent:InvincibleStrength","expansioncontent:PolyBeam"],"picked":"expansioncontent:Chronoboost","floor":48},{"not_picked":["Guardian:RollAttack","Guardian:SpikerProtocol"],"picked":"Guardian:StasisEngine","floor":49}],"player_experience":188935,"relics_obtained":[{"floor":7,"key":"Bronze Scales"},{"floor":8,"key":"Matryoshka"},{"floor":12,"key":"Blood Vial"},{"floor":23,"key":"Guardian:PickAxe"},{"floor":24,"key":"Tiny Chest"},{"floor":25,"key":"downfall:CloakOfManyFaces"},{"floor":28,"key":"Anchor"},{"floor":38,"key":"White Beast Statue"},{"floor":39,"key":"Bottled Tornado"},{"floor":41,"key":"Regal Pillow"},{"floor":43,"key":"Toy Ornithopter"},{"floor":45,"key":"Meat on the Bone"}],"event_choices":[],"is_beta":false,"boss_relics":[{"not_picked":["Runic Pyramid","Pandora\u0027s Box"],"picked":"Astrolabe"},{"not_picked":["Velvet Choker","Cursed Key"],"picked":"Philosopher\u0027s Stone"}],"items_purged_floors":[31,37],"is_endless":false,"potions_floor_spawned":[3,6,9,14,16,19,23,26,30,32,33,43,44,45,47,49],"killed_by":"WA_ARCHETYPE_DIVINITY","ascension_level":2}}