{"host":"1zjc08c6hob33401","time":1613144916,"event":{"mods":["AchievementEnabler","Act Like it!","Aspiration","BaseMod","Downfall","Elementarium","Energized Spire","Evolution","Friendly Minions","Gensokyo","GifTheSpireLib","Hubris","Infinite Spire","Jedi Mod","Menagerie","Minty Spire (QoL Compilation)","Pale of the Ancients","Quick Restart","Reliquary","Replay The Spire","Retaliation","Shop Mod","Spicy Shops","Spire Arcade","StS++","StSLib","Stuff the Spire","The Blue Laboratory","Wandering Minibosses","??????REMEMod"],"gold_per_floor":[109,122,122,132,132,132,165,165,165,177,177,190,206,225,225,328,328,348,200,200,200,200,200,233,251,251,126,140,175,186,186,186,186],"floor_reached":31,"language":"RUS","playtime":1200,"items_purged":["bronze:Defend"],"score":291,"play_id":"a197bb2a-b602-4a34-aa8d-03d09f6ff6f5","local_time":"20210212174836","is_ascension_mode":true,"campfire_choices":[{"data":"Poison Darts","floor":6,"key":"SMITH"},{"data":"bronze:HardenedForm","floor":11,"key":"SMITH"},{"data":"bronze:NullPointer","floor":15,"key":"SMITH"},{"data":"Perfected Strike","floor":23,"key":"SMITH"}],"circlet_count":0,"master_deck":["bronze:Strike+1","bronze:Strike+1","bronze:Strike+1","bronze:Defend+1","bronze:Defend+1","bronze:Defend+1","bronze:Replicate","bronze:Goto","Poison Darts+1","bronze:OilSpill","bronze:Turbo","bronze:GetLatest","bronze:HardenedForm+1","bronze:Flail","bronze:Optimize","bronze:Return","bronze:NullPointer+1","bronze:RecursiveStrike","bronze:WhirlingStrike+1","Replay:Sssssssssstrike","Pommel Strike","hexamod:ShadowStrike","REME_ShadowStrike","Twin Strike","Perfected Strike+1","infinitespire:FinalStrike","bronze:Repair","StuffTheSpire:Vigor","bronze:AlphaBuild","bronze:Iterate+1"],"relics":["bronze:BronzeCore","EVO:Axolotl","REME_ComplimentaryCards","StuffTheSpire:NeowsTribute","reliquary:HotPoker","infinitespire:WardingShard","energizedSpire:MagnifyingGlass","aspiration:VileToxins","StuffTheSpire:GrapeVine","Potion Belt","hubris:Reverence","StuffTheSpire:EmeraldSignet"],"acts_visited":["Exordium","TheCity"],"potions_floor_usage":[12,16,30],"damage_taken":[{"damage":6.0,"enemies":"Jaw Worm","floor":1.0,"turns":3.0},{"damage":0.0,"enemies":"Cultist","floor":2.0,"turns":2.0},{"damage":0,"enemies":"Small Slimes","floor":4,"turns":2},{"damage":8,"enemies":"Lagavulin","floor":7,"turns":3},{"damage":10,"enemies":"3 Louse","floor":10,"turns":2},{"damage":4,"enemies":"Exordium Wildlife","floor":12,"turns":3},{"damage":0,"enemies":"Blue Slaver","floor":13,"turns":2},{"damage":0,"enemies":"Large Slime","floor":14,"turns":3},{"damage":12,"enemies":"Hexaghost","floor":16,"turns":9},{"damage":10,"enemies":"Spheric Guardian","floor":18,"turns":3},{"damage":20,"enemies":"Book of Stabbing","floor":24,"turns":3},{"damage":0,"enemies":"Chosen","floor":25,"turns":3},{"damage":0,"enemies":"Sentry and Sphere","floor":28,"turns":3},{"damage":15,"enemies":"Replay:Snechameleon","floor":29,"turns":3},{"damage":10,"enemies":"3 Cultists","floor":30,"turns":4},{"damage":17,"enemies":"Centurion and Healer","floor":31,"turns":3}],"seed_played":"-6254813442313062920","potions_obtained":[{"floor":4,"key":"Regen Potion"},{"floor":13,"key":"SpeedPotion"},{"floor":14,"key":"blueLaboratory:FruitPunch"},{"floor":16,"key":"jedi:hoardpotion"}],"is_trial":false,"path_per_floor":["M","M","?","M","$","R","E","?","T","M","R","M","M","M","R","B",null,"M","$","?","?","AVR","R","E","M","T","?","M","E","M","M"],"character_chosen":"THE_AUTOMATON","items_purchased":["aspiration:VileToxins"],"campfire_rested":0,"item_purchase_floors":[19],"current_hp_per_floor":[57,57,57,57,57,57,49,49,49,39,39,44,44,44,44,34,65,55,55,55,55,55,55,35,35,35,35,35,20,10,0,0,0],"gold":186,"neow_bonus":"ONE_RARE_RELIC","is_daily":false,"chose_seed":false,"campfire_upgraded":4,"win_rate":0.0,"timestamp":1613144916,"path_taken":["M","M","?","M","$","R","E","?","T","M","R","?","M","M","R","BOSS","M","$","?","?","AVR","R","E","M","T","?","M","E","M","M"],"items_purchased_type":["Relic"],"build_version":"2020-12-22","purchased_purges":1,"victory":false,"max_hp_per_floor":[63,63,63,63,63,63,63,63,63,63,63,63,63,63,63,65,65,65,65,65,65,65,65,65,65,65,65,65,65,65,65,65,65],"card_choices":[{"not_picked":["bronze:BugBarrage","bronze:BuggyMess"],"picked":"bronze:OilSpill","floor":1.0},{"not_picked":["bronze:Constructor","bronze:Invalidate"],"picked":"bronze:Turbo","floor":2.0},{"not_picked":["bronze:Invalidate","bronze:Turbo"],"picked":"bronze:GetLatest","floor":4},{"not_picked":["bronze:Refactor","bronze:FineTuning"],"picked":"bronze:HardenedForm","floor":7},{"not_picked":["bronze:BugBarrage","bronze:BitShift"],"picked":"bronze:Flail","floor":10},{"not_picked":["bronze:ForLoop","bronze:BuggyMess"],"picked":"bronze:Optimize","floor":12},{"not_picked":["bronze:DelayedGuard","bronze:Fortify"],"picked":"bronze:Return","floor":13},{"not_picked":["bronze:InfiniteBeams","bronze:Refactor"],"picked":"bronze:NullPointer","floor":14},{"not_picked":["bronze:Break","bronze:BurnOut"],"picked":"bronze:RecursiveStrike","floor":16},{"not_picked":["bronze:Repulsor","bronze:WildBeam+1"],"picked":"bronze:WhirlingStrike+1","floor":18},{"not_picked":["bronze:BitShift","bronze:Overheat"],"picked":"bronze:Repair","floor":24},{"not_picked":["bronze:InfiniteBeams","bronze:WildBeam","bronze:Frontload"],"picked":"SKIP","floor":25},{"not_picked":["bronze:DelayedGuard","bronze:InfiniteBeams","bronze:Terminator"],"picked":"SKIP","floor":28},{"not_picked":["bronze:OilSpill","bronze:BitShift"],"picked":"bronze:AlphaBuild","floor":29},{"not_picked":["bronze:GetLatest","bronze:Overheat"],"picked":"bronze:Iterate+1","floor":30}],"player_experience":765083,"relics_obtained":[{"floor":7,"key":"reliquary:HotPoker"},{"floor":9,"key":"infinitespire:WardingShard"},{"floor":24,"key":"Potion Belt"},{"floor":26,"key":"hubris:Reverence"},{"floor":29,"key":"StuffTheSpire:EmeraldSignet"}],"event_choices":[{"cards_removed":["bronze:Strike"],"damage_healed":0,"gold_gain":0,"player_choice":"Purged","damage_taken":0,"max_hp_gain":0,"max_hp_loss":0,"event_name":"Purifier","floor":8,"gold_loss":0}],"is_beta":false,"boss_relics":[{"not_picked":["Pandora\u0027s Box","jedi:hotpepper"],"picked":"energizedSpire:MagnifyingGlass"}],"items_purged_floors":[19],"is_endless":false,"potions_floor_spawned":[4,13,14,16],"killed_by":"Centurion and Healer","ascension_level":1}}