{"host":"yg1n0qads92lo9wl","time":1613110302,"event":{"mods":["BaseMod","Downfall","Luminous","Minty Spire (QoL Compilation)","StSLib","Warlord Emblem"],"gold_per_floor":[349,360,375,375,394,2,2,16,29,61,61,61,93,106,116,214,214,214,226,239,13,13,32,32,32,32,49,60,80,19,53,78,90,90,90],"floor_reached":33,"language":"ZHS","playtime":4606,"items_purged":["hexamod:Strike"],"score":361,"play_id":"6563c661-8441-4ffa-85bd-ed615d26b3ab","local_time":"20210212141142","is_ascension_mode":true,"campfire_choices":[{"data":"hexamod:Float","floor":1.0,"key":"SMITH"},{"floor":12.0,"key":"REST"},{"data":"hexamod:TimeWarp","floor":18.0,"key":"SMITH"},{"data":"hexamod:GhostflameInferno","floor":26,"key":"SMITH"}],"circlet_count":0,"master_deck":["hexamod:Strike","hexamod:Strike","hexamod:Strike","hexamod:Defend","hexamod:Defend","hexamod:Defend","hexamod:Defend","hexamod:Sear","hexamod:Float+1","hexamod:FastForward","hexamod:RetreatToShadows+1","hexamod:SpectralSpark","hexamod:ThirdSeal","hexamod:FirstSeal","hexamod:SpectralSpark","hexamod:InspiringFlames","hexamod:Rewind","hexamod:FastForward","hexamod:Hexaguard","hexamod:VolcanoVisage","hexamod:GhostOfSpirePast","hexamod:Again","hexamod:SpectralAdrenaline","hexamod:RadiantFlame","hexamod:FourthSeal","hexamod:UnlimitedPower","hexamod:TimeWarp+1","hexamod:AdvancingGuard","hexamod:EmpoweredFlame","hexamod:Rewind","hexamod:GhostflameInferno+1","hexamod:Again","hexamod:FastForward","hexamod:FastForward","hexamod:FastForward","hexamod:RetreatToShadows+1","hexamod:GhostOfSpirePast","expansioncontent:AwakenDeath"],"relics":["hexamod:SpiritBrand","MealTicket","Bottled Tornado","Art of War","Gremlin Horn","Runic Pyramid","Membership Card","Smiling Mask","MawBank"],"acts_visited":["Exordium","TheCity"],"potions_floor_usage":[32,33,33],"damage_taken":[{"damage":0.0,"enemies":"Small Slimes","floor":2.0,"turns":3.0},{"damage":1.0,"enemies":"Cultist","floor":3.0,"turns":3.0},{"damage":2.0,"enemies":"Jaw Worm","floor":5.0,"turns":3.0},{"damage":0.0,"enemies":"downfall:FleeingMerchant","floor":6.0,"turns":4.0},{"damage":10.0,"enemies":"Lots of Slimes","floor":8.0,"turns":6.0},{"damage":8.0,"enemies":"Blue Slaver","floor":9.0,"turns":3.0},{"damage":15.0,"enemies":"Gremlin Nob","floor":10.0,"turns":5.0},{"damage":22.0,"enemies":"Lagavulin","floor":13.0,"turns":9.0},{"damage":0.0,"enemies":"Gremlin Gang","floor":14.0,"turns":4.0},{"damage":8.0,"enemies":"Blue Slaver","floor":15.0,"turns":3.0},{"damage":21.0,"enemies":"DF_ARCHETYPE_STREAMLINE","floor":16.0,"turns":10.0},{"damage":10.0,"enemies":"Chosen","floor":19.0,"turns":4.0},{"damage":15.0,"enemies":"Snake Plant","floor":20.0,"turns":4.0},{"damage":5.0,"enemies":"downfall:FleeingMerchant","floor":21.0,"turns":4.0},{"damage":2.0,"enemies":"Cultist and Chosen","floor":23.0,"turns":4.0},{"damage":24,"enemies":"3 Cultists","floor":27,"turns":5},{"damage":10,"enemies":"Snecko","floor":28,"turns":6},{"damage":30,"enemies":"Shelled Parasite and Fungi","floor":29,"turns":6},{"damage":0,"enemies":"downfall:FleeingMerchant","floor":30,"turns":4},{"damage":38,"enemies":"Gremlin Leader","floor":31,"turns":7},{"damage":8,"enemies":"Snake Plant","floor":32,"turns":4},{"damage":11,"enemies":"IC_MUSHROOM_ARCHETYPE","floor":33,"turns":1}],"seed_played":"-1670193598534009486","potions_obtained":[{"floor":3.0,"key":"Fire Potion"},{"floor":8.0,"key":"BlessingOfTheForge"},{"floor":10.0,"key":"Block Potion"},{"floor":11.0,"key":"Fire Potion"},{"floor":19.0,"key":"SpeedPotion"},{"floor":21.0,"key":"AttackPotion"},{"floor":22.0,"key":"CultistPotion"},{"floor":32,"key":"LiquidBronze"}],"is_trial":false,"path_per_floor":["R","M","M","?","M","$","T","M","M","E","?","R","E","M","M","B",null,"R","M","M","$","?","M","T","?","R","M","M","M","$","E","M","B"],"character_chosen":"THE_SPIRIT","items_purchased":["hexamod:FirstSeal","hexamod:SpectralSpark","MealTicket","Membership Card","hexamod:Again","Strength Potion","expansioncontent:AwakenDeath"],"campfire_rested":1,"item_purchase_floors":[6,6,6,21,21,21,30],"current_hp_per_floor":[49,49,48,48,46,46,46,43,42,34,34,55,40,47,39,18,70,70,67,59,70,70,68,68,68,68,51,48,25,47,9,1,0,0,0],"gold":90,"neow_bonus":"TWO_FIFTY_GOLD","is_daily":false,"chose_seed":false,"campfire_upgraded":3,"win_rate":0.0,"timestamp":1613110302,"path_taken":["R","M","M","?","?","$","T","M","M","E","?","R","E","M","M","BOSS","R","M","M","?","?","M","T","?","R","?","M","M","$","E","M","BOSS"],"items_purchased_type":["Card","Card","Relic","Relic","Card","Potion","Card"],"build_version":"2020-12-22","purchased_purges":1,"victory":false,"max_hp_per_floor":[70,70,70,70,70,70,70,70,70,70,70,70,70,70,70,70,70,70,70,70,70,70,70,70,70,70,70,70,70,70,70,70,70,70,70],"card_choices":[{"not_picked":["hexamod:NightmareGuise","hexamod:NightmareStrike"],"picked":"hexamod:FastForward","floor":2.0},{"not_picked":["hexamod:AdvancingGuard","hexamod:FlamesFromBeyond"],"picked":"hexamod:RetreatToShadows","floor":3.0},{"not_picked":["hexamod:NightmareGuise","hexamod:EtherealExpedition"],"picked":"hexamod:SpectralSpark","floor":5.0},{"not_picked":["hexamod:NightmareGuise","hexamod:InspiringFlames"],"picked":"hexamod:ThirdSeal","floor":6.0},{"not_picked":["hexamod:PowerFromBeyond","hexamod:Firestarter"],"picked":"hexamod:InspiringFlames","floor":8.0},{"not_picked":["hexamod:RainOfEmbers","hexamod:SpectralSpark"],"picked":"hexamod:Rewind","floor":8.0},{"not_picked":["hexamod:GhostflameBarrier","hexamod:SuperheatedStrike"],"picked":"hexamod:FastForward","floor":9.0},{"not_picked":["hexamod:Firestarter","hexamod:GhostLash"],"picked":"hexamod:Hexaguard","floor":9.0},{"not_picked":["hexamod:HeatMetal","hexamod:FlamesFromBeyond"],"picked":"hexamod:VolcanoVisage","floor":10.0},{"not_picked":["hexamod:Hexaguard","hexamod:SwordOfDarkness","hexamod:HeatMetal"],"picked":"SKIP","floor":10.0},{"not_picked":["hexamod:BurningTouch","hexamod:PhantomCloak"],"picked":"hexamod:GhostOfSpirePast","floor":13.0},{"not_picked":["hexamod:Rewind","hexamod:RetreatToShadows"],"picked":"hexamod:Again","floor":13.0},{"not_picked":["hexamod:ExtraCrispy","hexamod:BurningTouch"],"picked":"hexamod:SpectralAdrenaline","floor":14.0},{"not_picked":["hexamod:SpectralSpark","hexamod:SpectersWail"],"picked":"hexamod:RadiantFlame","floor":14.0},{"not_picked":["hexamod:AdvancingGuard","hexamod:NightmareStrike"],"picked":"hexamod:FourthSeal","floor":15.0},{"not_picked":["hexamod:NightmareGuise","hexamod:NightmareStrike","hexamod:ShieldOfDarkness"],"picked":"SKIP","floor":15.0},{"not_picked":["hexamod:WildfireWeapon","hexamod:VolcanoVisage"],"picked":"hexamod:UnlimitedPower","floor":16.0},{"not_picked":["hexamod:SixthSeal","hexamod:UnlimitedPower"],"picked":"hexamod:TimeWarp","floor":16.0},{"not_picked":["hexamod:BurningTouch","hexamod:Incineration+1","hexamod:NightmareGuise"],"picked":"SKIP","floor":19.0},{"not_picked":["hexamod:InspiringFlames","hexamod:HeatCrush+1","hexamod:Haunt"],"picked":"SKIP","floor":19.0},{"not_picked":["hexamod:SpectralAdrenaline","hexamod:HauntingEcho+1"],"picked":"hexamod:AdvancingGuard","floor":20.0},{"not_picked":["hexamod:GhostShield+1","hexamod:SuperheatedStrike"],"picked":"hexamod:EmpoweredFlame","floor":20.0},{"not_picked":["hexamod:GhostLash","hexamod:VolcanoVisage"],"picked":"hexamod:Rewind","floor":21.0},{"not_picked":["hexamod:HauntingEcho","hexamod:SuperheatedStrike"],"picked":"hexamod:GhostflameInferno","floor":21.0},{"not_picked":["hexamod:AdvancingGuard","hexamod:InspiringFlames"],"picked":"hexamod:FastForward","floor":23.0},{"not_picked":["hexamod:SoulSteal","hexamod:NecessarySacrifice","hexamod:BurningTouch"],"picked":"SKIP","floor":23.0},{"not_picked":["hexamod:ExtraCrispy","hexamod:HeatShield"],"picked":"hexamod:FastForward","floor":27},{"not_picked":["hexamod:ShieldOfDarkness","hexamod:ThermalTransfer+1"],"picked":"hexamod:FastForward","floor":27},{"not_picked":["hexamod:Firestarter","hexamod:StepThrough+1"],"picked":"hexamod:RetreatToShadows+1","floor":28},{"not_picked":["hexamod:Firestarter","hexamod:NightmareStrike","hexamod:HeatShield"],"picked":"SKIP","floor":28},{"not_picked":["hexamod:SpectralSpark","hexamod:EmpoweredFlame"],"picked":"hexamod:GhostOfSpirePast","floor":29},{"not_picked":["hexamod:NightmareStrike","hexamod:SwordOfDarkness","hexamod:SpectralAdrenaline"],"picked":"SKIP","floor":29},{"not_picked":["hexamod:GhostLash","hexamod:SwordOfDarkness","hexamod:UnleashSpirits"],"picked":"SKIP","floor":30},{"not_picked":["hexamod:FlamesFromBeyond+1","hexamod:NecessarySacrifice","hexamod:PowerFromBeyond"],"picked":"SKIP","floor":30},{"not_picked":["hexamod:DynamicBlow","hexamod:SpectralAdrenaline+1","hexamod:BurningTouch"],"picked":"SKIP","floor":31},{"not_picked":["hexamod:DynamicBlow+1","hexamod:Incineration+1","hexamod:SuperheatedStrike"],"picked":"SKIP","floor":32}],"player_experience":491845,"relics_obtained":[{"floor":7.0,"key":"Bottled Tornado"},{"floor":10.0,"key":"Art of War"},{"floor":13.0,"key":"Gremlin Horn"},{"floor":24.0,"key":"Smiling Mask"},{"floor":31,"key":"MawBank"}],"event_choices":[{"damage_healed":0.0,"max_hp_gain":0.0,"max_hp_loss":0.0,"gold_gain":0.0,"event_name":"Lab","player_choice":"Got Potions","floor":11.0,"gold_loss":0.0,"damage_taken":0.0},{"damage_healed":0,"gold_gain":0,"player_choice":"Leave","damage_taken":0,"max_hp_gain":0,"max_hp_loss":0,"event_name":"FaceTrader","floor":25,"gold_loss":0}],"is_beta":false,"boss_relics":[{"not_picked":["Velvet Choker","SacredBark"],"picked":"Runic Pyramid"}],"items_purged_floors":[6],"is_endless":false,"potions_floor_spawned":[3,8,10,13,23,31,32],"killed_by":"IC_MUSHROOM_ARCHETYPE","ascension_level":2}}