{"host":"dqv8oo4v229c1o2l","time":1613152976,"event":{"mods":["AchievementEnabler","BaseMod","Colored Map","Colored Powertips","Minty Spire (QoL Compilation)","Quick Restart","Rare Cards Sparkle","StSLib","Synergy Search"],"gold_per_floor":[210,59,77,89,100,133,133,146,221,235,235,262,187,198,198,297,297,310,235,253,253,253,253],"floor_reached":22,"language":"ENG","playtime":1254,"items_purged":["Strike_R"],"score":307,"play_id":"4a09ffb8-ef8f-41d5-a3fe-0d7e28f17670","local_time":"20210212100256","is_ascension_mode":true,"campfire_choices":[{"data":"Feed","floor":7.0,"key":"SMITH"},{"floor":11.0,"key":"REST"},{"floor":15.0,"key":"REST"}],"circlet_count":0,"master_deck":["Strike_R+1","Strike_R+1","Strike_R+1","Defend_R+1","Defend_R+1","Defend_R+1","Defend_R+1","Bash","Dropkick","Feed+1","Twin Strike","Cleave","Thunderclap","Pommel Strike","Ghostly Armor","Double Tap","Shrug It Off","Shrug It Off","Reaper","Battle Trance"],"relics":["Burning Blood","Tiny Chest","Dead Branch","SlaversCollar"],"acts_visited":["Exordium","TheCity"],"potions_floor_usage":[],"damage_taken":[{"damage":0.0,"enemies":"2 Louse","floor":1.0,"turns":4.0},{"damage":13.0,"enemies":"Jaw Worm","floor":3.0,"turns":4.0},{"damage":10.0,"enemies":"Cultist","floor":4.0,"turns":5.0},{"damage":14.0,"enemies":"Large Slime","floor":5.0,"turns":5.0},{"damage":21.0,"enemies":"3 Sentries","floor":6.0,"turns":5.0},{"damage":24.0,"enemies":"Exordium Wildlife","floor":8.0,"turns":6.0},{"damage":24.0,"enemies":"Blue Slaver","floor":10.0,"turns":5.0},{"damage":30.0,"enemies":"Lagavulin","floor":12.0,"turns":5.0},{"damage":12.0,"enemies":"3 Louse","floor":14.0,"turns":4.0},{"damage":26.0,"enemies":"The Guardian","floor":16.0,"turns":10.0},{"damage":62.0,"enemies":"Shell Parasite","floor":18.0,"turns":10.0},{"damage":26.0,"enemies":"Chosen","floor":20.0,"turns":6.0},{"damage":28,"enemies":"Snake Plant","floor":22,"turns":4}],"seed_played":"2797329880561473666","potions_obtained":[{"floor":1.0,"key":"AttackPotion"},{"floor":4.0,"key":"Strength Potion"},{"floor":8.0,"key":"LiquidBronze"},{"floor":12.0,"key":"CultistPotion"},{"floor":14.0,"key":"PowerPotion"},{"floor":18.0,"key":"DuplicationPotion"}],"is_trial":false,"path_per_floor":["M","$","M","M","M","E","R","M","T","M","R","E","$","M","R","B",null,"M","?","M","?","M"],"character_chosen":"IRONCLAD","items_purchased":["Feed"],"campfire_rested":2,"item_purchase_floors":[2],"current_hp_per_floor":[78,78,74,73,68,56,56,42,42,28,58,34,34,32,63,47,93,41,41,25,25,0,0],"gold":253,"neow_bonus":"HUNDRED_GOLD","is_daily":false,"chose_seed":false,"campfire_upgraded":1,"win_rate":0.0,"timestamp":1613152976,"path_taken":["M","$","M","M","M","E","R","M","T","M","R","E","$","M","R","BOSS","M","?","M","?","M"],"items_purchased_type":["Card"],"build_version":"2020-12-22","purchased_purges":1,"victory":false,"max_hp_per_floor":[80,80,83,86,89,92,92,96,96,100,100,100,100,104,104,108,108,112,112,112,112,112,112],"card_choices":[{"not_picked":["Perfected Strike","True Grit"],"picked":"Dropkick","floor":1.0},{"not_picked":["Heavy Blade","Clothesline"],"picked":"Twin Strike","floor":3.0},{"not_picked":["Sword Boomerang","Power Through"],"picked":"Cleave","floor":4.0},{"not_picked":["Power Through","Havoc"],"picked":"Thunderclap","floor":5.0},{"not_picked":["Iron Wave","Blood for Blood"],"picked":"Pommel Strike","floor":6.0},{"not_picked":["Iron Wave","Perfected Strike"],"picked":"Ghostly Armor","floor":8.0},{"not_picked":["Havoc","Sever Soul"],"picked":"Double Tap","floor":10.0},{"not_picked":["Wild Strike","Thunderclap"],"picked":"Shrug It Off","floor":12.0},{"not_picked":["Metallicize","Thunderclap"],"picked":"Shrug It Off","floor":14.0},{"not_picked":["Offering","Berserk"],"picked":"Reaper","floor":16.0},{"not_picked":["Sentinel","Disarm+1","Clash"],"picked":"SKIP","floor":18.0},{"not_picked":["Whirlwind","Power Through+1"],"picked":"Battle Trance","floor":20.0}],"player_experience":319698,"relics_obtained":[{"floor":6.0,"key":"Tiny Chest"},{"floor":12.0,"key":"Dead Branch"}],"event_choices":[{"cards_removed":["Strike_R"],"damage_healed":0.0,"max_hp_gain":0.0,"max_hp_loss":0.0,"gold_gain":0.0,"event_name":"Beggar","player_choice":"Gave Gold","floor":19.0,"gold_loss":75.0,"damage_taken":0.0},{"damage_healed":0.0,"max_hp_gain":0.0,"max_hp_loss":0.0,"gold_gain":0.0,"event_name":"Back to Basics","player_choice":"Simplicity","floor":21.0,"gold_loss":0.0,"damage_taken":0.0,"cards_upgraded":["Strike_R","Strike_R","Strike_R","Defend_R","Defend_R","Defend_R","Defend_R"]}],"is_beta":false,"boss_relics":[{"not_picked":["Runic Dome","Velvet Choker"],"picked":"SlaversCollar"}],"items_purged_floors":[13],"is_endless":false,"potions_floor_spawned":[1,4,8,12,14,18],"killed_by":"Snake Plant","ascension_level":6}}