{"host":"YagamiMirai","time":1613167738,"event":{"mods":["Act Like it!","Alarm Clock","BaseMod","Bossed Relics","Conspire","Downfall","Hermit","Minty Spire (QoL Compilation)","Pale of the Ancients","Relic Filter Mod","Reliquary","Replay The Spire","Robot Space Explorer","Spicy Shops","StSLib","The Dragon Tamer","The Gatherer","The Mystic","TheHeartMod","Wide Potions","¡¾ÒÅÎï¿¨ÅÆ¡¿REMEMod","óô»ðÖ¸ÄÏ"],"gold_per_floor":[117,117,135,135,12,12,42,42,42,42,68,93,93,111,125,156,156,261,261,279,292,292,328,42,76,76,106,106,151,184,214,256,287,287,427,427,465,498,498,549,280,340,199,331,331,331,331,412,412,492,27,58,127,218,218,37,12,103,103,103,103,147,147],"floor_reached":62,"language":"ZHS","playtime":3450,"items_purged":["downfall:Bewildered"],"score":1126,"play_id":"8102741d-c4e5-4690-b39d-ecf4ea647378","local_time":"20210213060858","is_ascension_mode":false,"campfire_choices":[{"data":"RobotSpaceExplorer:ScrapMissile","floor":6.0,"key":"SMITH"},{"data":"RobotSpaceExplorer:Explosion","floor":8.0,"key":"SMITH"},{"data":"RobotSpaceExplorer:BigMissile","floor":13.0,"key":"SMITH"},{"data":"RobotSpaceExplorer:StarLightning","floor":17.0,"key":"SMITH"},{"floor":26.0,"key":"RECALL"},{"floor":34.0,"key":"REST"},{"floor":59,"key":"REST"}],"circlet_count":0,"master_deck":["RobotSpaceExplorer:Strike","RobotSpaceExplorer:Strike","RobotSpaceExplorer:Strike","RobotSpaceExplorer:Strike","RobotSpaceExplorer:Defend","RobotSpaceExplorer:Defend","RobotSpaceExplorer:Defend","RobotSpaceExplorer:MiniLasers","Bludgeon","RobotSpaceExplorer:StunGrenade","RobotSpaceExplorer:ScrapMissile+1","RobotSpaceExplorer:Explosion+1","RobotSpaceExplorer:BigMissile+1","RobotSpaceExplorer:ScrapMissile","RobotSpaceExplorer:Probe","RobotSpaceExplorer:StarLightning+1","RobotSpaceExplorer:MiniDrones+1","RobotSpaceExplorer:ScrapMissile+1","RobotSpaceExplorer:DoubleFind","RobotSpaceExplorer:MiniBoosters","RobotSpaceExplorer:StarDust","RobotSpaceExplorer:MiniBoosters","RobotSpaceExplorer:MiniDrones","RobotSpaceExplorer:MiniDrones","RobotSpaceExplorer:DroneSwarm","RobotSpaceExplorer:StunGrenade","RobotSpaceExplorer:Probe+1","Madness","RobotSpaceExplorer:LuckyStrike","RobotSpaceExplorer:PowerGlove+1","RobotSpaceExplorer:Pulsar+1","RobotSpaceExplorer:ScrapMissile+1","DTMod:TargetDefense","RobotSpaceExplorer:Reload"],"relics":["RobotSpaceExplorer:RoboCore","REME_ComplimentaryCards","NeowsBlessing","Shuriken","Simple Rune","reliquary:ExpiredCoupon","Pen Nib","Replay:Bottled Flurry","Fusion Hammer","Art of War","sneckomod:BabySnecko","reliquary:WeakTea","TungstenRod","Turnip","reliquary:RoseTintedGlasses","Replay:Bandana","Ring of Chaos","Membership Card","Bag of Preparation","REME_ArchaeologicalTools","hexamod:BolsterEngine","REME_HandOfSuture","conspire:DeflatedDodgeball","Snack Pack","Centennial Puzzle","reliquary:BoilingFlask","reliquary:Stiletto","RobotSpaceExplorer:SlideRule","FossilizedHelix","paleoftheancients:Timepiece","paleoftheancients:KeyRelic","CultistMask","paleoftheancients:SoulOfTheShapes","Centennial Puzzle","Bottled Flame","StoneCalendar","conspire:Dentures"],"acts_visited":["Exordium","TheCity","TheBeyond","paleoftheancients:PaleOfTheAncients"],"potions_floor_usage":[58,58],"damage_taken":[{"damage":0.0,"enemies":"2 Louse","floor":1.0,"turns":1.0},{"damage":0.0,"enemies":"Cultist","floor":3.0,"turns":1.0},{"damage":0.0,"enemies":"Gremlin Nob","floor":7.0,"turns":1.0},{"damage":36.0,"enemies":"Lagavulin","floor":12.0,"turns":4.0},{"damage":0.0,"enemies":"Small Slimes","floor":14.0,"turns":2.0},{"damage":0.0,"enemies":"Blue Slaver","floor":15.0,"turns":1.0},{"damage":4.0,"enemies":"3 Sentries","floor":16.0,"turns":3.0},{"damage":1.0,"enemies":"The Guardian","floor":18.0,"turns":6.0},{"damage":10.0,"enemies":"Chosen","floor":20.0,"turns":4.0},{"damage":0.0,"enemies":"Spheric Guardian","floor":21.0,"turns":2.0},{"damage":11.0,"enemies":"conspire:MimicChest","floor":23.0,"turns":4.0},{"damage":6.0,"enemies":"Book of Stabbing","floor":25.0,"turns":3.0},{"damage":7.0,"enemies":"Gremlin Leader","floor":27.0,"turns":4.0},{"damage":0.0,"enemies":"Snecko","floor":29.0,"turns":2.0},{"damage":8.0,"enemies":"Chosen and Byrds","floor":30.0,"turns":3.0},{"damage":9.0,"enemies":"Cultist and Chosen","floor":31.0,"turns":4.0},{"damage":0.0,"enemies":"3 Cultists","floor":32.0,"turns":3.0},{"damage":10.0,"enemies":"Snecko","floor":33.0,"turns":4.0},{"damage":0.0,"enemies":"Collector","floor":35.0,"turns":5.0},{"damage":25.0,"enemies":"3 Darklings","floor":37.0,"turns":4.0},{"damage":14.0,"enemies":"3 Shapes","floor":38.0,"turns":2.0},{"damage":3.0,"enemies":"Jaw Worm Horde","floor":40.0,"turns":3.0},{"damage":5.0,"enemies":"Nemesis","floor":42.0,"turns":5.0},{"damage":0.0,"enemies":"Writhing Mass","floor":44.0,"turns":3.0},{"damage":3.0,"enemies":"R_Hoarder","floor":48.0,"turns":5.0},{"damage":0.0,"enemies":"Nemesis","floor":50.0,"turns":3.0},{"damage":40.0,"enemies":"Time Eater","floor":52.0,"turns":8.0},{"damage":21.0,"enemies":"Time Eater","floor":53.0,"turns":5.0},{"damage":40,"enemies":"Time Eater","floor":54,"turns":8},{"damage":67,"enemies":"Time Eater","floor":58,"turns":9},{"damage":161,"enemies":"paleoftheancients:N","floor":62,"turns":11}],"seed_played":"937249836738246176","potions_obtained":[{"floor":1.0,"key":"Weak Potion"},{"floor":7.0,"key":"Adrenaline Potion"},{"floor":16.0,"key":"Block Potion"},{"floor":18.0,"key":"GamblersBrew"},{"floor":21.0,"key":"ColorlessPotion"},{"floor":23.0,"key":"Energy Potion"},{"floor":25.0,"key":"Fire Potion"},{"floor":31.0,"key":"FairyPotion"},{"floor":35.0,"key":"LiquidBronze"},{"floor":37.0,"key":"Fire Potion"},{"floor":38.0,"key":"Fire Potion"},{"floor":42.0,"key":"Fire Potion"},{"floor":54,"key":"RobotSpaceExplorer:RecyclePotion"}],"is_trial":false,"path_per_floor":["M","?","M","?","$","R","E","R","PTL","PTL","T","E","R","M","M","E","R","B",null,"M","M","?","?","$","E","R","E","T","M","M","M","M","M","R","B",null,"M","M","?","M","$","E","R","M","T","?","?","E","T","E","R","B","M","M","?","$","R","M","R","T","?","B"],"character_chosen":"RobotSpaceExplorer","items_purchased":["Shuriken","TungstenRod","Membership Card","Bag of Preparation","hexamod:BolsterEngine","REME_HandOfSuture","REME_GoldPotion","reliquary:BoilingFlask","reliquary:Stiletto","RobotSpaceExplorer:SlideRule","Milkshake","FossilizedHelix","reliquary:SculptingSteel","Bottled Flame","StoneCalendar","RobotSpaceExplorer:RecyclePotion"],"campfire_rested":2,"item_purchase_floors":[5,24,41,41,43,43,43,51,51,51,51,51,56,56,57,57],"current_hp_per_floor":[75,75,75,75,75,75,75,75,75,75,75,39,39,39,39,35,35,34,75,65,65,65,54,54,48,48,41,41,41,33,24,24,14,36,36,75,50,36,28,25,25,20,20,20,20,20,20,17,17,25,25,75,68,51,51,51,51,6,28,28,28,0,0],"gold":147,"neow_bonus":"THREE_ENEMY_KILL","is_daily":false,"chose_seed":false,"campfire_upgraded":4,"win_rate":0.0,"timestamp":1613167738,"path_taken":["M","?","?","?","$","R","E","R","PTL","PTL","T","E","R","M","M","E","R","BOSS","M","M","?","?","?","E","R","E","T","M","M","?","M","M","R","BOSS","M","M","?","M","$","E","R","M","T","?","?","E","?","E","R","BOSS","M","M","?","$","R","M","R","T","?","BOSS"],"items_purchased_type":["Relic","Relic","Relic","Relic","Relic","Relic","Potion","Relic","Relic","Relic","Potion","Relic","Relic","Relic","Relic","Potion"],"build_version":"2020-12-18","purchased_purges":1,"victory":false,"max_hp_per_floor":[75,75,75,75,75,75,75,75,75,75,75,75,75,75,75,75,75,75,75,75,75,75,75,75,75,75,75,75,75,75,75,75,75,75,75,75,75,75,75,75,75,75,75,75,75,75,75,75,75,75,75,75,75,75,75,75,75,75,75,75,75,75,75],"card_choices":[{"not_picked":["RobotSpaceExplorer:SlimeMissile","RobotSpaceExplorer:Electroshield"],"picked":"RobotSpaceExplorer:StunGrenade","floor":1.0},{"not_picked":["RobotSpaceExplorer:MetalStrike","RobotSpaceExplorer:Counterblock"],"picked":"RobotSpaceExplorer:ScrapMissile","floor":3.0},{"not_picked":["RobotSpaceExplorer:ShovelStrike","RobotSpaceExplorer:Ammunition"],"picked":"RobotSpaceExplorer:Explosion","floor":7.0},{"not_picked":["RobotSpaceExplorer:ToxicBomb","RobotSpaceExplorer:SurgingShield"],"picked":"RobotSpaceExplorer:BigMissile","floor":12.0},{"not_picked":["RobotSpaceExplorer:PlasmaMissile","RobotSpaceExplorer:Probe"],"picked":"RobotSpaceExplorer:ScrapMissile","floor":14.0},{"not_picked":["RobotSpaceExplorer:FrostMissile","RobotSpaceExplorer:Electroshield"],"picked":"RobotSpaceExplorer:Probe","floor":15.0},{"not_picked":["RobotSpaceExplorer:GlueSpray","RobotSpaceExplorer:ScrapMissile"],"picked":"RobotSpaceExplorer:StarLightning","floor":16.0},{"not_picked":["RobotSpaceExplorer:ShockMissile","RobotSpaceExplorer:Explosion"],"picked":"RobotSpaceExplorer:Exploration","floor":18.0},{"not_picked":["RobotSpaceExplorer:SurgingStrike+1","RobotSpaceExplorer:GlueShot"],"picked":"RobotSpaceExplorer:MiniDrones+1","floor":20.0},{"not_picked":["RobotSpaceExplorer:BigMissile","RobotSpaceExplorer:Ammunition"],"picked":"RobotSpaceExplorer:ScrapMissile+1","floor":21.0},{"not_picked":["RobotSpaceExplorer:MetalStrike","RobotSpaceExplorer:SlimeMissile"],"picked":"RobotSpaceExplorer:DoubleFind","floor":23.0},{"not_picked":["RobotSpaceExplorer:Ammunition","RobotSpaceExplorer:Blitz"],"picked":"RobotSpaceExplorer:MiniBoosters","floor":25.0},{"not_picked":["RobotSpaceExplorer:FreezeRay+1","RobotSpaceExplorer:ShockMissile"],"picked":"RobotSpaceExplorer:StarDust","floor":27.0},{"not_picked":["RobotSpaceExplorer:ImprovisedAttack+1","RobotSpaceExplorer:SurgingShield"],"picked":"RobotSpaceExplorer:MiniBoosters","floor":29.0},{"not_picked":["RobotSpaceExplorer:MetalStrike","RobotSpaceExplorer:FranticSearch","RobotSpaceExplorer:GlueShot"],"picked":"SKIP","floor":30.0},{"not_picked":["RobotSpaceExplorer:TurboDodge","RobotSpaceExplorer:PowerCollector","RobotSpaceExplorer:SlimeMissile+1"],"picked":"SKIP","floor":31.0},{"not_picked":["RobotSpaceExplorer:FreezingShield","RobotSpaceExplorer:Fix"],"picked":"RobotSpaceExplorer:MiniDrones","floor":32.0},{"not_picked":["RobotSpaceExplorer:GlueShot+1","RobotSpaceExplorer:Probe"],"picked":"RobotSpaceExplorer:MiniDrones","floor":33.0},{"not_picked":["RobotSpaceExplorer:Arsenal","RobotSpaceExplorer:Autoloader"],"picked":"RobotSpaceExplorer:DroneSwarm","floor":35.0},{"not_picked":["RobotSpaceExplorer:SurgingStrike+1","RobotSpaceExplorer:PlasmaMissile+1"],"picked":"RobotSpaceExplorer:StunGrenade","floor":37.0},{"not_picked":["RobotSpaceExplorer:FrostMissile+1","RobotSpaceExplorer:Electropulse+1"],"picked":"RobotSpaceExplorer:Probe+1","floor":38.0},{"not_picked":["RobotSpaceExplorer:MetalStrike+1","RobotSpaceExplorer:Blitz+1"],"picked":"RobotSpaceExplorer:LuckyStrike","floor":40.0},{"not_picked":["RobotSpaceExplorer:HighVoltage","RobotSpaceExplorer:LaserBurst"],"picked":"RobotSpaceExplorer:PowerGlove+1","floor":42.0},{"not_picked":["RobotSpaceExplorer:SlimeMissile+1","RobotSpaceExplorer:ToxicBomb+1","RobotSpaceExplorer:GlueShot"],"picked":"SKIP","floor":44.0},{"not_picked":["RobotSpaceExplorer:StunGrenade","RobotSpaceExplorer:MetalStrike+1","RobotSpaceExplorer:TurboDodge+1"],"picked":"SKIP","floor":48.0},{"not_picked":["RobotSpaceExplorer:FrostMissile","RobotSpaceExplorer:ScrapShield","RobotSpaceExplorer:SwiftStep"],"picked":"SKIP","floor":50.0},{"not_picked":["RobotSpaceExplorer:PowerCollector","RobotSpaceExplorer:ExhaustFan+1"],"picked":"RobotSpaceExplorer:Pulsar+1","floor":53.0},{"not_picked":["RobotSpaceExplorer:SlimeMissile","RobotSpaceExplorer:ExhaustFan"],"picked":"RobotSpaceExplorer:ScrapMissile+1","floor":54},{"not_picked":["RobotSpaceExplorer:SwiftStep","RobotSpaceExplorer:ShovelStrike"],"picked":"RobotSpaceExplorer:Reload","floor":58}],"player_experience":990948,"relics_obtained":[{"floor":7.0,"key":"Simple Rune"},{"floor":11.0,"key":"reliquary:ExpiredCoupon"},{"floor":12.0,"key":"Pen Nib"},{"floor":16.0,"key":"Replay:Bottled Flurry"},{"floor":20.0,"key":"Art of War"},{"floor":23.0,"key":"reliquary:WeakTea"},{"floor":25.0,"key":"Turnip"},{"floor":27.0,"key":"reliquary:RoseTintedGlasses"},{"floor":28.0,"key":"Replay:Bandana"},{"floor":42.0,"key":"REME_ArchaeologicalTools"},{"floor":48.0,"key":"conspire:DeflatedDodgeball"},{"floor":49.0,"key":"Snack Pack"},{"floor":50.0,"key":"Centennial Puzzle"},{"floor":53.0,"key":"paleoftheancients:SoulOfTheShapes"},{"floor":54,"key":"paleoftheancients:SoulOfTheWatcher"},{"floor":58,"key":"paleoftheancients:SoulOfTheHexaghost"},{"floor":60,"key":"conspire:Dentures"}],"event_choices":[{"damage_healed":0.0,"max_hp_gain":0.0,"max_hp_loss":0.0,"gold_gain":0.0,"event_name":"The Woman in Blue","player_choice":"Bought 0 Potions","floor":2.0,"gold_loss":0.0,"damage_taken":0.0},{"damage_healed":0.0,"max_hp_gain":0.0,"max_hp_loss":0.0,"gold_gain":0.0,"event_name":"Winding Halls","player_choice":"Embrace Madness","floor":39.0,"gold_loss":0.0,"damage_taken":9.0,"cards_obtained":["Madness","Madness"]},{"cards_removed":["RobotSpaceExplorer:Scan"],"damage_healed":0.0,"max_hp_gain":0.0,"max_hp_loss":0.0,"gold_gain":0.0,"event_name":"Falling","player_choice":"Removed Skill","floor":46.0,"gold_loss":0.0,"damage_taken":0.0},{"damage_healed":0.0,"max_hp_gain":0.0,"max_hp_loss":0.0,"gold_gain":0.0,"event_name":"The Moai Head","player_choice":"Ignored","floor":47.0,"gold_loss":0.0,"damage_taken":0.0},{"cards_removed":["Madness"],"damage_healed":0,"gold_gain":0,"player_choice":"Took Card","damage_taken":0,"max_hp_gain":0,"max_hp_loss":0,"event_name":"NoteForYourself","floor":55,"gold_loss":0,"cards_obtained":["DTMod:TargetDefense"]}],"is_beta":true,"boss_relics":[{"not_picked":["Runic Pyramid","conspire:RunicOctahedron"],"picked":"Fusion Hammer"},{"not_picked":["RobotSpaceExplorer:Reprocessor","Replay:Drink Me"],"picked":"Ring of Chaos"}],"items_purged_floors":[41],"is_endless":false,"potions_floor_spawned":[1,7,16,18,21,23,25,31,32,35,37,38,42,54],"killed_by":"paleoftheancients:N","ascension_level":0}}