{"host":"pgm1p3lvdjflie30","time":1613107642,"event":{"mods":["AchievementEnabler","Alarm Clock","Aspiration","BaseMod","Challenge The Spire","Colored Map","Colored Powertips","Conspire","Dark Map","Energized Spire","GungeonMod","Hermit","HornydragonMod","Minty Spire (QoL Compilation)","Quarter Circle Forward PUNCH!","Quick Restart","Reimu（博???）","Relic Stats","Reliquary","Replay The Spire","Robot Space Explorer","Spicy Shops","StSLib","The Blackbeard","The Bug Knight","The Cursed","The Hayseed","The IronCluck","The Runesmith","Waifu the Spire","Yakumo Yukari mod","【功能Mod】混沌之?修复?丁","篝火指南"],"gold_per_floor":[115,115,129,57,74,74,90,90,90,90,100,117,133,151,151,252,252,270,78,78,78,93,93,109,126,174,174,50,50,73,86,86,190,190,209,209,220,220,220,220],"floor_reached":39,"language":"ZHS","playtime":4623,"items_purged":[],"score":375,"play_id":"ffef9100-a8b2-4b6f-85f5-ce53386fe642","local_time":"20210212132722","is_ascension_mode":false,"campfire_choices":[{"data":"Barrage","floor":6,"key":"SMITH"},{"data":"Zap","floor":8,"key":"SMITH"},{"data":"Beam Cell","floor":10,"key":"SMITH"},{"data":"Buffer","floor":15,"key":"SMITH"},{"floor":23,"key":"REST"},{"floor":27,"key":"REST"},{"data":"Capacitor","floor":29,"key":"SMITH"}],"circlet_count":0,"master_deck":["Strike_B","Strike_B","Strike_B","Strike_B","Defend_B","Defend_B","Zap+1","Dualcast","Panic Button","Sweeping Beam","Barrage+1","Rebound","Beam Cell+1","Melter","Glacier+1","Redo","Buffer+1","Creative AI","FIFO Queue+1","Defragment","ReplayTheSpireMod:Omega Cannon","RitualDagger","ReplayGash","Panic Button+1","Beam Cell+1","Time Bomb+1","Capacitor+1","ReplaySolidLightProjector+1","Thunder Strike","Loop","Skim+1"],"relics":["Cracked Core","DemoMod:GlassGuonStoneRelic"],"acts_visited":["Exordium","TheCity","TheBeyond"],"potions_floor_usage":[5,7,16,16,24,31,33,39],"damage_taken":[{"damage":1,"enemies":"Jaw Worm","floor":1,"turns":4},{"damage":1,"enemies":"Cultist","floor":3,"turns":3},{"damage":2,"enemies":"2 Louse","floor":5,"turns":2},{"damage":0,"enemies":"Looter","floor":7,"turns":2},{"damage":5,"enemies":"Exordium Thugs","floor":11,"turns":3},{"damage":4,"enemies":"Lots of Slimes","floor":12,"turns":2},{"damage":0,"enemies":"Exordium Wildlife","floor":13,"turns":3},{"damage":0,"enemies":"Large Slime","floor":14,"turns":3},{"damage":16,"enemies":"Slime Boss","floor":16,"turns":9},{"damage":25,"enemies":"Shell Parasite","floor":18,"turns":6},{"damage":26,"enemies":"Chosen","floor":22,"turns":5},{"damage":16,"enemies":"Centurion and Healer","floor":24,"turns":6},{"damage":25,"enemies":"Chosen and Byrds","floor":25,"turns":5},{"damage":7,"enemies":"Snake Plant","floor":31,"turns":4},{"damage":37,"enemies":"conspire:MysteriousRune","floor":33,"turns":9},{"damage":29,"enemies":"3 Shapes","floor":35,"turns":3},{"damage":29,"enemies":"3 Darklings","floor":37,"turns":3},{"damage":25,"enemies":"Spire Growth","floor":39,"turns":3}],"seed_played":"3851911562699116294","potions_obtained":[{"floor":0,"key":"Milkshake"},{"floor":0,"key":"MagicPotion:ReiMu"},{"floor":0,"key":"SneckoOil"},{"floor":5,"key":"Block Potion"},{"floor":12,"key":"Strength Potion"},{"floor":16,"key":"Block Potion"},{"floor":24,"key":"FairyPotion"},{"floor":31,"key":"Ancient Potion"},{"floor":37,"key":"FearPotion"}],"is_trial":false,"path_per_floor":["M","?","M","$","M","R","M","R","T","R","M","M","M","M","R","B",null,"M","$","?","?","M","R","M","M","T","R","$","R","T","M","R_BF","B",null,"M","?","M","?","M"],"character_chosen":"DEFECT","items_purchased":["Barrage","Defragment","ReplayTheSpireMod:Omega Cannon","Capacitor"],"campfire_rested":2,"item_purchase_floors":[4,19,19,28],"current_hp_per_floor":[74,74,73,73,71,71,71,71,71,71,66,62,62,62,62,46,75,50,50,44,44,18,40,24,22,22,44,44,44,44,37,59,22,75,46,46,17,17,0,0],"gold":220,"neow_bonus":"THREE_SMALL_POTIONS","is_daily":false,"chose_seed":false,"campfire_upgraded":5,"win_rate":0.0,"timestamp":1613107642,"path_taken":["M","?","M","?","?","R","M","R","T","R","M","M","M","M","R","BOSS","M","$","?","?","M","R","?","M","T","R","?","R","?","M","R_BF","BOSS","M","?","M","?","M"],"items_purchased_type":["Card","Card","Card","Card"],"build_version":"2020-12-22","purchased_purges":0,"victory":false,"max_hp_per_floor":[75,75,75,75,75,75,75,75,75,75,75,75,75,75,75,75,75,75,75,75,75,75,75,75,75,75,75,75,75,75,75,75,75,75,75,75,75,75,75,75],"relic_stats":{"counters":[18,75],"obtain_stats":[{"DemoMod:GlassGuonStoneRelic":7,"Cracked Core":0},{"DemoMod:GlassGuonStoneRelic":4,"Cracked Core":0},{"DemoMod:GlassGuonStoneRelic":11,"Cracked Core":0}]},"card_choices":[{"not_picked":["Hologram","Steam"],"picked":"Panic Button","floor":1},{"not_picked":["Hologram","ReplayRNGCard"],"picked":"Sweeping Beam","floor":3},{"not_picked":["Streamline","White Noise"],"picked":"Rebound","floor":5},{"not_picked":["Compile Driver","ReplaySort"],"picked":"Beam Cell","floor":7},{"not_picked":["Heatsinks","BootSequence"],"picked":"Melter","floor":11},{"not_picked":["Reprogram","Streamline"],"picked":"Glacier","floor":12},{"not_picked":["Compile Driver","Undo"],"picked":"Redo","floor":13},{"not_picked":["Hello World","Rip and Tear"],"picked":"Buffer","floor":14},{"not_picked":["ReplayRNGCard","Seek"],"picked":"Creative AI","floor":16},{"not_picked":["Barrage","Leap+1"],"picked":"FIFO Queue+1","floor":18},{"not_picked":["Go for the Eyes","Fusion"],"picked":"Panic Button+1","floor":22},{"not_picked":["BootSequence","Cold Snap"],"picked":"Beam Cell+1","floor":24},{"not_picked":["Go for the Eyes","Streamline"],"picked":"Time Bomb+1","floor":25},{"not_picked":["Barrage","Panic Button"],"picked":"ReplaySolidLightProjector+1","floor":31},{"not_picked":["Buffer","Reboot"],"picked":"Thunder Strike","floor":33},{"not_picked":["Melter+1","Beam Cell"],"picked":"Loop","floor":35},{"not_picked":["Stack","FIFO Queue"],"picked":"Skim+1","floor":37}],"player_experience":485408,"relics_obtained":[],"event_choices":[{"damage_healed":0,"gold_gain":0,"player_choice":"Bought 0 Potions","damage_taken":0,"max_hp_gain":0,"max_hp_loss":0,"event_name":"The Woman in Blue","floor":2,"gold_loss":0},{"damage_healed":0,"gold_gain":0,"player_choice":"Joined the Cult","damage_taken":6,"max_hp_gain":0,"max_hp_loss":0,"event_name":"Nest","floor":20,"gold_loss":0,"cards_obtained":["RitualDagger"]},{"damage_healed":0,"gold_gain":0,"cards_transformed":["Defend_B"],"player_choice":"Transformed","damage_taken":0,"max_hp_gain":0,"max_hp_loss":0,"event_name":"Transmorgrifier","floor":21,"gold_loss":0,"cards_obtained":["ReplayGash"]},{"damage_healed":0,"gold_gain":0,"player_choice":"Leave","damage_taken":0,"max_hp_gain":0,"max_hp_loss":0,"event_name":"conspire:Investor","floor":36,"gold_loss":0},{"cards_removed":["Defend_B"],"damage_healed":0,"gold_gain":0,"player_choice":"Removed Skill","damage_taken":0,"max_hp_gain":0,"max_hp_loss":0,"event_name":"Falling","floor":38,"gold_loss":0}],"is_beta":false,"boss_relics":[{"not_picked":["Calling Bell","Astrolabe","Black Star"]},{"not_picked":["energizedSpire:UnstableMolecules","aspiration:RandomNobGenerator","aspiration:MobileForge"]}],"items_purged_floors":[],"is_endless":false,"potions_floor_spawned":[5,12,13,16,24,31,37],"killed_by":"Spire Growth","ascension_level":0}}