{"host":"takgv9cv6xf64vhq","time":1613160647,"event":{"mods":["BaseMod","Colored Powertips","Conspire","Decade(王小明)","Downfall","Energized Spire","Hermit","Hubris","LagranYue(拉格朗・月)","Marisa（F雨　魔理沙）","Minty Spire (QoL Compilation)","Replay The Spire","StSLib","The Cursed","The Hierophant","The Jungle","The Servant 0.9.4","TheHeartMod"],"gold_per_floor":[114,125,300,300,40,40,70,70,97,120,45,84,103,126,126,138,138],"floor_reached":16,"language":"ZHS","playtime":716,"items_purged":["Doubt"],"score":154,"play_id":"23d38fe2-cc33-421b-9fba-2d235206cb2e","local_time":"20210213041047","is_ascension_mode":true,"campfire_choices":[{"floor":6,"key":"RECALL"},{"floor":8,"key":"REST"},{"floor":15,"key":"REST"}],"circlet_count":0,"master_deck":["Strike_B","Strike_B","Strike_B","Strike_B","Defend_B","Defend_B","Defend_B","Defend_B","Zap","Dualcast","Heatsinks","ReplayTheSpireMod:Dual Polarity","Double Energy","Cold Snap","BasicCrystalCard","Turbo","Panic Button"],"relics":["Fusion Hammer","CultistMask","Golden Egg","Cables","Replay:Bandana","hubris:TinFlute"],"acts_visited":["Exordium"],"potions_floor_usage":[7,12,16],"damage_taken":[{"damage":2,"enemies":"Small Slimes","floor":1,"turns":4},{"damage":4,"enemies":"2 Louse","floor":2,"turns":2},{"damage":27,"enemies":"3 Sentries","floor":7,"turns":10},{"damage":1,"enemies":"Cultist","floor":10,"turns":4},{"damage":35,"enemies":"Gremlin Nob","floor":12,"turns":4},{"damage":9,"enemies":"Large Slime","floor":13,"turns":6},{"damage":5,"enemies":"Exordium Wildlife","floor":14,"turns":8},{"damage":29,"enemies":"Hexaghost","floor":16,"turns":16}],"seed_played":"-2734040986743815567","potions_obtained":[{"floor":1,"key":"FocusPotion"},{"floor":10,"key":"DuplicationPotion"},{"floor":13,"key":"AttackPotion"}],"is_trial":false,"path_per_floor":["M","M","?","?","$","R","E","R","T","M","$","E","M","M","R","B"],"character_chosen":"DEFECT","items_purchased":["Golden Egg"],"campfire_rested":2,"item_purchase_floors":[5],"current_hp_per_floor":[66,62,62,62,62,62,35,57,57,56,56,21,12,7,29,0,0],"gold":138,"neow_bonus":"BOSS_RELIC","is_daily":false,"chose_seed":false,"campfire_upgraded":0,"win_rate":0.0,"timestamp":1613160647,"path_taken":["M","M","?","?","$","R","E","R","T","M","$","E","M","M","R","BOSS"],"items_purchased_type":["Relic"],"build_version":"2020-12-22","purchased_purges":1,"victory":false,"max_hp_per_floor":[75,75,75,75,75,75,75,75,75,75,75,75,75,75,75,75,75],"card_choices":[{"not_picked":["Hello World","FTL"],"picked":"Heatsinks","floor":1},{"not_picked":["Ball Lightning","Beam Cell"],"picked":"ReplayTheSpireMod:Dual Polarity","floor":2},{"not_picked":["Leap","Coolheaded"],"picked":"Double Energy","floor":7},{"not_picked":["Go for the Eyes","Ball Lightning"],"picked":"Cold Snap","floor":10},{"not_picked":["Multi-Cast","ReplayTheSpireMod:Reroute Power"],"picked":"BasicCrystalCard","floor":12},{"not_picked":["Compile Driver","Steam"],"picked":"Turbo","floor":13},{"not_picked":["Conserve Battery","Beam Cell"],"picked":"Panic Button","floor":14}],"player_experience":510073,"relics_obtained":[{"floor":7,"key":"Cables"},{"floor":9,"key":"Replay:Bandana"},{"floor":12,"key":"hubris:TinFlute"}],"event_choices":[{"damage_healed":0,"gold_gain":175,"player_choice":"AGREE","damage_taken":0,"max_hp_gain":0,"max_hp_loss":0,"event_name":"Liars Game","floor":3,"gold_loss":0,"cards_obtained":["Doubt"]},{"damage_healed":0,"gold_gain":0,"player_choice":"Trade","damage_taken":0,"relics_obtained":["CultistMask"],"max_hp_gain":0,"max_hp_loss":0,"event_name":"FaceTrader","floor":4,"gold_loss":0}],"is_beta":false,"boss_relics":[],"items_purged_floors":[11],"is_endless":false,"potions_floor_spawned":[1,10,13],"killed_by":"Hexaghost","ascension_level":8}}