{"host":"btkahjvw3wdsn6lk","time":1613139352,"event":{"mods":["ATMod(°¢èªMod)","Act Like it!","Astrologer","BaseMod","CapriCore","Conspire","Dota2Spire","Gensokyo","Highlight Path","Minty Spire (QoL Compilation)","Quick Restart","Replay The Spire","RumiaBox-Â¶Ã×æ«µÄÉñÃØºÐ×Ó","Spicy Shops","StSLib","¡¾ÒÅÎï¿¨ÅÆ¡¿REMEMod"],"gold_per_floor":[119,130,130,144,163,163,196,215,215,6,26,54,64,129,129,225,225,244,261,277,277,277,311,117,117,196,446,463,474,474,484,484,584,584,601,621,621,621,634,665,665,693,693,693,693,751,831,481,481,481,481,481,46,80,80],"floor_reached":56,"language":"ZHS","playtime":4747,"items_purged":["astrologer:Strike","Spreading Infection","astrologer:Defend"],"score":1233,"play_id":"6ba9e6e4-2ce9-42c6-910b-4e16ba6eada3","local_time":"20210212221552","is_ascension_mode":true,"campfire_choices":[{"data":"AT_FamilyPortrait","floor":6.0,"key":"SMITH"},{"data":"astrologer:StarOfChange","floor":15.0,"key":"SMITH"},{"floor":32.0,"key":"RECALL"},{"data":"astrologer:Premonition","floor":41.0,"key":"SMITH"},{"data":"astrologer:DarkMatter","floor":45.0,"key":"SMITH"},{"data":"astrologer:LonelyStar","floor":49.0,"key":"SMITH"},{"data":"Finesse","floor":52.0,"key":"SMITH"}],"circlet_count":0,"master_deck":["astrologer:Defend","astrologer:Defend","astrologer:Defend","astrologer:NorthStar","astrologer:TheFool","REME_Flogging+1","AT_FamilyPortrait+1","astrologer:StarOfChange+1","astrologer:TheChariot+1","Flash of Steel+1","astrologer:LonelyStar+1","astrologer:Premonition+1","Gensokyo:SevenSchoolMysteries+1","astrologer:TheChariot+1","astrologer:FadingStar","astrologer:Trine+1","astrologer:Premonition+1","astrologer:DarkMatter+1","Finesse+1"],"relics":["astrologer:SkyMirror","AT_ATBox","REME_ComplimentaryCards","AT_BladeRuinedKing","Singing Bowl","BargainBundle","AT_SilvercatRing","Vajra","AddBug","Gensokyo:DirgeOfMelancholy","AT_BladeRuinedKing","Pondfish Scales","Juzu Bracelet","Dota2Spire:ArcaneBoots","Ice Cream","conspire:RoyalGoblet","Prayer Wheel","StrikeDummy","Dota2Spire:MonkeyKingBar","White Beast Statue","ReplayTheSpireMod:Ring of Challenge","Dota2Spire:OrchidMalevolence","Guide Book","Durian","AT_ArchangelStaff"],"acts_visited":["Exordium","Exordium","TheBeyond","TheEnding"],"potions_floor_usage":[55,55],"damage_taken":[{"damage":0.0,"enemies":"Small Slimes","floor":1.0,"turns":2.0},{"damage":0.0,"enemies":"conspire:RoseBush","floor":2.0,"turns":1.0},{"damage":0.0,"enemies":"2 Louse","floor":4.0,"turns":2.0},{"damage":13.0,"enemies":"Exordium Thugs","floor":5.0,"turns":4.0},{"damage":0.0,"enemies":"Gremlin Nob","floor":7.0,"turns":2.0},{"damage":8.0,"enemies":"Lots of Slimes","floor":8.0,"turns":3.0},{"damage":0.0,"enemies":"Large Slime","floor":11.0,"turns":4.0},{"damage":11.0,"enemies":"3 Sentries","floor":12.0,"turns":7.0},{"damage":0.0,"enemies":"conspire:2 RoseBushes","floor":13.0,"turns":4.0},{"damage":0.0,"enemies":"Gremlin Nob","floor":14.0,"turns":2.0},{"damage":2.0,"enemies":"The Guardian","floor":16.0,"turns":4.0},{"damage":0.0,"enemies":"Gensokyo:AngelMirror","floor":18.0,"turns":2.0},{"damage":1.0,"enemies":"Gensokyo:CosmicMonolith","floor":19.0,"turns":3.0},{"damage":0.0,"enemies":"Gensokyo:3_Gloops","floor":20.0,"turns":3.0},{"damage":3.0,"enemies":"Gensokyo:Tenshi","floor":23.0,"turns":4.0},{"damage":2.0,"enemies":"Gensokyo:Chomper_and_Gloop","floor":28.0,"turns":4.0},{"damage":12.0,"enemies":"Gensokyo:Mirror_and_Dog","floor":29.0,"turns":4.0},{"damage":0.0,"enemies":"Gensokyo:Monolith_and_Dog","floor":31.0,"turns":4.0},{"damage":2.0,"enemies":"Gensokyo:Eiki","floor":33.0,"turns":8.0},{"damage":0.0,"enemies":"Orb Walker","floor":35.0,"turns":3.0},{"damage":0.0,"enemies":"3 Shapes","floor":36.0,"turns":4.0},{"damage":0.0,"enemies":"Sphere and 2 Shapes","floor":39.0,"turns":4.0},{"damage":0.0,"enemies":"Nemesis","floor":40.0,"turns":3.0},{"damage":12.0,"enemies":"Reptomancer","floor":42.0,"turns":5.0},{"damage":0.0,"enemies":"Giant Head","floor":47.0,"turns":4.0},{"damage":4.0,"enemies":"Replay:Hell Engine","floor":50.0,"turns":6.0},{"damage":5.0,"enemies":"Shield and Spear","floor":54.0,"turns":4.0},{"damage":6,"enemies":"The Heart","floor":55,"turns":5}],"seed_played":"-818707372027202421","potions_obtained":[{"floor":1.0,"key":"FearPotion"},{"floor":7.0,"key":"Adrenaline Potion"},{"floor":11.0,"key":"Fruit Juice"},{"floor":16.0,"key":"FairyPotion"},{"floor":19.0,"key":"Dota2Spire:Clarity"},{"floor":28.0,"key":"Adrenaline Potion"},{"floor":31.0,"key":"Explosive Potion"},{"floor":33.0,"key":"Explosive Potion"},{"floor":35.0,"key":"Dota2Spire:Clarity"},{"floor":36.0,"key":"LifebloodPotion"},{"floor":46.0,"key":"ColorlessPotion"},{"floor":46.0,"key":"conspire:TimeTravelPotion"},{"floor":47.0,"key":"Flashbang"},{"floor":54.0,"key":"EssenceOfSteel"}],"is_trial":false,"path_per_floor":["M","M","?","M","M","R","E","M","T","$","M","E","M","?","R","B",null,"M","M","M","?","?","E","COS","E","T","?","M","M","?","M","R","B",null,"M","M","?","?","M","E","R","E","T","?","R","?","E","$","R","B",null,"R","$","E","B",null],"character_chosen":"ASTROLOGER","items_purchased":["BargainBundle","Flash of Steel","Adrenaline Potion","Fire Potion","Guide Book","Finesse","Durian"],"campfire_rested":0,"item_purchase_floors":[10,10,10,10,48,48,53],"current_hp_per_floor":[49,49,49,49,43,43,43,35,35,35,42,38,40,40,40,38,81,83,84,86,79,79,76,76,51,51,51,51,41,41,43,43,41,81,83,85,85,81,85,87,87,75,75,75,75,56,58,58,58,54,91,91,96,98,92],"gold":80,"neow_bonus":"REMOVE_TWO","is_daily":false,"chose_seed":false,"campfire_upgraded":6,"win_rate":0.0,"timestamp":1613139352,"path_taken":["M","M","?","M","M","R","E","M","T","$","M","E","M","?","R","BOSS","M","M","M","?","?","E","COS","E","T","?","?","M","?","M","R","BOSS","M","M","?","?","M","E","R","E","T","?","R","?","E","$","R","BOSS","R","$","E","BOSS"],"items_purchased_type":["Relic","Card","Potion","Potion","Relic","Card","Relic"],"build_version":"2020-12-22","purchased_purges":3,"victory":true,"max_hp_per_floor":[70,70,70,70,70,70,70,70,70,70,77,79,81,81,81,81,81,83,85,87,79,79,79,79,79,79,75,77,79,79,81,81,81,81,83,85,85,81,85,87,87,87,87,87,87,89,91,91,91,91,91,91,96,98,98],"card_choices":[{"not_picked":["astrologer:Premeditation","astrologer:Conjunction"],"picked":"astrologer:StarOfChange","floor":1.0},{"not_picked":["astrologer:SpaceDust","astrologer:MeteorShower","astrologer:FrozenStar"],"picked":"SKIP","floor":2.0},{"not_picked":["astrologer:SolarFlare","astrologer:Still","astrologer:Fireball"],"picked":"SKIP","floor":4.0},{"not_picked":["astrologer:Moonlight","astrologer:Still","astrologer:SolarFlare"],"picked":"SKIP","floor":5.0},{"not_picked":["astrologer:Opposition","astrologer:SpaceDust","astrologer:Stardust"],"picked":"SKIP","floor":7.0},{"not_picked":["astrologer:Still","astrologer:Moonlight"],"picked":"astrologer:TheChariot","floor":8.0},{"not_picked":["astrologer:ReadTheStars","astrologer:Temperance","astrologer:Strength"],"picked":"Singing Bowl","floor":11.0},{"not_picked":["astrologer:SolarFlare","astrologer:Temperance","astrologer:Still"],"picked":"Singing Bowl","floor":12.0},{"not_picked":["astrologer:TheDevil","astrologer:SpaceDust","astrologer:StarOfMisfortune"],"picked":"Singing Bowl","floor":13.0},{"not_picked":["astrologer:Stardust","astrologer:NeutronStar"],"picked":"astrologer:LonelyStar","floor":14.0},{"not_picked":["astrologer:TheChariot","astrologer:Nova"],"picked":"astrologer:Premonition","floor":16.0},{"not_picked":["astrologer:TheLovers","astrologer:NeutronStar","astrologer:SpaceDust"],"picked":"Singing Bowl","floor":18.0},{"not_picked":["astrologer:Conjunction","astrologer:Prestidigitation","astrologer:Still"],"picked":"Singing Bowl","floor":19.0},{"not_picked":["astrologer:Still+1","astrologer:Radiance+1","astrologer:Conjunction"],"picked":"Singing Bowl","floor":20.0},{"not_picked":["Gensokyo:EightFeetTall","Gensokyo:HAARP"],"picked":"Gensokyo:SevenSchoolMysteries","floor":21.0},{"not_picked":["astrologer:TheEmpress","astrologer:FrozenStar"],"picked":"astrologer:TheChariot","floor":23.0},{"not_picked":["astrologer:TheEmperor","astrologer:TheDevil+1","astrologer:ReadTheStars"],"picked":"Singing Bowl","floor":28.0},{"not_picked":["astrologer:ReadTheStars","astrologer:Prismatic+1","astrologer:SolarFlare+1"],"picked":"Singing Bowl","floor":29.0},{"not_picked":["astrologer:Moonlight","astrologer:SpaceDust","astrologer:FrozenStar+1"],"picked":"Singing Bowl","floor":31.0},{"not_picked":["astrologer:BlackHole","astrologer:TheWorld"],"picked":"astrologer:Trine","floor":33.0},{"not_picked":["astrologer:SolarFlare+1","astrologer:Eclipse+1","astrologer:GlassStar+1"],"picked":"Singing Bowl","floor":35.0},{"not_picked":["astrologer:Justice","astrologer:Still+1","astrologer:Radiance+1"],"picked":"Singing Bowl","floor":36.0},{"not_picked":["astrologer:TheMoon","astrologer:Confirmation+1","astrologer:Justice"],"picked":"Singing Bowl","floor":39.0},{"not_picked":["astrologer:Stardust+1","astrologer:Moonlight","astrologer:TheMoon+1"],"picked":"Singing Bowl","floor":39.0},{"not_picked":["astrologer:TheEmpress","astrologer:SpaceDust","astrologer:Still+1"],"picked":"Singing Bowl","floor":40.0},{"not_picked":["astrologer:Radiance+1","astrologer:Moonlight+1"],"picked":"astrologer:DarkMatter","floor":42.0},{"not_picked":["astrologer:TheHighPriestess+1","astrologer:Radiance","astrologer:FrozenStar"],"picked":"Singing Bowl","floor":46.0},{"not_picked":["astrologer:Conjunction","astrologer:Divination","astrologer:TheMoon+1"],"picked":"Singing Bowl","floor":47.0},{"not_picked":["astrologer:Fireball","astrologer:Shine","astrologer:Eclipse+1"],"picked":"Singing Bowl","floor":54.0}],"player_experience":390242,"relics_obtained":[{"floor":7.0,"key":"AT_BladeRuinedKing"},{"floor":9.0,"key":"Singing Bowl"},{"floor":12.0,"key":"AT_SilvercatRing"},{"floor":14.0,"key":"Vajra"},{"floor":23.0,"key":"AT_BladeRuinedKing"},{"floor":23.0,"key":"Pondfish Scales"},{"floor":40.0,"key":"StrikeDummy"},{"floor":42.0,"key":"Dota2Spire:MonkeyKingBar"},{"floor":43.0,"key":"White Beast Statue"},{"floor":44.0,"key":"ReplayTheSpireMod:Ring of Challenge"},{"floor":47.0,"key":"Dota2Spire:OrchidMalevolence"},{"floor":54.0,"key":"AT_ArchangelStaff"}],"event_choices":[{"damage_healed":0.0,"max_hp_gain":0.0,"max_hp_loss":0.0,"gold_gain":0.0,"event_name":"Scrap Ooze","player_choice":"Fled","floor":3.0,"gold_loss":0.0,"damage_taken":0.0},{"damage_healed":0.0,"max_hp_gain":0.0,"max_hp_loss":0.0,"gold_gain":30.0,"event_name":"Dead Adventurer","player_choice":"Searched \u00273\u0027 times","floor":14.0,"gold_loss":0.0,"damage_taken":0.0},{"damage_healed":0.0,"max_hp_gain":0.0,"max_hp_loss":0.0,"gold_gain":0.0,"event_name":"Match and Keep!","player_choice":"1 cards matched","floor":37.0,"gold_loss":0.0,"damage_taken":0.0,"cards_obtained":["astrologer:Premonition"]},{"damage_healed":0.0,"max_hp_gain":0.0,"max_hp_loss":4.0,"gold_gain":0.0,"event_name":"Winding Halls","player_choice":"Max HP","floor":38.0,"gold_loss":0.0,"damage_taken":0.0}],"is_beta":false,"boss_relics":[{"not_picked":["Astrolabe","REME_DemonsWealth"],"picked":"AddBug"},{"not_picked":["Pandora\u0027s Box","Abe\u0027s Treasure"],"picked":"conspire:RoyalGoblet"}],"items_purged_floors":[10,48,53],"is_endless":false,"potions_floor_spawned":[1,7,11,13,16,19,28,31,33,35,36,47,54],"ascension_level":1}}