{"host":"Bilverbakes","time":1613158186,"event":{"mods":["2.2 Compatiblity","AchievementEnabler","BaseMod","Bestiary","Colored Map","Minty Spire (QoL Compilation)","Relic Stats","StSLib","ojb\u0027s Info Mod"],"gold_per_floor":[216,64,78,98,98,129,72,72,97,115,115,128,157,174,174,174,174],"floor_reached":16,"language":"ENG","playtime":553,"items_purged":["Defend_G"],"score":224,"play_id":"3698d8f9-accb-4ae0-9c88-2b2cd410b864","local_time":"20210212132946","is_ascension_mode":true,"campfire_choices":[{"data":"Prepared","floor":11.0,"key":"SMITH"},{"data":"Footwork","floor":15.0,"key":"SMITH"}],"circlet_count":0,"master_deck":["AscendersBane","Strike_G","Strike_G","Strike_G","Strike_G","Strike_G","Defend_G","Defend_G","Defend_G","Defend_G","Survivor","Neutralize","Eviscerate","Backstab","Prepared+1","Eviscerate","Underhanded Strike","Footwork+1","Concentrate","Leg Sweep"],"relics":["Ring of the Snake","Potion Belt","Thread and Needle","Dream Catcher","Lantern","PreservedInsect"],"acts_visited":["Exordium"],"potions_floor_usage":[16,16],"damage_taken":[{"damage":0.0,"enemies":"Cultist","floor":1.0,"turns":4.0},{"damage":0.0,"enemies":"2 Louse","floor":3.0,"turns":1.0},{"damage":0.0,"enemies":"Jaw Worm","floor":4.0,"turns":4.0},{"damage":25.0,"enemies":"3 Sentries","floor":6.0,"turns":9.0},{"damage":0.0,"enemies":"Exordium Thugs","floor":10.0,"turns":3.0},{"damage":0.0,"enemies":"2 Fungi Beasts","floor":12.0,"turns":2.0},{"damage":2.0,"enemies":"Lagavulin","floor":13.0,"turns":5.0},{"damage":0.0,"enemies":"Looter","floor":14.0,"turns":1.0},{"damage":29,"enemies":"Hexaghost","floor":16,"turns":14}],"seed_played":"-9175969845399485299","potions_obtained":[{"floor":1.0,"key":"Swift Potion"},{"floor":3.0,"key":"Poison Potion"},{"floor":12.0,"key":"FearPotion"},{"floor":14.0,"key":"Dexterity Potion"}],"is_trial":false,"path_per_floor":["M","$","M","M","T","E","$","?","T","M","R","M","E","M","R","B"],"character_chosen":"THE_SILENT","items_purchased":["Backstab","Underhanded Strike"],"campfire_rested":0,"item_purchase_floors":[2,7],"current_hp_per_floor":[59,59,59,59,59,34,34,29,29,29,29,29,27,27,27,0,0],"gold":174,"neow_bonus":"HUNDRED_GOLD","is_daily":false,"chose_seed":false,"campfire_upgraded":2,"win_rate":0.0,"timestamp":1613158186,"path_taken":["M","$","M","M","?","E","?","?","T","M","R","M","E","M","R","BOSS"],"items_purchased_type":["Card","Card"],"build_version":"2020-12-18","purchased_purges":1,"victory":false,"max_hp_per_floor":[66,66,66,66,66,66,66,66,66,66,66,66,66,66,66,66,66],"relic_stats":{"Dream Catcher":0,"counters":[9,43],"PreservedInsect":0,"obtain_stats":[{"Potion Belt":5,"Dream Catcher":8,"Lantern":9,"Thread and Needle":6,"PreservedInsect":13,"Ring of the Snake":0},{"Potion Belt":3,"Dream Catcher":4,"Lantern":4,"Thread and Needle":4,"PreservedInsect":7,"Ring of the Snake":0},{"Potion Belt":9,"Dream Catcher":18,"Lantern":18,"Thread and Needle":18,"PreservedInsect":28,"Ring of the Snake":0}],"Ring of the Snake":[18]},"card_choices":[{"not_picked":["Well Laid Plans","Sucker Punch"],"picked":"Eviscerate","floor":1.0},{"not_picked":["Outmaneuver","Accuracy"],"picked":"Prepared","floor":3.0},{"not_picked":["Skewer","Prepared"],"picked":"Eviscerate","floor":4.0},{"not_picked":["Flying Knee","Dagger Spray","Bane"],"picked":"SKIP","floor":6.0},{"not_picked":["Riddle With Holes","Dash"],"picked":"Footwork","floor":10.0},{"not_picked":["Sucker Punch","Blur"],"picked":"Concentrate","floor":12.0},{"not_picked":["Dagger Spray","Poisoned Stab","Blade Dance"],"picked":"SKIP","floor":13.0},{"not_picked":["Choke","Finisher"],"picked":"Leg Sweep","floor":14.0}],"player_experience":939404,"relics_obtained":[{"floor":5.0,"key":"Potion Belt"},{"floor":6.0,"key":"Thread and Needle"},{"floor":9.0,"key":"Lantern"},{"floor":13.0,"key":"PreservedInsect"}],"event_choices":[{"damage_healed":0.0,"max_hp_gain":0.0,"max_hp_loss":0.0,"gold_gain":0.0,"event_name":"Scrap Ooze","player_choice":"Success","floor":8.0,"gold_loss":0.0,"damage_taken":5.0,"relics_obtained":["Dream Catcher"]}],"is_beta":true,"boss_relics":[],"items_purged_floors":[2],"is_endless":false,"potions_floor_spawned":[1,3,12,14],"killed_by":"Hexaghost","ascension_level":20}}