{"host":"raaimkojny05jekw","time":1613097799,"event":{"mods":["AchievementEnabler","BaseMod","Colored Map","Colored Powertips","DeckTracker","Minty Spire (QoL Compilation)","Quick Restart","Rare Cards Sparkle","everything is the same but u backflip on backflip"],"gold_per_floor":[119,138,156,231,248,248,323,323,323,342,372,382,393,29,29,129,129,145,145,45,45,63,63,63,77,146,146,146,146,146],"floor_reached":29,"language":"KOR","playtime":738,"items_purged":["Strike_R","Defend_R"],"score":270,"play_id":"f40eea2a-ddca-4d03-9947-884fe621d19a","local_time":"20210212114319","is_ascension_mode":true,"campfire_choices":[{"data":"Rupture","floor":6,"key":"SMITH"},{"data":"Whirlwind","floor":8,"key":"SMITH"},{"data":"Seeing Red","floor":15,"key":"SMITH"},{"data":"Berserk","floor":23,"key":"SMITH"},{"data":"Metallicize","floor":28,"key":"SMITH"}],"circlet_count":0,"master_deck":["Strike_R","Strike_R","Defend_R","Defend_R","Defend_R","Bash+1","Combust","Cleave","Whirlwind+1","Rupture+1","Intimidate","Rage","Sword Boomerang","Seeing Red+1","Flame Barrier","Berserk+1","Warcry+1","Impervious","Whirlwind","Metallicize+1"],"relics":["Burning Blood","Shuriken","Singing Bowl","Blue Candle","Runic Cube","Enchiridion","Pantograph"],"acts_visited":["TheCity"],"potions_floor_usage":[11,16,18,25,29],"damage_taken":[{"damage":1,"enemies":"Cultist","floor":1,"turns":3},{"damage":1,"enemies":"Small Slimes","floor":2,"turns":3},{"damage":12,"enemies":"Jaw Worm","floor":3,"turns":2},{"damage":2,"enemies":"Large Slime","floor":5,"turns":4},{"damage":5,"enemies":"Exordium Wildlife","floor":10,"turns":3},{"damage":17,"enemies":"Gremlin Nob","floor":11,"turns":3},{"damage":4,"enemies":"3 Louse","floor":12,"turns":2},{"damage":4,"enemies":"2 Fungi Beasts","floor":13,"turns":2},{"damage":39,"enemies":"Hexaghost","floor":16,"turns":7},{"damage":1,"enemies":"Chosen","floor":18,"turns":3},{"damage":14,"enemies":"Shell Parasite","floor":22,"turns":6},{"damage":39,"enemies":"Snake Plant","floor":25,"turns":5},{"damage":29,"enemies":"3 Cultists","floor":29,"turns":3}],"seed_played":"6333465120334042912","potions_obtained":[{"floor":1,"key":"Strength Potion"},{"floor":10,"key":"ElixirPotion"},{"floor":12,"key":"Swift Potion"},{"floor":13,"key":"Swift Potion"},{"floor":16,"key":"Explosive Potion"},{"floor":25,"key":"LiquidMemories"}],"is_trial":false,"path_per_floor":["M","M","M","?","M","R","?","R","T","M","E","M","M","$","R","B",null,"M","?","$","?","M","R","?","M","T","?","R","M"],"character_chosen":"IRONCLAD","items_purchased":["Blue Candle","Flame Barrier"],"campfire_rested":0,"item_purchase_floors":[14,14],"current_hp_per_floor":[80,80,74,74,78,78,67,67,67,68,57,59,61,61,61,28,80,80,80,80,64,58,58,58,27,27,27,27,0,0],"gold":146,"neow_bonus":"UPGRADE_CARD","is_daily":false,"chose_seed":false,"campfire_upgraded":5,"win_rate":0.0,"timestamp":1613097799,"path_taken":["M","?","M","?","M","R","?","R","T","M","E","M","M","$","R","BOSS","M","?","$","?","M","R","?","?","T","?","R","M"],"items_purchased_type":["Relic","Card"],"build_version":"2020-12-22","purchased_purges":2,"victory":false,"max_hp_per_floor":[80,80,80,80,80,80,80,80,80,80,80,80,80,80,80,80,80,80,80,80,80,82,82,82,84,84,84,84,84,84],"card_choices":[{"not_picked":["Perfected Strike","Clothesline"],"picked":"Combust","floor":1},{"not_picked":["Rampage","Warcry"],"picked":"Cleave","floor":2},{"not_picked":["Body Slam","Feel No Pain"],"picked":"Whirlwind","floor":3},{"not_picked":["Shockwave","Flex"],"picked":"Rupture","floor":5},{"not_picked":["Entrench","Anger"],"picked":"Intimidate","floor":10},{"not_picked":["Barricade","Combust"],"picked":"Rage","floor":11},{"not_picked":["Clothesline","Warcry"],"picked":"Sword Boomerang","floor":12},{"not_picked":["Havoc","Thunderclap"],"picked":"Seeing Red","floor":13},{"not_picked":["Feed","Impervious"],"picked":"Berserk","floor":16},{"not_picked":["Headbutt","Sword Boomerang"],"picked":"Warcry+1","floor":18},{"not_picked":["Flex","Clash+1","Infernal Blade"],"picked":"Singing Bowl","floor":22},{"not_picked":["Pommel Strike","Armaments","Clothesline"],"picked":"Singing Bowl","floor":25}],"player_experience":739299,"relics_obtained":[{"floor":9,"key":"Shuriken"},{"floor":11,"key":"Singing Bowl"},{"floor":21,"key":"Enchiridion"},{"floor":26,"key":"Pantograph"}],"event_choices":[{"damage_healed":0,"gold_gain":75,"player_choice":"Gained Gold","damage_taken":0,"max_hp_gain":0,"max_hp_loss":0,"event_name":"Golden Wing","floor":4,"gold_loss":0},{"damage_healed":0,"gold_gain":75,"player_choice":"Gather Gold","damage_taken":11,"max_hp_gain":0,"max_hp_loss":0,"event_name":"World of Goop","floor":7,"gold_loss":0},{"damage_healed":0,"gold_gain":0,"cards_transformed":["Strike_R","Strike_R"],"player_choice":"Became Test Subject","damage_taken":0,"max_hp_gain":0,"max_hp_loss":0,"event_name":"Drug Dealer","floor":19,"gold_loss":0,"cards_obtained":["Impervious","Whirlwind"]},{"damage_healed":0,"gold_gain":0,"player_choice":"Obtained Book","damage_taken":16,"max_hp_gain":0,"max_hp_loss":0,"event_name":"Cursed Tome","floor":21,"gold_loss":0},{"damage_healed":0,"gold_gain":0,"player_choice":"Read","damage_taken":0,"max_hp_gain":0,"max_hp_loss":0,"event_name":"The Library","floor":24,"gold_loss":0,"cards_obtained":["Metallicize"]},{"damage_healed":0,"gold_gain":0,"player_choice":"Ignored","damage_taken":0,"max_hp_gain":0,"max_hp_loss":0,"event_name":"Vampires","floor":27,"gold_loss":0}],"is_beta":false,"boss_relics":[{"not_picked":["Fusion Hammer","Philosopher\u0027s Stone"],"picked":"Runic Cube"}],"items_purged_floors":[14,20],"is_endless":false,"potions_floor_spawned":[1,10,12,13,16,25],"killed_by":"3 Cultists","ascension_level":4}}