{"host":"6eqettg8x500vlqx","time":1613123057,"event":{"mods":["Act Like it!","Ascension Reborn","BaseMod","Colored Map","Colored Powertips","Defuse TimeMaze Blight","Downfall","Energized Spire","Gremlin Mod","GungeonMod","Hallownest","Hubris","Minty Spire (QoL Compilation)","Pale of the Ancients","Quick Restart","READ ME - Guardian Mod","Relic Stats","Replay The Spire","SOS（斯巴达之子）","Shop Mod","Spicy Shops","StSLib","The Bug Knight","The Construct","The Jungle","The Runesmith","[IsaacMod]以撒尖塔","【遗物卡牌】REMEMod","篝火指南"],"gold_per_floor":[118,208,208,221,221,221,221],"floor_reached":6,"language":"ZHS","playtime":358,"items_purged":[],"score":34,"play_id":"1508ce15-b3c9-4e60-875a-cfb1c7dbdffc","local_time":"20210212174417","is_ascension_mode":true,"campfire_choices":[],"circlet_count":0,"master_deck":["HollowMod:NailStrikeStart","HollowMod:NailStrikeStart","HollowMod:NailStrikeStart","HollowMod:NailStrikeStart+1","HollowMod:QuickDashStart","HollowMod:QuickDashStart","HollowMod:QuickDashStart","HollowMod:QuickDashStart","HollowMod:FocusHealStart","HollowMod:PogoStrike","ReplayTheSpireMod:Muscle Training","HollowMod:TaintedHusks","HollowMod:SoulShaman","HollowMod:DashSlash+1","HollowMod:LifebloodCocoon"],"relics":["HollowMod:VesselMask","REME_ComplimentaryCards","HushsDoor","NineVolt","Blue Doll"],"acts_visited":["Exordium"],"potions_floor_usage":[],"damage_taken":[{"damage":0.0,"enemies":"2_ Uuma","floor":1.0,"turns":5.0},{"damage":2.0,"enemies":"Hallownest:monsterHuskWarrior","floor":4.0,"turns":3.0},{"damage":39,"enemies":"Hallownest:BossBrokenVessel","floor":6,"turns":7}],"seed_played":"1815693382830263242","potions_obtained":[],"is_trial":false,"path_per_floor":["M","?","?","M","?","B"],"character_chosen":"THE_BUGKNIGHT","items_purchased":[],"campfire_rested":0,"item_purchase_floors":[],"current_hp_per_floor":[82,62,62,60,60,27,27],"gold":221,"neow_bonus":"TEN_PERCENT_HP_BONUS","is_daily":false,"chose_seed":false,"campfire_upgraded":0,"win_rate":0.0,"timestamp":1613123057,"path_taken":["M","?","?","M","?","BOSS"],"items_purchased_type":[],"build_version":"2020-12-22","purchased_purges":0,"victory":false,"max_hp_per_floor":[82,82,82,82,82,82,82],"relic_stats":{"counters":[3,14],"obtain_stats":[{"KeepersGift":0,"NineVolt":0,"HollowMod:VesselMask":0,"Blue Doll":2,"DemoMod:GlassGuonStoneRelic":4,"HushsDoor":0,"REME_ComplimentaryCards":0},{"KeepersGift":0,"NineVolt":0,"HollowMod:VesselMask":0,"Blue Doll":1,"DemoMod:GlassGuonStoneRelic":2,"HushsDoor":0,"REME_ComplimentaryCards":0},{"KeepersGift":0,"NineVolt":0,"HollowMod:VesselMask":0,"Blue Doll":5,"DemoMod:GlassGuonStoneRelic":8,"HushsDoor":0,"REME_ComplimentaryCards":0}]},"card_choices":[{"not_picked":["HollowMod:InfectedCysts","HollowMod:SiblingsShadow"],"picked":"HollowMod:TaintedHusks","floor":1.0},{"not_picked":["HollowMod:PureNailStrike","HollowMod:FastStrike"],"picked":"HollowMod:SoulShaman","floor":2.0},{"not_picked":["HollowMod:InfectedAttack","HollowMod:DreamGate"],"picked":"HollowMod:DashSlash","floor":2.0},{"not_picked":["HollowMod:TaintedHusks","HollowMod:SoulSplash"],"picked":"HollowMod:LifebloodCocoon","floor":4.0}],"player_experience":176402,"relics_obtained":[{"floor":2.0,"key":"Blue Doll"}],"event_choices":[],"is_beta":false,"boss_relics":[],"items_purged_floors":[],"is_endless":false,"potions_floor_spawned":[],"killed_by":"Hallownest:BossBrokenVessel","ascension_level":0}}