{"host":"5inz41fcnifmg6v2","time":1613118032,"event":{"mods":["BaseMod","Downfall","Minty Spire (QoL Compilation)","Reliquary","Replay The Spire","StSLib"],"gold_per_floor":[116,135,310,310,328,328,363,363,363,363,395,395,413,427,427,427,427],"floor_reached":16,"language":"ZHS","playtime":898,"items_purged":[],"score":121,"play_id":"5be6469f-7fc0-4940-8c83-fe880098f607","local_time":"20210212162032","is_ascension_mode":true,"campfire_choices":[{"floor":6,"key":"RECALL"},{"floor":8,"key":"REST"},{"data":"Entrench","floor":12,"key":"SMITH"},{"data":"Searing Blow","floor":15,"key":"SMITH"}],"circlet_count":0,"master_deck":["Strike_R","Strike_R","Strike_R","Strike_R","Defend_R","Defend_R","Defend_R","Defend_R","Bash","Entrench+1","Searing Blow+1","Run Through","Doubt","Fiend Fire+1","Hemokinesis","Blood for Blood","ReplayTheSpireMod:Muscle Training","Anger","Sever Soul"],"relics":["Burning Blood","reliquary:IridiumChain","Eternal Feather","CultistMask","Ornamental Fan"],"acts_visited":["Exordium"],"potions_floor_usage":[7,11,16],"damage_taken":[{"damage":0,"enemies":"2 Louse","floor":1,"turns":3},{"damage":1,"enemies":"Cultist","floor":2,"turns":3},{"damage":0,"enemies":"Small Slimes","floor":5,"turns":2},{"damage":29,"enemies":"3 Sentries","floor":7,"turns":5},{"damage":19,"enemies":"Gremlin Nob","floor":11,"turns":4},{"damage":10,"enemies":"Blue Slaver","floor":13,"turns":4},{"damage":3,"enemies":"Large Slime","floor":14,"turns":4},{"damage":90,"enemies":"Slime Boss","floor":16,"turns":9}],"seed_played":"6055624682676091242","potions_obtained":[{"floor":1,"key":"Dexterity Potion"},{"floor":2,"key":"DuplicationPotion"},{"floor":14,"key":"SkillPotion"}],"is_trial":false,"path_per_floor":["M","M","?","?","M","R","E","R","T","?","E","R","M","M","R","B"],"character_chosen":"IRONCLAD","items_purchased":[],"campfire_rested":1,"item_purchase_floors":[],"current_hp_per_floor":[80,80,80,80,80,80,57,80,80,80,67,76,72,75,80,0,0],"gold":427,"neow_bonus":"THREE_CARDS","is_daily":false,"chose_seed":false,"campfire_upgraded":2,"win_rate":0.0,"timestamp":1613118032,"path_taken":["M","M","?","?","M","R","E","R","T","?","E","R","?","M","R","BOSS"],"items_purchased_type":[],"build_version":"2020-12-22","purchased_purges":0,"victory":false,"max_hp_per_floor":[80,80,80,80,80,80,80,80,80,80,80,80,80,80,80,80,80],"card_choices":[{"not_picked":["Sword Boomerang","Cleave"],"picked":"Entrench","floor":0},{"not_picked":["Battle Trance","ReplayTheSpireMod:Strike From Hell"],"picked":"Searing Blow","floor":1},{"not_picked":["Abandon","Feel No Pain"],"picked":"Run Through","floor":2},{"not_picked":["Run Through","Sentinel"],"picked":"Hemokinesis","floor":5},{"not_picked":["Sever Soul","Iron Wave"],"picked":"Blood for Blood","floor":7},{"not_picked":["Feel No Pain","ReplayTheSpireMod:Corrosion Curse"],"picked":"ReplayTheSpireMod:Muscle Training","floor":11},{"not_picked":["Sword Boomerang","Iron Wave"],"picked":"Anger","floor":13},{"not_picked":["Body Slam","Shrug It Off"],"picked":"Sever Soul","floor":14}],"player_experience":86287,"relics_obtained":[{"floor":7,"key":"reliquary:IridiumChain"},{"floor":9,"key":"Eternal Feather"},{"floor":11,"key":"Ornamental Fan"}],"event_choices":[{"damage_healed":0,"gold_gain":175,"player_choice":"AGREE","damage_taken":0,"max_hp_gain":0,"max_hp_loss":0,"event_name":"Liars Game","floor":3,"gold_loss":0,"cards_obtained":["Doubt"]},{"damage_healed":0,"gold_gain":0,"player_choice":"Trade","damage_taken":0,"relics_obtained":["CultistMask"],"max_hp_gain":0,"max_hp_loss":0,"event_name":"FaceTrader","floor":10,"gold_loss":0}],"is_beta":false,"boss_relics":[],"items_purged_floors":[],"is_endless":false,"potions_floor_spawned":[1,2,14],"killed_by":"Slime Boss","ascension_level":2}}