{"host":"t4313i2190y6fz3q","time":1613173183,"event":{"mods":["2.2 Compatiblity","AchievementEnabler","Act Like it!","BaseMod","Colored Powertips","Minty Spire (QoL Compilation)","Permanent Neow","Quick Restart","Rare Cards Sparkle","StSLib"],"gold_per_floor":[109,126,143,163,163,188,188,188,188,206,206,235,256,287,287,366,366,381,480,120,140,150,150,150,166,246,262,172,198,198,231,231,307,307,323,338,1,17,17,17,50,69,69,97,97,145,145,145,145,145],"floor_reached":51,"language":"ENG","playtime":2078,"items_purged":["Strike_B"],"score":1408,"play_id":"10f818ac-bbaf-4ff3-8df2-5079dc4261bb","local_time":"20210212153943","is_ascension_mode":true,"campfire_choices":[{"data":"Defragment","floor":7.0,"key":"SMITH"},{"data":"Zap","floor":11.0,"key":"SMITH"},{"data":"Defragment","floor":15.0,"key":"SMITH"},{"data":"Seek","floor":23.0,"key":"SMITH"},{"data":"Defragment","floor":30.0,"key":"SMITH"},{"data":"Loop","floor":32.0,"key":"SMITH"},{"data":"Lockon","floor":40.0,"key":"SMITH"},{"floor":45,"key":"REST"},{"data":"Buffer","floor":47,"key":"SMITH"},{"floor":49,"key":"REST"}],"circlet_count":0,"master_deck":["AscendersBane","Strike_B","Strike_B","Strike_B+1","Defend_B+1","Defend_B","Zap+1","Dualcast+1","Compile Driver","Ball Lightning","Defragment+1","Fusion+1","Rebound","Coolheaded","Seek+1","Defragment+1","Machine Learning","Biased Cognition","Loop+1","Defragment+1","Amplify+1","Force Field+1","Undo","Buffer+1","Lockon+1","Hologram+1","Coolheaded+1"],"relics":["FrozenCore","MealTicket","War Paint","Orichalcum","Letter Opener","Odd Mushroom","Toy Ornithopter","Emotion Chip","Pear","Omamori","Anchor","Busted Crown","Singing Bowl","Ice Cream","Bag of Marbles","Pantograph","Prayer Wheel"],"acts_visited":["Exordium","TheCity","TheBeyond"],"potions_floor_usage":[46,48],"damage_taken":[{"damage":1.0,"enemies":"Cultist","floor":1.0,"turns":3.0},{"damage":3.0,"enemies":"2 Louse","floor":2.0,"turns":3.0},{"damage":0.0,"enemies":"Small Slimes","floor":3.0,"turns":3.0},{"damage":7.0,"enemies":"2 Fungi Beasts","floor":4.0,"turns":3.0},{"damage":7.0,"enemies":"Lagavulin","floor":6.0,"turns":7.0},{"damage":0.0,"enemies":"Gremlin Gang","floor":10.0,"turns":4.0},{"damage":12.0,"enemies":"3 Sentries","floor":12.0,"turns":7.0},{"damage":3.0,"enemies":"The Mushroom Lair","floor":13.0,"turns":3.0},{"damage":4.0,"enemies":"Gremlin Nob","floor":14.0,"turns":3.0},{"damage":0.0,"enemies":"The Guardian","floor":16.0,"turns":6.0},{"damage":13.0,"enemies":"Shell Parasite","floor":18.0,"turns":5.0},{"damage":4.0,"enemies":"3 Byrds","floor":21.0,"turns":6.0},{"damage":6.0,"enemies":"Snake Plant","floor":22.0,"turns":6.0},{"damage":1.0,"enemies":"Snecko","floor":25.0,"turns":5.0},{"damage":8.0,"enemies":"Centurion and Healer","floor":27.0,"turns":7.0},{"damage":33.0,"enemies":"Slavers","floor":29.0,"turns":5.0},{"damage":44.0,"enemies":"Gremlin Leader","floor":31.0,"turns":6.0},{"damage":29.0,"enemies":"Automaton","floor":33.0,"turns":8.0},{"damage":0.0,"enemies":"3 Darklings","floor":35.0,"turns":7.0},{"damage":0.0,"enemies":"Orb Walker","floor":36.0,"turns":3.0},{"damage":0.0,"enemies":"Spire Growth","floor":38.0,"turns":4.0},{"damage":51.0,"enemies":"Reptomancer","floor":41.0,"turns":6.0},{"damage":15,"enemies":"Jaw Worm Horde","floor":42,"turns":6},{"damage":22,"enemies":"Nemesis","floor":44,"turns":5},{"damage":5,"enemies":"2 Orb Walkers","floor":46,"turns":6},{"damage":0,"enemies":"Reptomancer","floor":48,"turns":1},{"damage":9,"enemies":"Donu and Deca","floor":50,"turns":9}],"seed_played":"-908442372386584215","potions_obtained":[{"floor":2.0,"key":"EntropicBrew"},{"floor":3.0,"key":"Strength Potion"},{"floor":10.0,"key":"Fruit Juice"},{"floor":12.0,"key":"SneckoOil"},{"floor":16.0,"key":"Swift Potion"},{"floor":18.0,"key":"FairyPotion"},{"floor":21.0,"key":"Fruit Juice"},{"floor":24.0,"key":"FairyPotion"},{"floor":35.0,"key":"SpeedPotion"},{"floor":36.0,"key":"Energy Potion"},{"floor":44,"key":"Explosive Potion"},{"floor":46,"key":"SmokeBomb"}],"is_trial":false,"path_per_floor":["M","M","M","M","?","E","R","?","T","M","R","E","?","E","R","B",null,"M","?","$","M","M","R","?","M","T","M","?","E","R","E","R","B",null,"M","M","$","M","?","R","E","M","T","E","R","?","R","E","R","B",null],"character_chosen":"DEFECT","items_purchased":["Emotion Chip","Singing Bowl","Lockon"],"campfire_rested":2,"item_purchase_floors":[20,37,37],"current_hp_per_floor":[67,64,64,57,42,35,35,40,40,45,45,33,30,26,26,26,70,57,57,72,78,72,72,72,71,81,73,73,40,40,30,30,1,75,75,75,90,92,92,92,48,33,33,13,44,44,44,49,80,96],"gold":145,"neow_bonus":"RANDOM_COMMON_RELIC","is_daily":false,"chose_seed":false,"campfire_upgraded":8,"win_rate":0.0,"timestamp":1613173183,"path_taken":["M","M","?","M","?","E","R","?","T","M","R","E","?","E","R","BOSS","M","?","$","M","M","R","?","?","T","M","?","E","R","E","R","BOSS","M","M","$","M","?","R","E","M","T","E","R","?","R","E","R","BOSS"],"items_purchased_type":["Relic","Relic","Card"],"build_version":"2020-12-22","purchased_purges":1,"victory":true,"max_hp_per_floor":[75,75,75,75,75,75,75,80,80,85,85,85,85,85,85,85,85,85,85,85,90,90,90,90,90,100,100,100,100,100,100,100,100,100,100,100,100,102,102,102,104,104,104,106,106,106,106,106,106,106],"card_choices":[{"not_picked":["Gash","Fusion"],"picked":"Compile Driver","floor":1.0},{"not_picked":["Double Energy","Defragment"],"picked":"Ball Lightning","floor":2.0},{"not_picked":["Hello World","Force Field"],"picked":"Defragment","floor":3.0},{"not_picked":["Compile Driver","Tempest"],"picked":"Fusion","floor":4.0},{"not_picked":["Streamline","Turbo"],"picked":"Rebound","floor":6.0},{"not_picked":["Sweeping Beam","Redo"],"picked":"Coolheaded","floor":10.0},{"not_picked":["Undo","Darkness"],"picked":"Seek","floor":12.0},{"not_picked":["Conserve Battery","Go for the Eyes"],"picked":"Defragment","floor":13.0},{"not_picked":["Storm","Streamline"],"picked":"Machine Learning","floor":14.0},{"not_picked":["Machine Learning","Rainbow"],"picked":"Biased Cognition","floor":16.0},{"not_picked":["Gash","Hologram"],"picked":"Loop","floor":18.0},{"not_picked":["Gash","Streamline","Genetic Algorithm"],"picked":"SKIP","floor":21.0},{"not_picked":["Go for the Eyes","Stack","Streamline"],"picked":"SKIP","floor":22.0},{"not_picked":["Leap","Cold Snap"],"picked":"Defragment","floor":25.0},{"not_picked":["Leap+1","Steam+1"],"picked":"Amplify","floor":27.0},{"not_picked":["Heatsinks","Aggregate"],"picked":"Force Field+1","floor":29.0},{"not_picked":["Streamline","Aggregate"],"picked":"Undo","floor":31.0},{"not_picked":["Rainbow","Hyperbeam"],"picked":"Buffer","floor":33.0},{"not_picked":["Beam Cell+1"],"picked":"SKIP","floor":35.0},{"not_picked":["Gash"],"picked":"SKIP","floor":36.0},{"not_picked":["Stack"],"picked":"Singing Bowl","floor":38.0},{"not_picked":["Stack"],"picked":"Singing Bowl","floor":41.0},{"not_picked":[],"picked":"Hologram+1","floor":42},{"not_picked":["Streamline"],"picked":"Singing Bowl","floor":44},{"not_picked":[],"picked":"Coolheaded+1","floor":46}],"player_experience":196538,"relics_obtained":[{"floor":6.0,"key":"War Paint"},{"floor":9.0,"key":"Orichalcum"},{"floor":12.0,"key":"Letter Opener"},{"floor":13.0,"key":"Odd Mushroom"},{"floor":14.0,"key":"Toy Ornithopter"},{"floor":26.0,"key":"Pear"},{"floor":29.0,"key":"Omamori"},{"floor":31.0,"key":"Anchor"},{"floor":41.0,"key":"Ice Cream"},{"floor":43,"key":"Bag of Marbles"},{"floor":44,"key":"Pantograph"},{"floor":46,"key":"Prayer Wheel"}],"event_choices":[{"damage_healed":0.0,"max_hp_gain":0.0,"max_hp_loss":0.0,"gold_gain":0.0,"event_name":"Shining Light","player_choice":"Entered Light","floor":5.0,"gold_loss":0.0,"damage_taken":15.0,"cards_upgraded":["Defend_B","Strike_B"]},{"damage_healed":0.0,"max_hp_gain":5.0,"max_hp_loss":0.0,"gold_gain":0.0,"event_name":"Big Fish","player_choice":"Donut","floor":8.0,"gold_loss":0.0,"damage_taken":0.0},{"damage_healed":0.0,"max_hp_gain":0.0,"max_hp_loss":0.0,"gold_gain":0.0,"event_name":"Mushrooms","player_choice":"Fought Mushrooms","floor":13.0,"gold_loss":0.0,"damage_taken":0.0},{"damage_healed":0.0,"max_hp_gain":0.0,"max_hp_loss":0.0,"gold_gain":99.0,"event_name":"Nest","player_choice":"Stole From Cult","floor":19.0,"gold_loss":0.0,"damage_taken":0.0},{"damage_healed":0.0,"max_hp_gain":0.0,"max_hp_loss":0.0,"gold_gain":0.0,"event_name":"Lab","player_choice":"Got Potions","floor":24.0,"gold_loss":0.0,"damage_taken":0.0},{"cards_removed":["Defend_B"],"damage_healed":0.0,"max_hp_gain":0.0,"max_hp_loss":0.0,"gold_gain":0.0,"event_name":"Designer","player_choice":"Upgrade and Remove","floor":28.0,"gold_loss":90.0,"damage_taken":0.0,"cards_upgraded":["Amplify"]},{"cards_removed":["Defend_B"],"damage_healed":0.0,"max_hp_gain":0.0,"max_hp_loss":0.0,"gold_gain":0.0,"event_name":"Falling","player_choice":"Removed Skill","floor":39.0,"gold_loss":0.0,"damage_taken":0.0},{"damage_healed":0,"gold_gain":0,"player_choice":"Fight","damage_taken":0,"max_hp_gain":0,"max_hp_loss":0,"event_name":"Mysterious Sphere","floor":46,"gold_loss":0}],"is_beta":false,"boss_relics":[{"not_picked":["Astrolabe","Fusion Hammer"],"picked":"FrozenCore"},{"not_picked":["Coffee Dripper","Tiny House"],"picked":"Busted Crown"}],"items_purged_floors":[20],"is_endless":false,"potions_floor_spawned":[2,3,10,12,16,18,21,35,36,44,46],"ascension_level":13}}