{"host":"mydft8i2zzydgggw","time":1613091161,"event":{"mods":["AchievementEnabler","BaseMod","Colored Map","Colored Powertips","DeckTracker","Keyboard Shortcuts","Minty Spire (QoL Compilation)","Rare Cards Sparkle","StSLib","SuperFastMode","everything is the same but u backflip on backflip"],"gold_per_floor":[114,114,16,16,30,59,78,78,78,108,122,138,213,227,227,328,328,339,166,184,52,65,65,65,85,85,85,85,85],"floor_reached":28,"language":"KOR","playtime":672,"items_purged":["Strike_R","Strike_R"],"score":395,"play_id":"40341a65-7190-458b-a911-95e127e87385","local_time":"20210212095241","is_ascension_mode":true,"campfire_choices":[{"data":"Demon Form","floor":8.0,"key":"SMITH"},{"floor":15.0,"key":"REST"},{"data":"Limit Break","floor":23.0,"key":"SMITH"},{"data":"1","floor":27.0,"key":"LIFT"}],"circlet_count":0,"master_deck":["AscendersBane","Strike_R","Defend_R","Defend_R","Defend_R","Defend_R","Bash","Armaments","Sentinel","Finesse","Demon Form+1","Heavy Blade","Shrug It Off","Offering","Twin Strike","Pommel Strike","Limit Break+1","Shrug It Off","Exhume","Flame Barrier+1","Spot Weakness","True Grit","Pommel Strike+1"],"relics":["Burning Blood","NeowsBlessing","WingedGreaves","White Beast Statue","Orichalcum","Snecko Eye","Girya"],"acts_visited":["Exordium","TheCity"],"potions_floor_usage":[28],"damage_taken":[{"damage":0.0,"enemies":"2 Louse","floor":1.0,"turns":1.0},{"damage":0.0,"enemies":"Cultist","floor":5.0,"turns":2.0},{"damage":0.0,"enemies":"Lagavulin","floor":6.0,"turns":1.0},{"damage":6.0,"enemies":"Jaw Worm","floor":7.0,"turns":3.0},{"damage":34.0,"enemies":"3 Sentries","floor":10.0,"turns":7.0},{"damage":8.0,"enemies":"Large Slime","floor":11.0,"turns":4.0},{"damage":17.0,"enemies":"Gremlin Gang","floor":12.0,"turns":5.0},{"damage":13.0,"enemies":"Exordium Thugs","floor":14.0,"turns":5.0},{"damage":27.0,"enemies":"Hexaghost","floor":16.0,"turns":6.0},{"damage":2.0,"enemies":"Chosen","floor":18.0,"turns":5.0},{"damage":15.0,"enemies":"Shell Parasite","floor":20.0,"turns":3.0},{"damage":20.0,"enemies":"Snecko","floor":22.0,"turns":6.0},{"damage":40.0,"enemies":"Sentry and Sphere","floor":25.0,"turns":6.0},{"damage":20,"enemies":"3 Cultists","floor":28,"turns":4}],"seed_played":"6292572838747946297","potions_obtained":[{"floor":6.0,"key":"Swift Potion"},{"floor":10.0,"key":"SmokeBomb"},{"floor":11.0,"key":"BlessingOfTheForge"},{"floor":12.0,"key":"ColorlessPotion"},{"floor":14.0,"key":"Ancient Potion"},{"floor":16.0,"key":"GamblersBrew"},{"floor":18.0,"key":"Fruit Juice"},{"floor":25.0,"key":"Energy Potion"}],"is_trial":false,"path_per_floor":["M","?","$","?","M","E","M","R","T","E","M","M","?","M","R","B",null,"M","$","M","$","M","R","?","M","T","R","M"],"character_chosen":"IRONCLAD","items_purchased":["Heavy Blade","Exhume","Spot Weakness","True Grit"],"campfire_rested":1,"item_purchase_floors":[3,19,21,21],"current_hp_per_floor":[78,78,78,78,80,80,80,80,80,52,50,39,28,21,45,24,66,70,70,61,61,47,47,47,18,18,18,0,0],"gold":85,"neow_bonus":"THREE_ENEMY_KILL","is_daily":false,"chose_seed":false,"campfire_upgraded":2,"win_rate":0.0,"timestamp":1613091161,"path_taken":["M","?","?","?","M","E","M","R","T","E","?","M","?","M","R","BOSS","M","$","M","$","M","R","?","?","T","R","M"],"items_purchased_type":["Card","Card","Card","Card"],"build_version":"2020-12-22","purchased_purges":2,"victory":false,"max_hp_per_floor":[80,80,80,80,80,80,80,80,80,80,80,80,80,80,80,80,80,80,80,80,80,80,80,80,85,85,85,85,85],"card_choices":[{"not_picked":["Heavy Blade","Clash"],"picked":"Armaments","floor":1.0},{"not_picked":["Flex","Demon Form"],"picked":"Shrug It Off","floor":5.0},{"not_picked":["Searing Blow","Headbutt"],"picked":"Offering","floor":6.0},{"not_picked":["Clash","Perfected Strike"],"picked":"Twin Strike","floor":7.0},{"not_picked":["Feel No Pain","Dropkick"],"picked":"Pommel Strike","floor":10.0},{"not_picked":["Ghostly Armor","Pommel Strike","Cleave"],"picked":"SKIP","floor":11.0},{"not_picked":["Twin Strike","Dual Wield","Clash"],"picked":"SKIP","floor":12.0},{"not_picked":["Headbutt","Pummel","Twin Strike"],"picked":"SKIP","floor":14.0},{"not_picked":["Barricade","Berserk"],"picked":"Limit Break","floor":16.0},{"not_picked":["Thunderclap","Wild Strike+1"],"picked":"Shrug It Off","floor":18.0},{"not_picked":["Flex+1","Hemokinesis"],"picked":"Flame Barrier+1","floor":20.0},{"not_picked":["Cleave","Headbutt","Combust"],"picked":"SKIP","floor":22.0},{"not_picked":["Juggernaut","Evolve"],"picked":"Pommel Strike+1","floor":25.0}],"player_experience":265152,"relics_obtained":[{"floor":6.0,"key":"WingedGreaves"},{"floor":9.0,"key":"White Beast Statue"},{"floor":10.0,"key":"Orichalcum"},{"floor":26.0,"key":"Girya"}],"event_choices":[{"damage_healed":0.0,"max_hp_gain":0.0,"max_hp_loss":0.0,"gold_gain":0.0,"event_name":"Match and Keep!","player_choice":"3 cards matched","floor":2.0,"gold_loss":0.0,"damage_taken":0.0,"cards_obtained":["Sentinel","Finesse","Demon Form"]},{"cards_removed":["Strike_R"],"damage_healed":0.0,"max_hp_gain":0.0,"max_hp_loss":0.0,"gold_gain":0.0,"event_name":"Purifier","player_choice":"Purged","floor":4.0,"gold_loss":0.0,"damage_taken":0.0},{"damage_healed":0.0,"max_hp_gain":0.0,"max_hp_loss":0.0,"gold_gain":75.0,"event_name":"World of Goop","player_choice":"Gather Gold","floor":13.0,"gold_loss":0.0,"damage_taken":11.0},{"cards_removed":["Strike_R"],"damage_healed":0.0,"max_hp_gain":0.0,"max_hp_loss":0.0,"gold_gain":0.0,"event_name":"Bonfire Elementals","player_choice":"Offered Basic","floor":24.0,"gold_loss":0.0,"damage_taken":0.0}],"is_beta":false,"boss_relics":[{"not_picked":["Astrolabe","Runic Cube"],"picked":"Snecko Eye"}],"items_purged_floors":[3,19],"is_endless":false,"potions_floor_spawned":[6,10,11,12,14,16,18,20,22,25],"killed_by":"3 Cultists","ascension_level":11}}