{"host":"guk5h31bsklpp7e4","time":1613112788,"event":{"mods":["AchievementEnabler","BaseMod","Colored Map","Colored Powertips","Highlight Path","Minty Spire (QoL Compilation)","Quick Restart"],"gold_per_floor":[112,112,37,49,61,61,87,87,87,87,18,31,64,80,80,182,182,201,217,217,217,217,217,245,245,245],"floor_reached":25,"language":"ENG","playtime":1246,"items_purged":["Pain"],"score":298,"play_id":"43706724-8d28-4700-898e-22fb90f52dbc","local_time":"20210212015308","is_ascension_mode":true,"campfire_choices":[{"data":"Fusion","floor":6,"key":"SMITH"},{"floor":8,"key":"REST"},{"floor":10,"key":"REST"},{"floor":15,"key":"REST"},{"floor":23,"key":"REST"}],"circlet_count":0,"master_deck":["Strike_B","Strike_B","Strike_B","Strike_B","Defend_B","Defend_B","Defend_B","Defend_B","Zap","Dualcast","Leap","Conserve Battery","Fusion+1","Turbo","Electrodynamics","Fission","Redo","BootSequence","Thunder Strike","Ball Lightning","Thunder Strike"],"relics":["Cracked Core","Incense Burner","Pantograph","Darkstone Periapt","Strawberry","Snecko Eye","Nunchaku"],"acts_visited":["Exordium","TheCity"],"potions_floor_usage":[13,16,16,24,24,25],"damage_taken":[{"damage":2,"enemies":"2 Louse","floor":1,"turns":2},{"damage":0,"enemies":"Cultist","floor":4,"turns":3},{"damage":1,"enemies":"Jaw Worm","floor":5,"turns":4},{"damage":26,"enemies":"Gremlin Nob","floor":7,"turns":5},{"damage":8,"enemies":"3 Louse","floor":12,"turns":2},{"damage":34,"enemies":"Lagavulin","floor":13,"turns":11},{"damage":7,"enemies":"Large Slime","floor":14,"turns":6},{"damage":37,"enemies":"Hexaghost","floor":16,"turns":11},{"damage":20,"enemies":"Spheric Guardian","floor":18,"turns":4},{"damage":4,"enemies":"Shell Parasite","floor":19,"turns":2},{"damage":61,"enemies":"Book of Stabbing","floor":24,"turns":9},{"damage":0,"enemies":"Snecko","floor":25,"turns":2}],"seed_played":"3256577434351855197","potions_obtained":[{"floor":5,"key":"Regen Potion"},{"floor":7,"key":"PowerPotion"},{"floor":13,"key":"LiquidBronze"},{"floor":16,"key":"Dexterity Potion"},{"floor":18,"key":"Block Potion"},{"floor":24,"key":"PowerPotion"}],"is_trial":false,"path_per_floor":["M","?","$","M","M","R","E","R","T","R","$","M","E","M","R","B",null,"M","M","?","?","?","R","E","M"],"character_chosen":"DEFECT","items_purchased":["Electrodynamics"],"campfire_rested":4,"item_purchase_floors":[11],"current_hp_per_floor":[66,59,59,59,58,58,32,54,54,75,75,67,54,47,71,45,73,53,49,49,49,43,67,6,6,6],"gold":245,"neow_bonus":"ONE_RARE_RELIC","is_daily":false,"chose_seed":false,"campfire_upgraded":1,"win_rate":0.0,"timestamp":1613112788,"path_taken":["M","?","$","M","M","R","E","R","T","R","?","?","E","M","R","BOSS","M","M","?","?","?","R","E","M"],"items_purchased_type":["Card"],"build_version":"2020-12-22","purchased_purges":1,"victory":false,"max_hp_per_floor":[75,75,75,75,75,75,75,75,75,75,75,75,82,82,82,82,82,82,82,82,82,82,82,82,82,82],"card_choices":[{"not_picked":["Recycle","Stack"],"picked":"Leap","floor":1},{"not_picked":["Hello World","Barrage"],"picked":"Conserve Battery","floor":4},{"not_picked":["Go for the Eyes","Compile Driver"],"picked":"Fusion","floor":5},{"not_picked":["White Noise","Coolheaded"],"picked":"Turbo","floor":7},{"not_picked":["Sweeping Beam","Conserve Battery"],"picked":"Fission","floor":12},{"not_picked":["Darkness","Stack"],"picked":"Redo","floor":13},{"not_picked":["Hologram","Streamline"],"picked":"BootSequence","floor":14},{"not_picked":["Biased Cognition","Echo Form"],"picked":"Thunder Strike","floor":16},{"not_picked":["Conserve Battery","Turbo"],"picked":"Ball Lightning","floor":18},{"not_picked":["Barrage","Beam Cell","Aggregate"],"picked":"SKIP","floor":19},{"not_picked":["Go for the Eyes+1","Tempest+1"],"picked":"Thunder Strike","floor":24}],"player_experience":352086,"relics_obtained":[{"floor":7,"key":"Pantograph"},{"floor":9,"key":"Darkstone Periapt"},{"floor":13,"key":"Strawberry"},{"floor":24,"key":"Nunchaku"}],"event_choices":[{"damage_healed":0,"gold_gain":0,"player_choice":"Damaged","damage_taken":7,"max_hp_gain":0,"max_hp_loss":0,"event_name":"Wheel of Change","floor":2,"gold_loss":0},{"damage_healed":0,"gold_gain":0,"player_choice":"Ignored","damage_taken":0,"max_hp_gain":0,"max_hp_loss":0,"event_name":"Vampires","floor":20,"gold_loss":0},{"damage_healed":0,"gold_gain":0,"player_choice":"Ignored","damage_taken":0,"max_hp_gain":0,"max_hp_loss":0,"event_name":"Cursed Tome","floor":21,"gold_loss":0},{"damage_healed":0,"gold_gain":0,"player_choice":"","damage_taken":6,"max_hp_gain":0,"max_hp_loss":0,"event_name":"Knowing Skull","floor":22,"potions_obtained":[],"gold_loss":0,"cards_obtained":[]}],"is_beta":false,"boss_relics":[{"not_picked":["SlaversCollar","Tiny House"],"picked":"Snecko Eye"}],"items_purged_floors":[3],"is_endless":false,"potions_floor_spawned":[5,7,13,16,18,24],"killed_by":"Snecko","ascension_level":6}}