{"host":"8rqsnaeml9gxb0kp","time":1613093916,"event":{"mods":["AchievementEnabler","BaseMod","Dark Map","Minty Spire (QoL Compilation)","Relic Stats","StSLib","slay the spire mod where everything is the same but ironclad has a cowboy hat"],"gold_per_floor":[368,378,378,388,407,432,452,452,452,452,471,490,522,246,246,347,347,357,373,386,405,420,420,420,420],"floor_reached":24,"language":"ENG","playtime":1093,"items_purged":[],"score":277,"play_id":"908e246a-ac15-47bd-9376-e37a4f21f9e5","local_time":"20210211173836","is_ascension_mode":true,"campfire_choices":[{"floor":8.0,"key":"REST"},{"data":"Doom and Gloom","floor":10.0,"key":"SMITH"},{"floor":15.0,"key":"REST"},{"floor":23.0,"key":"REST"}],"circlet_count":0,"master_deck":["Strike_B","Strike_B","Strike_B","Strike_B","Defend_B","Defend_B","Defend_B","Defend_B","Zap","Dualcast","Rip and Tear","Barrage","Cold Snap","Ball Lightning","Electrodynamics","Doom and Gloom+1","Leap","Self Repair","Conserve Battery","Seek","CurseOfTheBell","Doom and Gloom+1","Glacier","Fission","Barrage+1","Loop+1"],"relics":["Cracked Core","Blood Vial","Blue Candle","Letter Opener","Darkstone Periapt","Calling Bell","Nunchaku","White Beast Statue","StoneCalendar"],"acts_visited":["Exordium","TheCity"],"potions_floor_usage":[24],"damage_taken":[{"damage":6.0,"enemies":"Cultist","floor":1.0,"turns":3.0},{"damage":6.0,"enemies":"Jaw Worm","floor":2.0,"turns":2.0},{"damage":0.0,"enemies":"Small Slimes","floor":4.0,"turns":2.0},{"damage":0.0,"enemies":"2 Fungi Beasts","floor":5.0,"turns":4.0},{"damage":25.0,"enemies":"Gremlin Nob","floor":6.0,"turns":4.0},{"damage":8.0,"enemies":"Exordium Wildlife","floor":7.0,"turns":2.0},{"damage":8.0,"enemies":"Exordium Thugs","floor":11.0,"turns":2.0},{"damage":0.0,"enemies":"Lots of Slimes","floor":12.0,"turns":1.0},{"damage":31.0,"enemies":"3 Sentries","floor":13.0,"turns":4.0},{"damage":0.0,"enemies":"Slime Boss","floor":16.0,"turns":7.0},{"damage":25.0,"enemies":"2 Thieves","floor":18.0,"turns":4.0},{"damage":10.0,"enemies":"3 Byrds","floor":19.0,"turns":2.0},{"damage":17.0,"enemies":"Cultist and Chosen","floor":20.0,"turns":5.0},{"damage":28.0,"enemies":"3 Cultists","floor":21.0,"turns":4.0},{"damage":20.0,"enemies":"Centurion and Healer","floor":22.0,"turns":5.0},{"damage":40,"enemies":"Gremlin Leader","floor":24,"turns":2}],"seed_played":"-3475580524256473857","potions_obtained":[{"floor":1.0,"key":"FocusPotion"},{"floor":4.0,"key":"Regen Potion"},{"floor":5.0,"key":"DistilledChaos"},{"floor":13.0,"key":"SkillPotion"},{"floor":16.0,"key":"Block Potion"},{"floor":18.0,"key":"EssenceOfDarkness"},{"floor":19.0,"key":"SpeedPotion"},{"floor":20.0,"key":"FearPotion"},{"floor":22.0,"key":"Weak Potion"}],"is_trial":false,"path_per_floor":["M","M","$","M","M","E","M","R","T","R","M","M","E","$","R","B",null,"M","M","M","M","M","R","E"],"character_chosen":"DEFECT","items_purchased":["Conserve Battery","Darkstone Periapt"],"campfire_rested":3,"item_purchase_floors":[14,14],"current_hp_per_floor":[62,56,56,56,56,31,25,45,45,45,39,41,31,31,51,60,74,56,48,40,21,10,32,0,0],"gold":420,"neow_bonus":"TWO_FIFTY_GOLD","is_daily":false,"chose_seed":false,"campfire_upgraded":1,"win_rate":0.0,"timestamp":1613093916,"path_taken":["M","?","$","M","M","E","M","R","T","R","?","M","E","$","R","BOSS","M","M","M","M","M","R","E"],"items_purchased_type":["Card","Relic"],"build_version":"2020-12-22","purchased_purges":0,"victory":false,"max_hp_per_floor":[68,68,68,68,68,68,68,68,68,68,68,68,68,68,68,68,74,74,74,74,74,74,74,74,74],"relic_stats":{"Blood Vial":20,"Darkstone Periapt":6,"Nunchaku":[2],"counters":[16,53],"Blue Candle":[1],"StoneCalendar":[0],"Letter Opener":[25],"obtain_stats":[{"Blood Vial":6,"Darkstone Periapt":14,"Calling Bell":17,"Nunchaku":17,"Blue Candle":9,"StoneCalendar":17,"Letter Opener":13,"Cracked Core":0,"White Beast Statue":17},{"Blood Vial":5,"Darkstone Periapt":9,"Calling Bell":10,"Nunchaku":10,"Blue Candle":6,"StoneCalendar":10,"Letter Opener":9,"Cracked Core":0,"White Beast Statue":10},{"Blood Vial":15,"Darkstone Periapt":24,"Calling Bell":31,"Nunchaku":31,"Blue Candle":17,"StoneCalendar":31,"Letter Opener":24,"Cracked Core":0,"White Beast Statue":31}]},"card_choices":[{"not_picked":["Reprogram","Rebound"],"picked":"Rip and Tear","floor":1.0},{"not_picked":["Coolheaded","Rebound"],"picked":"Barrage","floor":2.0},{"not_picked":["Stack","Double Energy"],"picked":"Cold Snap","floor":4.0},{"not_picked":["Static Discharge","Sweeping Beam"],"picked":"Ball Lightning","floor":5.0},{"not_picked":["Compile Driver","Coolheaded"],"picked":"Electrodynamics","floor":6.0},{"not_picked":["Beam Cell","Scrape"],"picked":"Doom and Gloom","floor":7.0},{"not_picked":["Static Discharge","Redo"],"picked":"Leap","floor":11.0},{"not_picked":["Conserve Battery","Leap"],"picked":"Self Repair","floor":12.0},{"not_picked":["Fusion","White Noise","Double Energy"],"picked":"SKIP","floor":13.0},{"not_picked":["Biased Cognition","Reboot"],"picked":"Seek","floor":16.0},{"not_picked":["Auto Shields","Coolheaded"],"picked":"Doom and Gloom+1","floor":18.0},{"not_picked":["Conserve Battery","Rebound"],"picked":"Glacier","floor":19.0},{"not_picked":["Steam+1","Cold Snap"],"picked":"Fission","floor":20.0},{"not_picked":["Coolheaded","Streamline"],"picked":"Barrage+1","floor":21.0},{"not_picked":["Reinforced Body","Ball Lightning"],"picked":"Loop+1","floor":22.0}],"player_experience":203002,"relics_obtained":[{"floor":6.0,"key":"Blood Vial"},{"floor":9.0,"key":"Blue Candle"},{"floor":13.0,"key":"Letter Opener"},{"floor":17.0,"key":"Nunchaku"},{"floor":17.0,"key":"White Beast Statue"},{"floor":17.0,"key":"StoneCalendar"}],"event_choices":[],"is_beta":false,"boss_relics":[{"not_picked":["Ectoplasm","Black Star"],"picked":"Calling Bell"}],"items_purged_floors":[],"is_endless":false,"potions_floor_spawned":[1,4,5,12,13,16,18,19,20,21,22],"killed_by":"Gremlin Leader","ascension_level":1}}