{"host":"clf2hd4adhiiw0zf","time":1613162863,"event":{"mods":["AchievementEnabler","BaseMod","Beaked The Cultist","Bestiary","Dark Map","Downfall","Gremlin Mod","Hermit","Jorbs\u0027s Wanderer Trilogy","Marisa????????","Minty Spire (QoL Compilation)","Shop Mod","StSLib","The Cursed","The Servant 0.9.4","Wide Potions"],"gold_per_floor":[99,119,104,104,104,132,132,165,165,182,14,32,32,43,58,163,163,63,82,101,101,114,99,99,126,35,65,76,76,155,172,182,278,278,278,291,128,128,128,159,159,172,203,3,14,34,50,50,50,50],"floor_reached":48,"language":"ENG","playtime":5488,"items_purged":["Normality","Doubt","downfall:Haunted"],"score":917,"play_id":"01c99e05-9d32-4628-a49f-cde3ab15bdd3","local_time":"20210212134743","is_ascension_mode":true,"campfire_choices":[{"data":"champ:HoldFirm","floor":1.0,"key":"SMITH"},{"floor":9.0,"key":"RECALL"},{"data":"champ:UltimateStance","floor":13.0,"key":"SMITH"},{"data":"champ:GladiatorStyle","floor":18.0,"key":"SMITH"},{"data":"champ:StrikeOfGenius","floor":29.0,"key":"SMITH"},{"data":"champ:StanceDance","floor":35.0,"key":"SMITH"},{"data":"champ:Lariat","floor":44,"key":"SMITH"}],"circlet_count":0,"master_deck":["champ:Strike","champ:Strike","champ:Strike+1","champ:Strike","champ:Defend","champ:Defend","champ:Defend","champ:Defend","champ:Execute","champ:Taunt","champ:HoldFirm+1","champ:Shatter","champ:GutPunch+1","champ:Improvising+1","champ:UltimateStance+1","Writhe","champ:PerfectedStrike+1","champ:EnchantSword","champ:FaceSlap+1","champ:StanceDance+1","champ:GladiatorStyle+1","champ:CrookedStrike+1","champ:SteelEdge+1","champ:PerfectedStrike+1","champ:AdrenalArmor","champ:Endure+1","champ:StrikeOfGenius+1","Parasite","champ:FaceSlap+1","champ:LastStand+1","champ:IgnorePain","champ:Lariat+1","champ:ShieldWall+1","champ:FlashCut+1","champ:Endure+1","champ:VampiricStrike+1","TreasureHunter+1","champ:Parry","champ:ShieldWall+1","champ:FanOfKnives+1","Shame","downfall:Icky","champ:FanOfKnives+1","champ:DefensiveStyle+1","champ:BerserkersShout+1","champ:EnGarde+1","champ:TornadoPunch+1"],"relics":["champ:ChampionCrown","downfall:ExtraCursedKey","Whetstone","Molten Egg 2","beaked:ShinyBauble","SlaversCollar","downfall:HeartBlessingRed","Frozen Egg 2","Lantern","Meat on the Bone","Anchor","beaked:SacredDeck","Ancient Tea Set","Bottled Flame","downfall:HeartBlessingGreen","downfall:HeartBlessingBlue"],"acts_visited":["Exordium","TheCity","TheBeyond"],"potions_floor_usage":[43,47],"damage_taken":[{"damage":0.0,"enemies":"Jaw Worm","floor":2.0,"turns":3.0},{"damage":10.0,"enemies":"downfall:FleeingMerchant","floor":3.0,"turns":4.0},{"damage":35.0,"enemies":"3 Sentries","floor":6.0,"turns":8.0},{"damage":31.0,"enemies":"Gremlin Nob","floor":8.0,"turns":5.0},{"damage":5.0,"enemies":"2 Louse","floor":10.0,"turns":2.0},{"damage":15.0,"enemies":"downfall:FleeingMerchant","floor":11.0,"turns":4.0},{"damage":11.0,"enemies":"Cultist","floor":12.0,"turns":3.0},{"damage":12.0,"enemies":"Lots of Slimes","floor":14.0,"turns":4.0},{"damage":30.0,"enemies":"Red Slaver","floor":15.0,"turns":3.0},{"damage":15.0,"enemies":"SI_SHIV_ARCHETYPE","floor":16.0,"turns":4.0},{"damage":8.0,"enemies":"Chosen","floor":19.0,"turns":3.0},{"damage":46.0,"enemies":"Centurion and Healer","floor":20.0,"turns":5.0},{"damage":20.0,"enemies":"3 Cultists","floor":22.0,"turns":4.0},{"damage":20.0,"enemies":"downfall:FleeingMerchant","floor":23.0,"turns":4.0},{"damage":63.0,"enemies":"Book of Stabbing","floor":25.0,"turns":5.0},{"damage":20.0,"enemies":"downfall:FleeingMerchant","floor":26.0,"turns":4.0},{"damage":5.0,"enemies":"Gremlin Leader","floor":27.0,"turns":6.0},{"damage":34.0,"enemies":"Snake Plant","floor":28.0,"turns":4.0},{"damage":0.0,"enemies":"downfall:FleeingMerchant","floor":30.0,"turns":1.0},{"damage":53.0,"enemies":"Centurion and Healer","floor":31.0,"turns":4.0},{"damage":31.0,"enemies":"Shelled Parasite and Fungi","floor":32.0,"turns":4.0},{"damage":10.0,"enemies":"IC_MUSHROOM_ARCHETYPE","floor":33.0,"turns":5.0},{"damage":4.0,"enemies":"Orb Walker","floor":36.0,"turns":3.0},{"damage":74.0,"enemies":"Giant Head","floor":40.0,"turns":9.0},{"damage":10.0,"enemies":"3 Shapes","floor":42.0,"turns":3.0},{"damage":47,"enemies":"Reptomancer","floor":43,"turns":5},{"damage":38,"enemies":"Maw","floor":45,"turns":7},{"damage":34,"enemies":"Sphere and 2 Shapes","floor":46,"turns":4},{"damage":0,"enemies":"3 Darklings","floor":47,"turns":3},{"damage":68,"enemies":"Maw","floor":48,"turns":6}],"seed_played":"7722115046534595454","potions_obtained":[{"floor":10.0,"key":"sneckomod:MuddlingPotion"},{"floor":15.0,"key":"ColorlessPotion"},{"floor":16.0,"key":"Block Potion"},{"floor":19.0,"key":"SpeedPotion"},{"floor":25.0,"key":"BlessingOfTheForge"},{"floor":33.0,"key":"champ:UltimateStancePotion"},{"floor":39.0,"key":"Block Potion"},{"floor":42.0,"key":"GamblersBrew"},{"floor":43,"key":"FearPotion"},{"floor":45,"key":"GamblersBrew"}],"is_trial":false,"path_per_floor":["R","M","$","?","?","E","T","E","R","M","$","M","R","M","M","B",null,"R","M","M","?","M","$","T","E","$","E","M","R","$","M","M","B",null,"R","M","$","?","?","E","T","M","E","R","M","M","M","M"],"character_chosen":"THE_CHAMP","items_purchased":["champ:FaceSlap+1","champ:LastStand+1","champ:FlashCut+1","Anchor","champ:ShieldWall+1"],"campfire_rested":0,"item_purchase_floors":[11,26,30,30,37],"current_hp_per_floor":[81,81,81,81,81,71,71,55,55,55,55,54,54,47,27,27,74,74,66,35,100,100,100,100,62,62,62,50,50,62,41,32,44,86,86,82,82,82,82,55,55,57,32,42,46,29,41,0,0,0],"gold":50,"neow_bonus":"ONE_RANDOM_RARE_CARD","is_daily":false,"chose_seed":false,"campfire_upgraded":6,"win_rate":0.0,"timestamp":1613162863,"path_taken":["R","M","$","?","?","E","T","E","R","?","?","?","R","?","M","BOSS","R","M","?","?","?","$","T","E","$","E","M","R","$","M","M","BOSS","R","M","$","?","?","E","T","M","E","R","?","M","M","M"],"items_purchased_type":["Card","Card","Card","Relic","Card"],"build_version":"2020-12-22","purchased_purges":3,"victory":false,"max_hp_per_floor":[90,90,90,90,90,90,90,90,90,90,90,90,90,90,90,90,90,90,90,90,100,100,100,100,100,100,100,100,100,100,100,100,100,100,100,100,100,100,100,100,100,100,100,110,110,110,110,110,110,110],"card_choices":[{"not_picked":["champ:Backstep","champ:ShieldSigil"],"picked":"champ:Shatter","floor":2.0},{"not_picked":["champ:BringItOn","champ:EnGarde"],"picked":"champ:GutPunch","floor":3.0},{"not_picked":["champ:Endure","champ:EnragedBash"],"picked":"champ:UltimateStance","floor":6.0},{"not_picked":["champ:BladeFlurry+1","champ:AdrenalArmor"],"picked":"champ:PerfectedStrike+1","floor":8.0},{"not_picked":["champ:DefensiveShout","champ:Backstep"],"picked":"champ:EnchantShield","floor":10.0},{"not_picked":["champ:Shatter+1","champ:CrownThrow+1"],"picked":"champ:EnchantSword","floor":11.0},{"not_picked":["champ:BerserkersShout","champ:PreciseThrust+1"],"picked":"champ:StanceDance","floor":12.0},{"not_picked":["champ:Shatter+1","champ:TornadoPunch+1"],"picked":"champ:GladiatorStyle","floor":14.0},{"not_picked":["champ:SetATrap","champ:PreemptiveStrike+1"],"picked":"champ:CrookedStrike+1","floor":15.0},{"not_picked":["champ:HoldFirm","champ:HeavySlash+1"],"picked":"champ:SteelEdge+1","floor":16.0},{"not_picked":["champ:Backstep","champ:SetATrap"],"picked":"champ:PerfectedStrike+1","floor":19.0},{"not_picked":["champ:BerserkersShout","champ:PreciseThrust+1"],"picked":"champ:AdrenalArmor","floor":20.0},{"not_picked":["champ:TornadoPunch+1","champ:BerserkerStyle"],"picked":"champ:Endure+1","floor":22.0},{"not_picked":["champ:FanOfKnives+1","champ:SwordSigil"],"picked":"champ:StrikeOfGenius","floor":23.0},{"not_picked":["champ:HeartStrike+1","champ:Shatter+1"],"picked":"champ:FaceSlap+1","floor":25.0},{"not_picked":["champ:DefensiveShout","champ:FalseCounter","champ:BerserkersShout"],"picked":"SKIP","floor":26.0},{"not_picked":["champ:ArenaPreparation+1","champ:ShieldSigil"],"picked":"champ:IgnorePain","floor":27.0},{"not_picked":["champ:BerserkersShout","champ:Encircle+1"],"picked":"champ:Lariat","floor":28.0},{"not_picked":["champ:RageSigil","champ:BerserkersShout"],"picked":"champ:ShieldWall+1","floor":30.0},{"not_picked":["champ:BringItOn","champ:Circumvent","champ:ShieldSigil"],"picked":"SKIP","floor":31.0},{"not_picked":["champ:PreciseThrust+1","champ:RapidStrikes+1"],"picked":"champ:Endure+1","floor":32.0},{"not_picked":["champ:DancingMaster+1","champ:EnchantSword"],"picked":"champ:VampiricStrike+1","floor":33.0},{"not_picked":["champ:Haymaker+1","champ:Shatter+1"],"picked":"champ:Parry","floor":36.0},{"not_picked":["champ:PreciseThrust+1","champ:FlashCut+1"],"picked":"champ:FanOfKnives+1","floor":40.0},{"not_picked":["champ:PreciseThrust+1","champ:FlashCut+1"],"picked":"champ:FanOfKnives+1","floor":42.0},{"not_picked":["champ:Shatter+1","champ:ArenaPreparation"],"picked":"champ:DefensiveStyle+1","floor":43},{"not_picked":["champ:PerfectedStrike+1","champ:HeartStrike+1"],"picked":"champ:BerserkersShout+1","floor":45},{"not_picked":["champ:BringItOn","champ:BerserkersShout"],"picked":"champ:EnGarde+1","floor":46},{"not_picked":["champ:Backstep","champ:FocusedDefense+1"],"picked":"champ:TornadoPunch+1","floor":47}],"player_experience":240376,"relics_obtained":[{"floor":6.0,"key":"Whetstone"},{"floor":7.0,"key":"Molten Egg 2"},{"floor":8.0,"key":"beaked:ShinyBauble"},{"floor":24.0,"key":"Frozen Egg 2"},{"floor":25.0,"key":"Lantern"},{"floor":27.0,"key":"Meat on the Bone"},{"floor":40.0,"key":"Ancient Tea Set"},{"floor":43,"key":"Bottled Flame"}],"event_choices":[{"damage_healed":0.0,"max_hp_gain":0.0,"max_hp_loss":0.0,"gold_gain":0.0,"event_name":"Accursed Blacksmith","player_choice":"Forge","floor":5.0,"gold_loss":0.0,"damage_taken":0.0,"cards_upgraded":["champ:Improvising"]},{"cards_removed":["champ:EnchantShield"],"damage_healed":55.0,"max_hp_gain":10.0,"max_hp_loss":0.0,"gold_gain":0.0,"event_name":"Bonfire Elementals","player_choice":"Offered Rare","floor":21.0,"gold_loss":0.0,"damage_taken":0.0},{"damage_healed":0.0,"max_hp_gain":0.0,"max_hp_loss":0.0,"gold_gain":0.0,"event_name":"Lab","player_choice":"Got Potions","floor":39.0,"gold_loss":0.0,"damage_taken":0.0}],"is_beta":false,"boss_relics":[{"not_picked":["Astrolabe","beaked:MawFillet"],"picked":"SlaversCollar"},{"not_picked":["Tiny House","bronze:MakeshiftBattery"],"picked":"beaked:SacredDeck"}],"items_purged_floors":[11,30,37],"is_endless":false,"potions_floor_spawned":[10,12,15,16,19,25,27,28,31,33,42,43,45],"killed_by":"Maw","ascension_level":6}}