{"host":"mo4d2vii2wc3uyp7","time":1613129017,"event":{"mods":["AchievementEnabler","BaseMod","Colored Map","Highlight Path","Keyboard Shortcuts","Minty Spire (QoL Compilation)","Permanent Neow","Quick Restart","Shop Mod","StSLib","SuperFastMode","everything is the same but u backflip on backflip"],"gold_per_floor":[113,124,140,154,169,194,210,225,225,239,239,256,291,291,291,387,437,453,463,482,20,20,20,55,66,66,83,94,94,94,112,112,211,211,225,225,60,109,109,109],"floor_reached":39,"language":"KOR","playtime":1257,"items_purged":["Defend_G"],"score":440,"play_id":"13f91f61-998d-4b50-af62-0f96aed25cb9","local_time":"20210212202337","is_ascension_mode":true,"campfire_choices":[{"floor":11.0,"key":"REST"},{"floor":15.0,"key":"REST"},{"floor":23.0,"key":"REST"},{"floor":29.0,"key":"REST"},{"floor":32.0,"key":"REST"}],"circlet_count":0,"master_deck":["Strike_G","Strike_G","Strike_G+1","Strike_G","Defend_G+1","Defend_G","Defend_G","Defend_G","Survivor","Neutralize","A Thousand Cuts","Calculated Gamble","Acrobatics+1","Quick Slash","After Image","Dagger Throw","Terror+1","Adrenaline+1","Poisoned Stab","Bane","Deflect+1","Backflip+1","Caltrops+1","Backstab","Storm of Steel+1","Noxious Fumes+1","Envenom+1","Decay","Panache+1"],"relics":["Ring of the Serpent","Toxic Egg 2","Frozen Egg 2","War Paint","Tiny House","Matryoshka","Oddly Smooth Stone","Bag of Marbles","Shuriken","FossilizedHelix"],"acts_visited":["Exordium","TheCity","TheBeyond"],"potions_floor_usage":[39],"damage_taken":[{"damage":0.0,"enemies":"Cultist","floor":1.0,"turns":4.0},{"damage":0.0,"enemies":"2 Louse","floor":2.0,"turns":3.0},{"damage":6.0,"enemies":"Jaw Worm","floor":3.0,"turns":4.0},{"damage":10.0,"enemies":"Blue Slaver","floor":4.0,"turns":5.0},{"damage":10.0,"enemies":"3 Louse","floor":5.0,"turns":4.0},{"damage":20.0,"enemies":"Gremlin Nob","floor":6.0,"turns":6.0},{"damage":2.0,"enemies":"Exordium Thugs","floor":7.0,"turns":7.0},{"damage":8.0,"enemies":"Blue Slaver","floor":8.0,"turns":6.0},{"damage":17.0,"enemies":"3 Louse","floor":10.0,"turns":3.0},{"damage":4.0,"enemies":"2 Fungi Beasts","floor":12.0,"turns":3.0},{"damage":4.0,"enemies":"3 Sentries","floor":13.0,"turns":5.0},{"damage":24.0,"enemies":"Hexaghost","floor":16.0,"turns":13.0},{"damage":24.0,"enemies":"2 Thieves","floor":18.0,"turns":5.0},{"damage":0.0,"enemies":"3 Byrds","floor":19.0,"turns":7.0},{"damage":17.0,"enemies":"Snake Plant","floor":20.0,"turns":5.0},{"damage":35.0,"enemies":"Slavers","floor":24.0,"turns":5.0},{"damage":5.0,"enemies":"Chosen and Byrds","floor":25.0,"turns":5.0},{"damage":3.0,"enemies":"Centurion and Healer","floor":27.0,"turns":6.0},{"damage":11.0,"enemies":"Shelled Parasite and Fungi","floor":28.0,"turns":4.0},{"damage":14.0,"enemies":"Sentry and Sphere","floor":31.0,"turns":8.0},{"damage":20.0,"enemies":"Automaton","floor":33.0,"turns":9.0},{"damage":5.0,"enemies":"Orb Walker","floor":35.0,"turns":3.0},{"damage":39.0,"enemies":"2 Orb Walkers","floor":38.0,"turns":4.0},{"damage":37,"enemies":"3 Darklings","floor":39,"turns":2}],"seed_played":"5069952479079564679","potions_obtained":[{"floor":1.0,"key":"Dexterity Potion"},{"floor":2.0,"key":"Regen Potion"},{"floor":5.0,"key":"GamblersBrew"},{"floor":6.0,"key":"Poison Potion"},{"floor":10.0,"key":"Explosive Potion"},{"floor":12.0,"key":"CunningPotion"},{"floor":13.0,"key":"Explosive Potion"},{"floor":17.0,"key":"LiquidBronze"},{"floor":20.0,"key":"AttackPotion"},{"floor":24.0,"key":"PowerPotion"},{"floor":25.0,"key":"SkillPotion"},{"floor":28.0,"key":"PowerPotion"},{"floor":33.0,"key":"AttackPotion"},{"floor":38.0,"key":"PowerPotion"}],"is_trial":false,"path_per_floor":["M","M","M","M","M","E","M","M","T","M","R","M","E","?","R","B",null,"M","M","M","$","?","R","E","M","T","M","M","R","?","M","R","B",null,"M","?","$","?","M"],"character_chosen":"THE_SILENT","items_purchased":["Backflip+1","Caltrops+1","Matryoshka","Panache+1"],"campfire_rested":5,"item_purchase_floors":[21,21,21,37],"current_hp_per_floor":[70,70,64,54,44,39,37,29,29,12,33,29,25,18,39,15,75,51,51,34,34,34,56,21,16,16,13,2,24,24,10,32,12,75,70,70,70,31,0,0],"gold":109,"neow_bonus":"ONE_RANDOM_RARE_CARD","is_daily":false,"chose_seed":false,"campfire_upgraded":0,"win_rate":0.0,"timestamp":1613129017,"path_taken":["M","M","M","M","M","E","M","M","T","M","R","?","E","?","R","BOSS","M","M","M","$","?","R","E","M","T","M","M","R","?","M","R","BOSS","M","?","$","?","M"],"items_purchased_type":["Card","Card","Relic","Card"],"build_version":"2020-12-22","purchased_purges":1,"victory":false,"max_hp_per_floor":[70,70,70,70,70,70,70,70,70,70,70,70,70,70,70,70,75,75,75,75,75,75,75,75,75,75,75,75,75,75,75,75,75,75,75,75,75,75,75,75],"card_choices":[{"not_picked":["Acrobatics","Crippling Poison"],"picked":"Calculated Gamble","floor":1.0},{"not_picked":["Deadly Poison","Predator"],"picked":"Acrobatics","floor":2.0},{"not_picked":["Expertise","Flechettes"],"picked":"Quick Slash","floor":3.0},{"not_picked":["Acrobatics","Leg Sweep","Blur"],"picked":"SKIP","floor":4.0},{"not_picked":["Deflect","Backflip"],"picked":"After Image","floor":5.0},{"not_picked":["Distraction+1","Underhanded Strike"],"picked":"Dagger Throw","floor":6.0},{"not_picked":["Dagger Throw","Cloak And Dagger+1","Choke"],"picked":"SKIP","floor":7.0},{"not_picked":["Glass Knife","Dash"],"picked":"Terror+1","floor":8.0},{"not_picked":["Cloak And Dagger+1","Dagger Throw","Deflect+1"],"picked":"SKIP","floor":10.0},{"not_picked":["Skewer","Outmaneuver+1","Blur+1"],"picked":"SKIP","floor":12.0},{"not_picked":["Eviscerate","Underhanded Strike","Leg Sweep+1"],"picked":"SKIP","floor":13.0},{"not_picked":["Phantasmal Killer+1","Die Die Die"],"picked":"Adrenaline+1","floor":16.0},{"not_picked":["Terror+1","Deflect+1"],"picked":"Poisoned Stab","floor":17.0},{"not_picked":["Deflect+1","Deadly Poison+1","Underhanded Strike"],"picked":"SKIP","floor":18.0},{"not_picked":["PiercingWail+1","Slice"],"picked":"Bane","floor":19.0},{"not_picked":["Slice","Acrobatics+1"],"picked":"Deflect+1","floor":20.0},{"not_picked":["Underhanded Strike","Bouncing Flask+1"],"picked":"Backstab","floor":24.0},{"not_picked":["Quick Slash","PiercingWail+1"],"picked":"Storm of Steel+1","floor":25.0},{"not_picked":["Blade Dance+1","Backflip+1"],"picked":"Noxious Fumes+1","floor":27.0},{"not_picked":["Prepared+1","Choke"],"picked":"Envenom+1","floor":28.0},{"not_picked":["Dagger Throw","Underhanded Strike","Setup+1"],"picked":"SKIP","floor":31.0},{"not_picked":["Quick Slash","Deflect+1","Deadly Poison+1"],"picked":"SKIP","floor":35.0}],"player_experience":620217,"relics_obtained":[{"floor":6.0,"key":"Toxic Egg 2"},{"floor":9.0,"key":"Frozen Egg 2"},{"floor":13.0,"key":"War Paint"},{"floor":24.0,"key":"Oddly Smooth Stone"},{"floor":26.0,"key":"Bag of Marbles"},{"floor":26.0,"key":"Shuriken"},{"floor":38.0,"key":"FossilizedHelix"}],"event_choices":[{"cards_removed":["Strike_G"],"damage_healed":0.0,"max_hp_gain":0.0,"max_hp_loss":0.0,"gold_gain":0.0,"event_name":"Golden Wing","player_choice":"Card Removal","floor":14.0,"gold_loss":0.0,"damage_taken":7.0},{"damage_healed":0.0,"max_hp_gain":0.0,"max_hp_loss":0.0,"gold_gain":0.0,"event_name":"Ghosts","player_choice":"Ignored","floor":22.0,"gold_loss":0.0,"damage_taken":0.0},{"damage_healed":0.0,"max_hp_gain":0.0,"max_hp_loss":0.0,"gold_gain":0.0,"event_name":"Forgotten Altar","player_choice":"Smashed Altar","floor":30.0,"gold_loss":0.0,"damage_taken":0.0,"cards_obtained":["Decay"]},{"damage_healed":0.0,"max_hp_gain":0.0,"max_hp_loss":0.0,"gold_gain":0.0,"event_name":"Tomb of Lord Red Mask","player_choice":"Ignored","floor":36.0,"gold_loss":0.0,"damage_taken":0.0},{"damage_healed":0.0,"max_hp_gain":0.0,"max_hp_loss":0.0,"gold_gain":0.0,"event_name":"Mysterious Sphere","player_choice":"Fight","floor":38.0,"gold_loss":0.0,"damage_taken":0.0}],"is_beta":false,"boss_relics":[{"not_picked":["Sozu","Fusion Hammer"],"picked":"Tiny House"},{"not_picked":["SacredBark","Calling Bell"],"picked":"Ring of the Serpent"}],"items_purged_floors":[21],"is_endless":false,"potions_floor_spawned":[1,2,5,6,10,12,13,20,24,25,28,33,38],"killed_by":"3 Darklings","ascension_level":1}}