{"host":"no5f9c6q31porkj5","time":1613114358,"event":{"mods":["BaseMod","Marisa£¨Ùöéë¡¡Øª×âÞÞ£©","Minty Spire (QoL Compilation)","StSLib","Td1madao Mod","The Cursed","The Gatherer","The Runesmith"],"gold_per_floor":[115,131,40,59,7,7,7,7,7,18,34,34,65,79,79,200,200,221,236,251,251,251,251,270,284,284,298,318,318,318,318,318],"floor_reached":31,"language":"KOR","playtime":1285,"items_purged":[],"score":241,"play_id":"52746691-b70f-4d59-835b-6afb94efe3e1","local_time":"20210212161918","is_ascension_mode":false,"campfire_choices":[{"data":"Armaments","floor":6,"key":"SMITH"},{"data":"Defend_R","floor":8,"key":"SMITH"},{"floor":15,"key":"REST"},{"data":"Defend_R","floor":23,"key":"SMITH"},{"floor":29,"key":"REST"}],"circlet_count":0,"master_deck":["Strike_R","Strike_R","Strike_R","Strike_R","Strike_R","Defend_R","Defend_R","Defend_R+1","Defend_R+1","Bash","Armaments+1","Twin Strike","Swift Strike","Pommel Strike","Shrug It Off","Twin Strike","Injury","Battle Trance","Anger","Inflame","Dual Wield","Perfected Strike","Dual Wield","Flex","Pommel Strike+1","Dual Wield+1","Defend_R"],"relics":["Burning Blood","Bottled Flame","Golden Idol","Thread and Needle","SacredBark","Peace Pipe"],"acts_visited":["Exordium","TheCity"],"potions_floor_usage":[16,16,20,20,24,27,28,28],"damage_taken":[{"damage":0,"enemies":"Small Slimes","floor":1,"turns":3},{"damage":0,"enemies":"2 Louse","floor":2,"turns":5},{"damage":11,"enemies":"Jaw Worm","floor":4,"turns":3},{"damage":8,"enemies":"Lots of Slimes","floor":10,"turns":6},{"damage":4,"enemies":"Looter","floor":11,"turns":3},{"damage":30,"enemies":"Gremlin Nob","floor":13,"turns":5},{"damage":1,"enemies":"Exordium Wildlife","floor":14,"turns":7},{"damage":52,"enemies":"Hexaghost","floor":16,"turns":13},{"damage":6,"enemies":"Shell Parasite","floor":18,"turns":7},{"damage":17,"enemies":"Chosen","floor":19,"turns":6},{"damage":31,"enemies":"Sentry and Sphere","floor":20,"turns":8},{"damage":12,"enemies":"3 Cultists","floor":24,"turns":6},{"damage":16,"enemies":"Shelled Parasite and Fungi","floor":25,"turns":8},{"damage":32,"enemies":"Snecko","floor":27,"turns":5},{"damage":50,"enemies":"3 Cultists","floor":28,"turns":7},{"damage":0,"enemies":"Sentry and Sphere","floor":31,"turns":1}],"seed_played":"741491237852808879","potions_obtained":[{"floor":2,"key":"EssenceOfSteel"},{"floor":10,"key":"GamblersBrew"},{"floor":14,"key":"SpeedPotion"},{"floor":19,"key":"EntropicBrew"},{"floor":24,"key":"FearPotion"},{"floor":28,"key":"EntropicBrew"}],"is_trial":false,"path_per_floor":["M","M","$","M","$","R","?","R","T","M","M","?","E","M","R","B",null,"M","M","M","$","?","R","M","M","T","M","M","R","?","M"],"character_chosen":"IRONCLAD","items_purchased":["Swift Strike","Pommel Strike"],"campfire_rested":2,"item_purchase_floors":[3,5],"current_hp_per_floor":[88,88,88,83,83,83,83,83,83,81,83,83,59,64,88,42,88,88,77,52,52,52,52,46,36,36,45,36,62,62,62,62],"gold":318,"neow_bonus":"TEN_PERCENT_HP_BONUS","is_daily":false,"chose_seed":false,"campfire_upgraded":3,"win_rate":0.0,"timestamp":1613114358,"path_taken":["M","M","$","M","$","R","?","R","T","M","M","?","E","M","R","BOSS","M","M","M","$","?","R","M","M","T","M","M","R","?","M"],"items_purchased_type":["Card","Card"],"build_version":"2020-12-22","purchased_purges":0,"victory":false,"max_hp_per_floor":[88,88,88,88,88,88,88,88,88,88,88,88,88,88,88,88,88,88,88,88,88,88,88,88,88,88,88,88,88,88,88,88],"card_choices":[{"not_picked":["True Grit","Thunderclap"],"picked":"Armaments","floor":1},{"not_picked":["Carnage","True Grit"],"picked":"Twin Strike","floor":2},{"not_picked":["Feel No Pain","Thunderclap","Fire Breathing"],"picked":"SKIP","floor":4},{"not_picked":["Sword Boomerang","Feel No Pain"],"picked":"Shrug It Off","floor":10},{"not_picked":["Rampage","Power Through"],"picked":"Twin Strike","floor":11},{"not_picked":["Cleave","Sword Boomerang"],"picked":"Battle Trance","floor":13},{"not_picked":["Thunderclap","Warcry"],"picked":"Anger","floor":14},{"not_picked":["Sword Boomerang","Shrug It Off"],"picked":"Inflame","floor":18},{"not_picked":["Blood for Blood+1","Warcry+1"],"picked":"Dual Wield","floor":19},{"not_picked":["Pommel Strike+1","Battle Trance"],"picked":"Perfected Strike","floor":20},{"not_picked":["Pommel Strike","Reaper"],"picked":"Dual Wield","floor":24},{"not_picked":["Body Slam","Intimidate+1"],"picked":"Flex","floor":25},{"not_picked":["Twin Strike","Disarm"],"picked":"Pommel Strike+1","floor":27},{"not_picked":["Body Slam","Anger"],"picked":"Dual Wield+1","floor":28}],"player_experience":115253,"relics_obtained":[{"floor":9,"key":"Bottled Flame"},{"floor":13,"key":"Thread and Needle"},{"floor":26,"key":"Peace Pipe"}],"event_choices":[{"damage_healed":0,"gold_gain":0,"player_choice":"Ignored","damage_taken":0,"max_hp_gain":0,"max_hp_loss":0,"event_name":"Liars Game","floor":7,"gold_loss":0},{"damage_healed":0,"gold_gain":0,"player_choice":"Take Wound","damage_taken":0,"relics_obtained":["Golden Idol"],"max_hp_gain":0,"max_hp_loss":0,"event_name":"Golden Idol","floor":12,"gold_loss":0,"cards_obtained":["Injury"]},{"damage_healed":0,"gold_gain":0,"player_choice":"Ignored","damage_taken":0,"max_hp_gain":0,"max_hp_loss":0,"event_name":"Ghosts","floor":22,"gold_loss":0},{"damage_healed":0,"gold_gain":0,"player_choice":"Copied","damage_taken":0,"max_hp_gain":0,"max_hp_loss":0,"event_name":"Duplicator","floor":30,"gold_loss":0,"cards_obtained":["Defend_R"]}],"is_beta":false,"boss_relics":[{"not_picked":["Velvet Choker","Cursed Key"],"picked":"SacredBark"}],"items_purged_floors":[],"is_endless":false,"potions_floor_spawned":[2,10,14,19,24,25,28],"killed_by":"Sentry and Sphere","ascension_level":0}}