{"host":"oewe6473mh2zp5ss","time":1613160833,"event":{"mods":["AchievementEnabler","Ascension Reborn","Aspiration","Bard","BaseMod","Challenge The Spire","Conspire","Curses Come First","Custom Start","Downfall","Emptier Cage","Gremlin Mod","Halation","Hubris","Infinite Spire","Minty Spire (QoL Compilation)","Permanent Neow","Reliquary","Replay The Spire","Robot Space Explorer","Somnambulant","Spikes Relics","StSLib","The Cursed","The Disciple","The Jungle","The Senshi","thorton"],"gold_per_floor":[173,183,183,199,214,228,275,285,303,319,319,119,119,119,183,249,249,249],"floor_reached":16,"language":"ENG","playtime":1977,"items_purged":[],"score":121,"play_id":"be264df0-0e6d-4742-9fef-fde42663a38b","local_time":"20210212121353","is_ascension_mode":false,"campfire_choices":[{"floor":11,"key":"REST"}],"circlet_count":0,"master_deck":["Slimebound:Strike_Slimebound","Slimebound:Strike_Slimebound+1","Slimebound:Tackle+1","Slimebound:Defend_Slimebound","Slimebound:Defend_Slimebound","Slimebound:Defend_Slimebound","Slimebound:Split","Slimebound:CorrosiveSpit","Slimebound:Prepare","Slimebound:SamplingLick","Slimebound:RollThrough","Slimebound:AcidTongue","Slimebound:Prepare","Slimebound:BestDefense+1","Slimebound:SlimeSpikes","conspire:SpireCoStock","conspire:SpireCoStock","conspire:SpireCoStock","conspire:SpireCoStock","downfall:Malfunctioning","Slimebound:SelfFormingGoo"],"relics":["Slimebound:AbsorbEndCombat","hubris:OldNail","ReplayTheSpireMod:TigerMarble"],"acts_visited":["Exordium"],"potions_floor_usage":[8,16,16,16],"damage_taken":[{"damage":13,"enemies":"Jaw Worm","floor":2,"turns":4},{"damage":11,"enemies":"infinitespire:Voidling","floor":4,"turns":3},{"damage":3,"enemies":"2 Louse","floor":5,"turns":3},{"damage":0,"enemies":"2 Fungi Beasts","floor":6,"turns":3},{"damage":7,"enemies":"Blue Slaver","floor":8,"turns":3},{"damage":8,"enemies":"Exordium Thugs","floor":9,"turns":4},{"damage":4,"enemies":"Exordium Wildlife","floor":10,"turns":4},{"damage":24,"enemies":"Large Slime","floor":15,"turns":7},{"damage":41,"enemies":"DF_ARCHETYPE_STREAMLINE","floor":16,"turns":6}],"seed_played":"6581643293545794309","potions_obtained":[{"floor":5,"key":"LiquidBronze"},{"floor":6,"key":"Slimebound:SlimedPotion"},{"floor":8,"key":"Languid Potion"},{"floor":10,"key":"sneckomod:MuddlingPotion"}],"is_trial":false,"path_per_floor":["R","M","?","M","M","M","T","M","M","M","R","?","?","T","M","B"],"character_chosen":"SLIMEBOUND","items_purchased":[],"campfire_rested":1,"item_purchase_floors":[],"current_hp_per_floor":[59,51,57,54,55,57,57,54,48,48,59,59,59,59,37,0,0,0],"gold":249,"neow_bonus":"REMOVE_TWO","is_daily":false,"chose_seed":false,"campfire_upgraded":0,"win_rate":0.0,"timestamp":1613160833,"path_taken":["R","M","?","?","M","M","T","M","M","M","R","?","?","?","M","BOSS"],"items_purchased_type":[],"build_version":"2020-12-22","purchased_purges":0,"victory":false,"max_hp_per_floor":[59,59,59,59,59,59,59,59,59,59,59,59,59,59,59,59,59,59],"card_choices":[{"not_picked":["Slimebound:SpikyOuterGoop","Slimebound:SlimeBrawl"],"picked":"Slimebound:Prepare","floor":2},{"not_picked":["Slimebound:HauntingLick","Slimebound:GoopTackle"],"picked":"Slimebound:SamplingLick","floor":4},{"not_picked":["Slimebound:ComboTackle","Slimebound:FinishingTackle"],"picked":"Slimebound:RollThrough","floor":5},{"not_picked":["Slimebound:SplitAcid","Slimebound:GoopTackle"],"picked":"Slimebound:AcidTongue","floor":6},{"not_picked":["Slimebound:RollThrough","Slimebound:SplitBruiser"],"picked":"Slimebound:Prepare","floor":8},{"not_picked":["Slimebound:SplitAcid","Slimebound:FormOfPuddle"],"picked":"Slimebound:BestDefense","floor":9},{"not_picked":["Slimebound:WasteNot","Slimebound:DisruptingSlam"],"picked":"Slimebound:SlimeSpikes","floor":10},{"not_picked":["Slimebound:SplitMire","Slimebound:SlimeSpikes"],"picked":"Slimebound:SelfFormingGoo","floor":15}],"player_experience":114880,"relics_obtained":[{"floor":7,"key":"hubris:OldNail"},{"floor":14,"key":"ReplayTheSpireMod:TigerMarble"}],"event_choices":[{"damage_healed":0,"gold_gain":0,"player_choice":"Invest 4","damage_taken":0,"max_hp_gain":0,"max_hp_loss":0,"event_name":"conspire:Investor","floor":12,"gold_loss":0}],"is_beta":false,"boss_relics":[],"items_purged_floors":[],"is_endless":false,"potions_floor_spawned":[5,6,8,10],"killed_by":"DF_ARCHETYPE_STREAMLINE","ascension_level":0}}