{"host":"epc8efk9vrywpcsw","time":1613142117,"event":{"mods":["BaseMod","Minty Spire (QoL Compilation)","Relic Stats","StSLib"],"gold_per_floor":[114,114,114,39,39,75,96,96,96,119,119,157,177,215,215,311,311,311,586,68,93,116,116,116],"floor_reached":23,"language":"ENG","playtime":701,"items_purged":["Regret"],"score":445,"play_id":"8e95be5b-43a1-49c5-8b2f-41b4486f3dc2","local_time":"20210212160157","is_ascension_mode":true,"campfire_choices":[{"data":"Rainbow","floor":8,"key":"SMITH"},{"data":"Dualcast","floor":11,"key":"SMITH"},{"data":"White Noise","floor":15,"key":"SMITH"}],"circlet_count":0,"master_deck":["AscendersBane","Strike_B","Strike_B","Strike_B","Strike_B","Defend_B","Defend_B","Defend_B","Defend_B","Zap+1","Dualcast+1","Compile Driver","Rainbow+1","Coolheaded","Compile Driver","White Noise+1","Undo","Reboot","Buffer+1","Hologram+1"],"relics":["Cracked Core","NeowsBlessing","Frozen Egg 2","Golden Idol","MealTicket","Akabeko","Singing Bowl","Toy Ornithopter","SlaversCollar","Bottled Lightning"],"acts_visited":["Exordium","TheCity"],"potions_floor_usage":[16,18,23],"damage_taken":[{"damage":0,"enemies":"Jaw Worm","floor":1,"turns":1},{"damage":0,"enemies":"Lagavulin","floor":6,"turns":1},{"damage":0,"enemies":"Small Slimes","floor":7,"turns":1},{"damage":0,"enemies":"Cultist","floor":10,"turns":3},{"damage":21,"enemies":"3 Sentries","floor":12,"turns":7},{"damage":0,"enemies":"2 Fungi Beasts","floor":13,"turns":2},{"damage":7,"enemies":"Gremlin Nob","floor":14,"turns":3},{"damage":20,"enemies":"Slime Boss","floor":16,"turns":9},{"damage":0,"enemies":"2 Thieves","floor":18,"turns":1},{"damage":0,"enemies":"Chosen","floor":21,"turns":5},{"damage":0,"enemies":"Snecko","floor":22,"turns":7},{"damage":70,"enemies":"Book of Stabbing","floor":23,"turns":7}],"seed_played":"-5821966732091763436","potions_obtained":[{"floor":7,"key":"Strength Potion"},{"floor":12,"key":"LiquidBronze"},{"floor":14,"key":"Dexterity Potion"},{"floor":16,"key":"SmokeBomb"},{"floor":22,"key":"FocusPotion"}],"is_trial":false,"path_per_floor":["M","?","?","?","?","E","M","R","T","M","R","E","M","E","R","B",null,"M","?","$","M","M","E"],"character_chosen":"DEFECT","items_purchased":["Buffer+1","Bottled Lightning"],"campfire_rested":0,"item_purchase_floors":[20,20],"current_hp_per_floor":[64,64,64,64,64,64,64,64,64,64,64,45,45,38,38,23,55,60,60,66,68,68,0,0],"gold":116,"neow_bonus":"THREE_ENEMY_KILL","is_daily":false,"chose_seed":false,"campfire_upgraded":3,"win_rate":0.0,"timestamp":1613142117,"path_taken":["M","?","?","?","?","E","M","R","T","?","R","E","M","E","R","BOSS","M","?","$","M","M","E"],"items_purchased_type":["Card","Relic"],"build_version":"2020-12-22","purchased_purges":1,"victory":false,"max_hp_per_floor":[71,71,64,64,64,64,64,64,64,64,64,66,66,66,66,66,66,66,66,66,68,68,68,68],"relic_stats":{"Singing Bowl":4,"counters":[12,47],"Golden Idol":69,"MealTicket":6,"obtain_stats":[{"SlaversCollar":17,"NeowsBlessing":0,"Singing Bowl":12,"Golden Idol":3,"MealTicket":6,"Bottled Lightning":20,"Frozen Egg 2":2,"Cracked Core":0,"Akabeko":9,"Toy Ornithopter":14},{"SlaversCollar":8,"NeowsBlessing":0,"Singing Bowl":5,"Golden Idol":1,"MealTicket":2,"Bottled Lightning":9,"Frozen Egg 2":1,"Cracked Core":0,"Akabeko":3,"Toy Ornithopter":7},{"SlaversCollar":27,"NeowsBlessing":0,"Singing Bowl":13,"Golden Idol":1,"MealTicket":2,"Bottled Lightning":28,"Frozen Egg 2":1,"Cracked Core":0,"Akabeko":3,"Toy Ornithopter":18}],"Toy Ornithopter":10},"card_choices":[{"not_picked":["Steam","Leap"],"picked":"Compile Driver","floor":1},{"not_picked":["Static Discharge+1","All For One"],"picked":"Rainbow","floor":6},{"not_picked":["Sweeping Beam","Auto Shields"],"picked":"Coolheaded","floor":7},{"not_picked":["Barrage","Force Field"],"picked":"Compile Driver","floor":10},{"not_picked":["Beam Cell","Melter","Double Energy"],"picked":"Singing Bowl","floor":12},{"not_picked":["FTL","Coolheaded"],"picked":"White Noise","floor":13},{"not_picked":["Hologram","Cold Snap"],"picked":"Undo","floor":14},{"not_picked":["Core Surge","Fission"],"picked":"Reboot","floor":16},{"not_picked":["Cold Snap","Go for the Eyes","Conserve Battery"],"picked":"Singing Bowl","floor":21},{"not_picked":["Conserve Battery","Rebound"],"picked":"Hologram+1","floor":22}],"player_experience":522093,"relics_obtained":[{"floor":6,"key":"MealTicket"},{"floor":9,"key":"Akabeko"},{"floor":12,"key":"Singing Bowl"},{"floor":14,"key":"Toy Ornithopter"}],"event_choices":[{"damage_healed":0,"gold_gain":0,"player_choice":"Box","damage_taken":0,"relics_obtained":["Frozen Egg 2"],"max_hp_gain":0,"max_hp_loss":0,"event_name":"Big Fish","floor":2,"gold_loss":0,"cards_obtained":["Regret"]},{"damage_healed":0,"gold_gain":0,"player_choice":"Lose Max HP","damage_taken":0,"relics_obtained":["Golden Idol"],"max_hp_gain":0,"max_hp_loss":7,"event_name":"Golden Idol","floor":3,"gold_loss":0},{"cards_removed":["Regret"],"damage_healed":0,"gold_gain":0,"player_choice":"Card Removal","damage_taken":0,"max_hp_gain":0,"max_hp_loss":0,"event_name":"The Cleric","floor":4,"gold_loss":75},{"damage_healed":0,"gold_gain":0,"player_choice":"Grow","damage_taken":0,"max_hp_gain":0,"max_hp_loss":0,"event_name":"Living Wall","floor":5,"gold_loss":0,"cards_upgraded":["Zap"]},{"damage_healed":0,"gold_gain":275,"player_choice":"Desecrate","damage_taken":0,"max_hp_gain":0,"max_hp_loss":0,"event_name":"Golden Shrine","floor":19,"gold_loss":0,"cards_obtained":["Regret"]}],"is_beta":false,"boss_relics":[{"not_picked":["Runic Dome","SacredBark"],"picked":"SlaversCollar"}],"items_purged_floors":[20],"is_endless":false,"potions_floor_spawned":[7,12,13,14,16,18,22],"killed_by":"Book of Stabbing","ascension_level":18}}