{"host":"cb9xh4d0ss8ax8yb","time":1613123891,"event":{"mods":["100% Spire Juice","BaseMod","Good Game Mod","Jess\u0027s Bottle","Minty Spire (QoL Compilation)","Reliquary","StSLib","The Cursed","The Dragon Tamer","The Gatherer"],"gold_per_floor":[119,194,208,227,227,227,256,256,256,286,286,304,323,348,348,444,444,454,69,86,101,101,132,132,166,166,198,213,213,213,66,66,161,161,174,224,235,235,253,283,135,135,135,162,182,211,228,263,263,263,263,263,2,31,31],"floor_reached":56,"language":"KOR","playtime":2826,"items_purged":["TheCursedMod:ParallelWorld"],"score":2010,"play_id":"9c98d088-c114-4717-93d7-511f81827726","local_time":"20210212185811","is_ascension_mode":true,"campfire_choices":[{"data":"DTMod:SealedStrike","floor":6,"key":"SMITH"},{"data":"DTMod:SealedStrike+1","floor":8,"key":"SMITH"},{"data":"DTMod:SealedStrike+2","floor":11,"key":"SMITH"},{"data":"DTMod:SealedStrike+3","floor":15,"key":"SMITH"},{"data":"DTMod:SealedStrike+4","floor":24,"key":"SMITH"},{"data":"1","floor":29,"key":"LIFT"},{"data":"2","floor":32,"key":"LIFT"},{"data":"3","floor":42,"key":"LIFT"},{"floor":49,"key":"RECALL"},{"floor":52,"key":"REST"}],"circlet_count":0,"master_deck":["TheCursedMod:CursedWand+1","TheCursedMod:Stigma+1","TheCursedMod:CircleOfFlame+1","TheCursedMod:Mangle+1","TheCursedMod:Mangle+1","TheCursedMod:Mangle+1","TheCursedMod:AshesToAshes+1","TheCursedMod:NeowsMight+1","Flash of Steel+1","DTMod:SealedStrike+5","TheCursedMod:SurpriseAttack+1","TheCursedMod:Mangle+1","TheCursedMod:CircleOfAbyss+1","TheCursedMod:Mangle+1","TheCursedMod:CircleOfFlame+1"],"relics":["TheCursedMod:Tack","REME:ComplimentaryCards","reliquary:HotPoker","Bottled Flame","Letter Opener","Centennial Puzzle","TungstenRod","reliquary:Craggleroot","Girya","Omamori","Blue Candle","Bronze Scales","ClockworkSouvenir","Runic Pyramid","Turnip","reliquary:PrincelyHelmet","Lantern","reliquary:SilkGlove","PreservedInsect","Torii","MealTicket","Ornamental Fan","reliquary:Boomerang"],"acts_visited":["Exordium","TheCity","TheBeyond","TheEnding"],"potions_floor_usage":[7,16,50,50,55,55],"damage_taken":[{"damage":0,"enemies":"Cultist","floor":1,"turns":1},{"damage":0,"enemies":"Jaw Worm","floor":3,"turns":1},{"damage":0,"enemies":"Small Slimes","floor":4,"turns":2},{"damage":0,"enemies":"3 Sentries","floor":7,"turns":1},{"damage":0,"enemies":"Lagavulin","floor":10,"turns":2},{"damage":0,"enemies":"Exordium Wildlife","floor":12,"turns":1},{"damage":0,"enemies":"Red Slaver","floor":13,"turns":1},{"damage":10,"enemies":"3 Sentries","floor":14,"turns":3},{"damage":0,"enemies":"Slime Boss","floor":16,"turns":1},{"damage":0,"enemies":"Shell Parasite","floor":18,"turns":1},{"damage":0,"enemies":"Chosen","floor":20,"turns":1},{"damage":0,"enemies":"Centurion and Healer","floor":21,"turns":1},{"damage":0,"enemies":"Gremlin Leader","floor":23,"turns":1},{"damage":0,"enemies":"Book of Stabbing","floor":25,"turns":1},{"damage":0,"enemies":"Gremlin Leader","floor":27,"turns":1},{"damage":0,"enemies":"3 Cultists","floor":28,"turns":1},{"damage":0,"enemies":"Collector","floor":33,"turns":1},{"damage":0,"enemies":"3 Darklings","floor":35,"turns":1},{"damage":0,"enemies":"Mind Bloom Boss Battle","floor":36,"turns":1},{"damage":0,"enemies":"3 Shapes","floor":37,"turns":1},{"damage":0,"enemies":"Transient","floor":39,"turns":1},{"damage":0,"enemies":"Reptomancer","floor":40,"turns":1},{"damage":0,"enemies":"Giant Head","floor":44,"turns":1},{"damage":0,"enemies":"4 Shapes","floor":45,"turns":1},{"damage":0,"enemies":"Nemesis","floor":46,"turns":1},{"damage":0,"enemies":"Writhing Mass","floor":47,"turns":1},{"damage":0,"enemies":"Reptomancer","floor":48,"turns":1},{"damage":25,"enemies":"Donu and Deca","floor":50,"turns":4},{"damage":10,"enemies":"Shield and Spear","floor":54,"turns":2},{"damage":46,"enemies":"The Heart","floor":55,"turns":3}],"seed_played":"-1120908932724466390","potions_obtained":[{"floor":0,"key":"SteroidPotion"},{"floor":0,"key":"EntropicBrew"},{"floor":0,"key":"FearPotion"},{"floor":7,"key":"Dexterity Potion"},{"floor":12,"key":"Regen Potion"},{"floor":14,"key":"SteroidPotion"},{"floor":21,"key":"DistilledChaos"},{"floor":27,"key":"Swift Potion"},{"floor":54,"key":"SteroidPotion"}],"is_trial":false,"path_per_floor":["M","?","M","M","?","R","E","R","T","E","R","M","M","E","R","B",null,"M","$","M","M","T","E","R","E","T","E","M","R","$","$","R","B",null,"M","?","M","?","M","E","$","R","T","E","M","E","M","E","R","B",null,"R","$","E","B",null],"character_chosen":"THE_CURSED","items_purchased":["Girya","ClockworkSouvenir","Lantern","Ornamental Fan"],"campfire_rested":1,"item_purchase_floors":[19,31,41,53],"current_hp_per_floor":[75,64,64,64,64,64,64,64,64,64,64,64,64,54,54,54,70,70,70,70,70,70,70,70,70,70,70,70,70,70,70,70,70,74,74,74,74,71,71,71,71,71,71,71,71,71,71,71,71,46,65,71,71,61,25],"gold":31,"neow_bonus":"THREE_SMALL_POTIONS","is_daily":false,"chose_seed":false,"campfire_upgraded":5,"win_rate":0.0,"timestamp":1613123891,"path_taken":["M","?","M","M","?","R","E","R","T","E","R","M","M","E","R","BOSS","M","$","M","?","?","E","R","E","T","E","M","R","?","$","R","BOSS","M","?","M","?","?","E","?","R","T","E","M","E","M","E","R","BOSS","R","$","E","BOSS"],"items_purchased_type":["Relic","Relic","Relic","Relic"],"build_version":"2020-12-22","purchased_purges":1,"victory":true,"max_hp_per_floor":[75,75,75,75,75,75,75,75,75,75,75,75,75,75,75,75,75,75,75,75,75,75,75,75,75,75,75,75,75,75,75,75,75,75,75,75,75,71,71,71,71,71,71,71,71,71,71,71,71,71,71,71,71,71,71],"card_choices":[{"not_picked":["TheCursedMod:Wield","TheCursedMod:RavingStaff","TheCursedMod:CircleOfFlame"],"picked":"SKIP","floor":1},{"not_picked":["TheCursedMod:VoidForm","TheCursedMod:FuryStrike","TheCursedMod:RapidMovement"],"picked":"SKIP","floor":3},{"not_picked":["TheCursedMod:CircleOfWindfury","TheCursedMod:SpitefulPlan"],"picked":"TheCursedMod:SurpriseAttack","floor":4},{"not_picked":["TheCursedMod:Stretching","TheCursedMod:Grudge","TheCursedMod:SmokeScreen"],"picked":"SKIP","floor":7},{"not_picked":["TheCursedMod:CursedAmulet","TheCursedMod:SmokeScreen"],"picked":"TheCursedMod:Mangle","floor":10},{"not_picked":["TheCursedMod:CursedAmulet","TheCursedMod:Torture","TheCursedMod:CircleOfAmplification"],"picked":"SKIP","floor":12},{"not_picked":["TheCursedMod:CursedAmulet","TheCursedMod:Torture","TheCursedMod:SmokeScreen"],"picked":"SKIP","floor":13},{"not_picked":["TheCursedMod:ManaBullet","TheCursedMod:SpreadPlague","TheCursedMod:Stretching"],"picked":"SKIP","floor":14},{"not_picked":["TheCursedMod:StunningStrike","TheCursedMod:ForbiddenAlchemy"],"picked":"TheCursedMod:CircleOfAbyss","floor":16},{"not_picked":["TheCursedMod:SpitefulStrike","TheCursedMod:CircleOfFlame+1","TheCursedMod:CursedAmulet"],"picked":"SKIP","floor":18},{"not_picked":["TheCursedMod:CursedShiv","TheCursedMod:CircleOfAmplification","TheCursedMod:BloodBarrier"],"picked":"SKIP","floor":20},{"not_picked":["TheCursedMod:VitalStrike","TheCursedMod:FleshFromBone","TheCursedMod:StingEye"],"picked":"SKIP","floor":21},{"not_picked":["TheCursedMod:Evocation+1","TheCursedMod:CollectTribute","TheCursedMod:CursedArmor"],"picked":"SKIP","floor":23},{"not_picked":["TheCursedMod:CircleOfAmplification+1","TheCursedMod:Stretching","TheCursedMod:VitalStrike"],"picked":"SKIP","floor":25},{"not_picked":["TheCursedMod:ForbiddenAlchemy","TheCursedMod:SmokeScreen","TheCursedMod:SoulCrush"],"picked":"SKIP","floor":27},{"not_picked":["TheCursedMod:ReleasedKnowledge","TheCursedMod:TroublousMinions","TheCursedMod:TacticalStrike"],"picked":"SKIP","floor":28},{"not_picked":["TheCursedMod:RapidMovement+1","TheCursedMod:PrepareRite","TheCursedMod:SpitefulStrike+1"],"picked":"SKIP","floor":35},{"not_picked":["TheCursedMod:ReleasedKnowledge+1","TheCursedMod:Stretching+1","TheCursedMod:Stigma"],"picked":"SKIP","floor":37},{"not_picked":["TheCursedMod:StingEye","TheCursedMod:BloodBarrier","TheCursedMod:FleshFromBone+1"],"picked":"SKIP","floor":39},{"not_picked":["TheCursedMod:CircleOfAmplification+1","TheCursedMod:Grudge+1","TheCursedMod:Stretching+1"],"picked":"SKIP","floor":40},{"not_picked":["TheCursedMod:SmokeScreen","TheCursedMod:Wield+1","TheCursedMod:RapidMovement+1"],"picked":"SKIP","floor":44},{"not_picked":["TheCursedMod:WearCloak+1","TheCursedMod:CursedAmulet+1"],"picked":"TheCursedMod:Mangle+1","floor":45},{"not_picked":["TheCursedMod:Hemoplague","TheCursedMod:AbyssShockwave+1","TheCursedMod:RapidMovement"],"picked":"SKIP","floor":46},{"not_picked":["TheCursedMod:CursedMace","TheCursedMod:Neurasthenia","TheCursedMod:Stigma+1"],"picked":"SKIP","floor":47},{"not_picked":["TheCursedMod:SpitefulStrike","TheCursedMod:TacticalStrike+1"],"picked":"TheCursedMod:CircleOfFlame+1","floor":48},{"not_picked":["TheCursedMod:Obscuration","TheCursedMod:CursedAmulet","TheCursedMod:CircleOfCorruption+1"],"picked":"SKIP","floor":54}],"player_experience":503767,"relics_obtained":[{"floor":7,"key":"Bottled Flame"},{"floor":9,"key":"Letter Opener"},{"floor":10,"key":"Centennial Puzzle"},{"floor":14,"key":"TungstenRod"},{"floor":23,"key":"Omamori"},{"floor":25,"key":"Blue Candle"},{"floor":27,"key":"Bronze Scales"},{"floor":36,"key":"Turnip"},{"floor":40,"key":"reliquary:PrincelyHelmet"},{"floor":43,"key":"reliquary:SilkGlove"},{"floor":44,"key":"PreservedInsect"},{"floor":46,"key":"Torii"},{"floor":48,"key":"MealTicket"},{"floor":54,"key":"reliquary:Boomerang"}],"event_choices":[{"damage_healed":0,"gold_gain":75,"player_choice":"Gather Gold","damage_taken":11,"max_hp_gain":0,"max_hp_loss":0,"event_name":"World of Goop","floor":2,"gold_loss":0},{"damage_healed":0,"gold_gain":0,"player_choice":"Gave Potion","damage_taken":0,"relics_obtained":["reliquary:HotPoker"],"max_hp_gain":0,"max_hp_loss":0,"event_name":"WeMeetAgain","floor":5,"gold_loss":0},{"damage_healed":0,"gold_gain":0,"player_choice":"Fight","damage_taken":0,"max_hp_gain":0,"max_hp_loss":0,"event_name":"MindBloom","floor":36,"gold_loss":0},{"damage_healed":0,"gold_gain":0,"player_choice":"Max HP","damage_taken":0,"max_hp_gain":0,"max_hp_loss":4,"event_name":"Winding Halls","floor":38,"gold_loss":0}],"is_beta":false,"boss_relics":[{"not_picked":["Astrolabe","TheCursedMod:OminousMark"],"picked":"reliquary:Craggleroot"},{"not_picked":["Velvet Choker","Tiny House"],"picked":"Runic Pyramid"}],"items_purged_floors":[19],"is_endless":false,"potions_floor_spawned":[7,12,14,21,27,28,33,36,40,44,45,54],"ascension_level":5}}