{"host":"c97twqu0op5dg8i4","time":1613121806,"event":{"mods":["AchievementEnabler","BaseMod","Colored Map","Minty Spire (QoL Compilation)","Permanent Neow"],"gold_per_floor":[118,118,193,271,271,271,290,290,316,316,316,8,65,78,3,3,101,101,111,11,11,51,150,150,179,192,192,222,222],"floor_reached":28,"language":"ENG","playtime":642,"items_purged":["Strike_P","Strike_P"],"score":348,"play_id":"145a7523-5d3f-4dfc-a1c3-3b64685d65bb","local_time":"20210212042326","is_ascension_mode":true,"campfire_choices":[{"data":"Wish","floor":6,"key":"SMITH"},{"data":"Eruption","floor":8,"key":"SMITH"},{"data":"Vigilance","floor":11,"key":"SMITH"},{"floor":16,"key":"REST"},{"data":"Ragnarok","floor":24,"key":"SMITH"}],"circlet_count":0,"master_deck":["AscendersBane","Strike_P","Strike_P","Defend_P","Defend_P","Defend_P","Eruption+1","Vigilance+1","Wish+1","Evaluate","EmptyBody+1","Ragnarok","Ragnarok+1","Evaluate+1","Blasphemy+1"],"relics":["PureWater","Toxic Egg 2","Pen Nib","Kunai","Oddly Smooth Stone","Potion Belt","Runic Pyramid","Strawberry"],"acts_visited":["Exordium","TheCity"],"potions_floor_usage":[13,28],"damage_taken":[{"damage":0,"enemies":"2 Louse","floor":1,"turns":2},{"damage":0,"enemies":"Jaw Worm","floor":7,"turns":3},{"damage":15,"enemies":"Gremlin Nob","floor":13,"turns":4},{"damage":0,"enemies":"Cultist","floor":14,"turns":2},{"damage":18,"enemies":"Hexaghost","floor":17,"turns":9},{"damage":0,"enemies":"Shell Parasite","floor":19,"turns":2},{"damage":0,"enemies":"Spheric Guardian","floor":22,"turns":3},{"damage":4,"enemies":"Gremlin Leader","floor":25,"turns":3},{"damage":6,"enemies":"Snecko","floor":26,"turns":3},{"damage":100005,"enemies":"Centurion and Healer","floor":28,"turns":5}],"seed_played":"-6131799836676305903","potions_obtained":[{"floor":5,"key":"SpeedPotion"},{"floor":5,"key":"CultistPotion"},{"floor":5,"key":"Ambrosia"},{"floor":13,"key":"DistilledChaos"},{"floor":17,"key":"ColorlessPotion"},{"floor":22,"key":"LiquidBronze"}],"is_trial":false,"path_per_floor":["M","?","?","T","?","R","M","R","T","T","R","$","E","M","$","R","B",null,"M","$","$","M","?","R","E","M","T","M"],"character_chosen":"WATCHER","items_purchased":["Ragnarok","Oddly Smooth Stone"],"campfire_rested":1,"item_purchase_floors":[12,12],"current_hp_per_floor":[65,58,47,47,47,47,47,47,47,47,47,47,32,32,32,53,35,63,63,63,63,63,63,63,66,60,60,0,0],"gold":222,"neow_bonus":"ONE_RANDOM_RARE_CARD","is_daily":false,"chose_seed":false,"campfire_upgraded":4,"win_rate":0.0,"timestamp":1613121806,"path_taken":["M","?","?","?","?","R","M","R","T","T","R","$","E","M","$","R","BOSS","M","?","$","?","?","R","E","M","T","M"],"items_purchased_type":["Card","Relic"],"build_version":"2020-12-22","purchased_purges":2,"victory":false,"max_hp_per_floor":[72,72,72,72,72,72,72,72,72,72,72,72,72,72,72,72,72,72,72,72,72,72,72,72,79,79,79,79,79],"card_choices":[{"not_picked":["Crescendo","WindmillStrike"],"picked":"Evaluate","floor":1},{"not_picked":["Crescendo+1","FlyingSleeves"],"picked":"EmptyBody+1","floor":7},{"not_picked":["Sanctity+1","FlurryOfBlows"],"picked":"Ragnarok","floor":13},{"not_picked":["FlurryOfBlows","TalkToTheHand"],"picked":"Evaluate+1","floor":14},{"not_picked":["Omniscience+1","ConjureBlade+1"],"picked":"Blasphemy+1","floor":17},{"not_picked":["MentalFortress+1","Conclude","FlyingSleeves+1"],"picked":"SKIP","floor":19},{"not_picked":["CutThroughFate","BattleHymn","EmptyBody+1"],"picked":"SKIP","floor":22},{"not_picked":["Wish+1","SashWhip","Establishment"],"picked":"SKIP","floor":25},{"not_picked":["FollowUp","Crescendo+1","Consecrate+1"],"picked":"SKIP","floor":26}],"player_experience":392038,"relics_obtained":[{"floor":4,"key":"Toxic Egg 2"},{"floor":9,"key":"Pen Nib"},{"floor":10,"key":"Kunai"},{"floor":13,"key":"Potion Belt"},{"floor":25,"key":"Strawberry"}],"event_choices":[{"cards_removed":["Defend_P"],"damage_healed":0,"gold_gain":0,"player_choice":"Card Removal","damage_taken":7,"max_hp_gain":0,"max_hp_loss":0,"event_name":"Golden Wing","floor":2,"gold_loss":0},{"damage_healed":0,"gold_gain":75,"player_choice":"Gather Gold","damage_taken":11,"max_hp_gain":0,"max_hp_loss":0,"event_name":"World of Goop","floor":3,"gold_loss":0},{"damage_healed":0,"gold_gain":0,"player_choice":"Got Potions","damage_taken":0,"max_hp_gain":0,"max_hp_loss":0,"event_name":"Lab","floor":5,"gold_loss":0},{"damage_healed":0,"gold_gain":99,"player_choice":"Stole From Cult","damage_taken":0,"max_hp_gain":0,"max_hp_loss":0,"event_name":"Nest","floor":23,"gold_loss":0}],"is_beta":false,"boss_relics":[{"not_picked":["SacredBark","Sozu"],"picked":"Runic Pyramid"}],"items_purged_floors":[15,20],"is_endless":false,"potions_floor_spawned":[13,17,22],"killed_by":"Centurion and Healer","ascension_level":10}}