{"host":"rg29p8m4aqjozpzt","time":1613148504,"event":{"mods":["100% Spire Juice","Aspiration","Bartender","BaseMod","Beaked The Cultist","Better Altar","Better Match","Better Sensory Stone","Better Skull","Better Third Choice","BetterRewards","Chen","Colored Powertips","Conspire","Downfall","Friendly Minions","Hermit","Hubris","JesterMod","Magitek Elite","Minty Spire (QoL Compilation)","Permanent Neow","Prisma Mod","QueenMod","Quick Restart","Relic Filter","Reorder Act Four","Shade Mod","StSLib","SuperFastMode","The Alterego","The Marked","The Runesmith","Unceasing Turn Reminder"],"gold_per_floor":[109,109,109,122,222,222,249,249,249,249,266,294,304,335,335,430,430,446,446,446,53,53,53],"floor_reached":22,"language":"ENG","playtime":1040,"items_purged":["theMarked:Strike"],"score":220,"play_id":"6074e7eb-2474-4e8c-8efd-3c4bcf80e47a","local_time":"20210212174824","is_ascension_mode":true,"campfire_choices":[{"data":"theMarked:SoldierOfQuellstein","floor":6,"key":"SMITH"},{"data":"theMarked:WardOff","floor":8,"key":"SMITH"},{"data":"hubris:Insight","floor":10,"key":"SMITH"},{"data":"theMarked:SuspiciousRaven","floor":15,"key":"SMITH"}],"circlet_count":0,"master_deck":["theMarked:Strike","theMarked:Strike","theMarked:Strike","theMarked:Strike","theMarked:Defend","theMarked:Defend","theMarked:Defend","theMarked:Defend","theMarked:SoldierOfQuellstein+1","theMarked:WardOff+1","theMarked:StartUp+1","hubris:Insight+1","theMarked:SuspiciousRaven+1","theMarked:PowerFlow","theMarked:Electrify","theMarked:Memento","theMarked:Vacuum+1","theMarked:ResourceFulStrike+1","theMarked:EternalStudent","theMarked:Electrify+1"],"relics":["theMarked:ArtifactOfAir","Lee\u0027s Waffle","Lantern","conspire:Boomerang","hubris:Towel","Anchor","conspire:DecoderRing","Molten Egg 2","Guard_Bracelet","Busted Crown","Bloody Idol","Blood Vial","aspiration:RitualStick","conspire:BottledYoYo"],"acts_visited":["Exordium","TheCity"],"potions_floor_usage":[7,12,14,16],"damage_taken":[{"damage":0,"enemies":"Jaw Worm","floor":1,"turns":3},{"damage":0,"enemies":"2 Louse","floor":4,"turns":3},{"damage":16,"enemies":"Gremlin Nob","floor":7,"turns":3},{"damage":0,"enemies":"Small Slimes","floor":11,"turns":2},{"damage":9,"enemies":"3 Sentries","floor":12,"turns":3},{"damage":4,"enemies":"Exordium Thugs","floor":13,"turns":5},{"damage":15,"enemies":"Lagavulin","floor":14,"turns":4},{"damage":2,"enemies":"Slime Boss","floor":16,"turns":5},{"damage":0,"enemies":"conspire:FuzzyDice","floor":18,"turns":4}],"seed_played":"4512213048607832800","potions_obtained":[{"floor":7,"key":"Explosive Potion"},{"floor":12,"key":"Energy Potion"},{"floor":14,"key":"Block Potion"}],"is_trial":false,"path_per_floor":["M","?","?","M","?","R","E","R","T","R","M","E","M","E","R","B",null,"M","?","?","$","?"],"character_chosen":"THE_DEFAULT","items_purchased":["Lee\u0027s Waffle","Lantern","conspire:Boomerang","theMarked:WardOff","theMarked:StartUp","Explosive Potion","Strength Potion","hubris:Insight","conspire:BottledYoYo","Regen Potion","Regen Potion"],"campfire_rested":0,"item_purchase_floors":[0,0,0,0,0,0,0,0,21,21,21],"current_hp_per_floor":[77,77,77,77,77,77,61,61,61,61,61,52,48,33,33,31,77,77,18,3,3,0,0],"gold":53,"neow_bonus":"","is_daily":false,"chose_seed":false,"campfire_upgraded":4,"win_rate":0.0,"timestamp":1613148504,"path_taken":["M","?","?","M","?","R","E","R","T","R","?","E","M","E","R","BOSS","M","?","?","$","?"],"items_purchased_type":["Relic","Relic","Relic","Card","Card","Potion","Potion","Card","Relic","Potion","Potion"],"build_version":"2020-12-22","purchased_purges":1,"victory":false,"max_hp_per_floor":[77,77,77,77,77,77,77,77,77,77,77,77,77,77,77,77,77,77,77,77,77,77,77],"card_choices":[{"not_picked":["theMarked:Overcharge","theMarked:WastefulAttack","theMarked:ChainLightning"],"picked":"SKIP","floor":1},{"not_picked":["theMarked:HeightenedSenses","theMarked:WardOff"],"picked":"theMarked:SuspiciousRaven","floor":4},{"not_picked":["theMarked:Improvise","theMarked:ContemptForTheProud"],"picked":"theMarked:PowerFlow","floor":7},{"not_picked":["theMarked:ChainLightning","theMarked:Reabsorb"],"picked":"theMarked:Electrify","floor":11},{"not_picked":["theMarked:TakeCover","theMarked:Frustration+1"],"picked":"theMarked:Memento","floor":12},{"not_picked":["theMarked:EnhanceMovement","theMarked:ContemptForTheProud+1"],"picked":"theMarked:Vacuum+1","floor":13},{"not_picked":["theMarked:TakeCover","theMarked:Overthink"],"picked":"theMarked:ResourceFulStrike+1","floor":14},{"not_picked":["theMarked:Abjuration+1","theMarked:BindingBlade"],"picked":"theMarked:EternalStudent","floor":16},{"not_picked":[],"picked":"theMarked:Electrify+1","floor":18}],"player_experience":1542300,"relics_obtained":[{"floor":7,"key":"Anchor"},{"floor":9,"key":"conspire:DecoderRing"},{"floor":12,"key":"Molten Egg 2"},{"floor":14,"key":"Guard_Bracelet"}],"event_choices":[{"damage_healed":0,"gold_gain":100,"player_choice":"Pray","damage_taken":0,"max_hp_gain":0,"max_hp_loss":0,"event_name":"Golden Shrine","floor":5,"gold_loss":0},{"damage_healed":0,"gold_gain":0,"player_choice":" Idol Vial ","damage_taken":59,"relics_obtained":["Bloody Idol","Blood Vial"],"max_hp_gain":77,"max_hp_loss":18,"event_name":"betterAltar:BetterAltar","floor":19,"potions_obtained":[],"relics_lost":[],"gold_loss":0}],"is_beta":false,"boss_relics":[{"not_picked":["Runesmith:UraniumAnvil","aspiration:DefectSkillbook"],"picked":"Busted Crown"}],"items_purged_floors":[0],"is_endless":false,"potions_floor_spawned":[7,12,14],"ascension_level":2}}