{"host":"Ringo","time":1613141455,"event":{"mods":["BaseMod","Colored Map","Conspire","Dota2Spire","Hubris","Minty Spire (QoL Compilation)","Replay The Spire","StSLib","The Construct","[IsaacMod]ÒÔÈö¼âËþ","¡¾ÒÅÎï¿¨ÅÆ¡¿REMEMod"],"gold_per_floor":[110,127,127,144,164,489,523,549,549,577,608,404,431,462,462,540,540,552,422,65,77,89,115,150,180,253,281,310,345,370,401,401,478,478,488,488,538,564,159,187,216,242,242,270,286,313,30,63,63,63,63],"floor_reached":52,"language":"ZHS","playtime":1516,"items_purged":[],"score":4111,"play_id":"0b293a4c-c368-474b-aec6-801b3fd6d932","local_time":"20210212225055","daily_mods":["SealedDeck","Vintage","Diverse","Colorless Cards","Heirloom","Time Dilation","Flight","DeadlyEvents","Elite Swarm","Lethality","Binary"],"is_ascension_mode":true,"campfire_choices":[{"data":"Caltrops","floor":15,"key":"SMITH"},{"data":"ReplayTheSpireMod:Private Reserves","floor":32,"key":"SMITH"},{"data":"hubris:DuctTapeCard","floor":49,"key":"SMITH"}],"circlet_count":0,"master_deck":["AscendersBane","Dropkick","Hemokinesis","EmptyBody","ClearTheMind","Hidden Blade","Blade Dance","FollowUp","CrushJoints","Vengeance","Caltrops+1","Die Die Die","ReplayTheSpireMod:Private Reserves+1","Footwork","Backflip","construct:FlakBarrage","hubris:DuctTapeCard+2","Blade Dance","construct:FlameCore","Iron Wave"],"relics":["Burning Blood","Busted Crown","HushsDoor","REME_ComplimentaryCards","replay:Trail_Library","Pocketwatch","Chaos","GuppysTail","ClockworkSouvenir","hubris:Towel","ReplayTheSpireMod:Ninjato","Dota2Spire:EtherealBlade","Old Coin","hubris:CuriousFeather","SatanicBible","Dota2Spire:Mjollnir","Happy Flower","Omamori","hubris:Reverence","FossilizedHelix","hubris:MysteriousPyramids","Dota2Spire:OctarineCore","hubris:CrystalStatue","hubris:GlazedTorus","Dota2Spire:AghanimScepter","Dota2Spire:MonkeyKingBar","Runic Capacitor","construct:FoamFinger","TwistedFunnel","Succubus","JudasShadow","Chameleon Ring","MyShadow","Cracked Core","hubris:BallOfYels","hubris:DuctTape","Lantern","Pet Ghost","TheBean","Sling","Dota2Spire:CrimsonGuard","Kunai","ReplayTheSpireMod:TigerMarble","Replay:Kaleidoscope","Eternal Feather","Turnip","hubris:Stopwatch","ReplayTheSpireMod:Spearhead","TheBible","MagicMushroom"],"acts_visited":["Exordium","TheCity","TheBeyond"],"potions_floor_usage":[27,29,33,50],"damage_taken":[{"damage":2,"enemies":"Jaw Worm","floor":1,"turns":1},{"damage":0,"enemies":"2 Louse","floor":2,"turns":1},{"damage":0,"enemies":"Cultist","floor":4,"turns":1},{"damage":0,"enemies":"2 Fungi Beasts","floor":5,"turns":2},{"damage":0,"enemies":"Gremlin Nob","floor":6,"turns":1},{"damage":0,"enemies":"3 Sentries","floor":7,"turns":2},{"damage":0,"enemies":"Lagavulin","floor":8,"turns":2},{"damage":0,"enemies":"Gremlin Nob","floor":10,"turns":1},{"damage":0,"enemies":"Replay:BlueRogue","floor":11,"turns":1},{"damage":0,"enemies":"Gremlin Nob","floor":13,"turns":2},{"damage":0,"enemies":"Lagavulin","floor":14,"turns":2},{"damage":0,"enemies":"Slime Boss","floor":16,"turns":2},{"damage":0,"enemies":"2 Thieves","floor":18,"turns":1},{"damage":0,"enemies":"Shell Parasite","floor":21,"turns":1},{"damage":0,"enemies":"Centurion and Healer","floor":22,"turns":2},{"damage":0,"enemies":"Book of Stabbing","floor":23,"turns":1},{"damage":0,"enemies":"Slavers","floor":24,"turns":1},{"damage":0,"enemies":"REME_1_Revenger","floor":25,"turns":1},{"damage":0,"enemies":"Slavers","floor":27,"turns":1},{"damage":0,"enemies":"REME_1_Revenger","floor":28,"turns":1},{"damage":0,"enemies":"Slavers","floor":29,"turns":1},{"damage":0,"enemies":"REME_1_Revenger","floor":30,"turns":1},{"damage":0,"enemies":"conspire:Head Lice","floor":31,"turns":1},{"damage":0,"enemies":"hubris:MusketHawk","floor":33,"turns":1},{"damage":0,"enemies":"3 Darklings","floor":35,"turns":1},{"damage":0,"enemies":"Hiden Room Battle","floor":37,"turns":1},{"damage":0,"enemies":"Nemesis","floor":38,"turns":1},{"damage":0,"enemies":"R_Hoarder","floor":40,"turns":1},{"damage":0,"enemies":"Nemesis","floor":41,"turns":1},{"damage":0,"enemies":"R_Hoarder","floor":42,"turns":2},{"damage":0,"enemies":"Giant Head","floor":44,"turns":1},{"damage":0,"enemies":"3 Shapes","floor":45,"turns":1},{"damage":0,"enemies":"R_Hoarder","floor":46,"turns":1},{"damage":0,"enemies":"Reptomancer","floor":48,"turns":1},{"damage":0,"enemies":"Time Eater","floor":50,"turns":2},{"damage":0,"enemies":"Donu and Deca","floor":51,"turns":2}],"seed_played":"6151511588456349838","potions_obtained":[{"floor":2,"key":"Dexterity Potion"},{"floor":4,"key":"Swift Potion"},{"floor":27,"key":"PowerPotion"},{"floor":29,"key":"Ancient Potion"},{"floor":31,"key":"Adrenaline Potion"},{"floor":37,"key":"Doom Potion"},{"floor":44,"key":"Fire Potion"}],"is_trial":true,"path_per_floor":["M","M","?","M","M","E","E","E","T","E","E","$","E","E","R","B",null,"M","$","$","M","M","E","E","E","T","E","E","E","E","E","R","B",null,"M","?","?","E","$","E","E","E","T","E","M","E","$","E","R","B","B",null],"character_chosen":"IRONCLAD","items_purchased":["Caltrops","Die Die Die","ReplayTheSpireMod:Private Reserves","Footwork","Backflip","hubris:CrystalStatue","construct:FlakBarrage","hubris:DuctTape","Dota2Spire:CrimsonGuard","construct:FlameCore","Iron Wave","TheBible"],"campfire_rested":0,"item_purchase_floors":[12,12,17,19,19,20,20,34,39,39,39,47],"current_hp_per_floor":[72,75,75,75,75,75,75,75,75,75,75,75,75,75,75,75,73,73,73,73,73,73,73,73,73,73,73,73,73,73,73,73,73,65,65,65,56,62,62,65,65,65,65,65,65,65,65,72,72,72,72],"gold":63,"neow_bonus":"","is_daily":false,"chose_seed":false,"campfire_upgraded":3,"win_rate":0.0,"timestamp":1613141455,"path_taken":["M","M","?","M","M","E","E","E","T","E","E","$","E","E","R","BOSS","M","?","$","M","M","E","E","E","T","E","E","E","E","E","R","BOSS","M","?","?","?","$","E","E","E","T","E","M","E","?","E","R","BOSS","BOSS"],"items_purchased_type":["Card","Card","Card","Card","Card","Relic","Card","Relic","Relic","Card","Card","Relic"],"build_version":"2020-12-18","purchased_purges":0,"victory":true,"max_hp_per_floor":[75,75,75,75,75,75,75,75,75,75,75,75,75,75,75,75,73,73,73,73,73,73,73,73,73,73,73,73,73,73,73,73,73,65,65,65,65,65,65,65,65,65,65,65,65,65,65,72,72,72,72],"card_choices":[],"player_experience":682608,"relics_obtained":[{"floor":1,"key":"GuppysTail"},{"floor":2,"key":"ClockworkSouvenir"},{"floor":4,"key":"ReplayTheSpireMod:Ninjato"},{"floor":5,"key":"Dota2Spire:EtherealBlade"},{"floor":6,"key":"Old Coin"},{"floor":7,"key":"hubris:CuriousFeather"},{"floor":8,"key":"SatanicBible"},{"floor":9,"key":"Dota2Spire:Mjollnir"},{"floor":10,"key":"Happy Flower"},{"floor":11,"key":"Omamori"},{"floor":13,"key":"hubris:Reverence"},{"floor":14,"key":"FossilizedHelix"},{"floor":18,"key":"Dota2Spire:OctarineCore"},{"floor":21,"key":"hubris:GlazedTorus"},{"floor":22,"key":"Dota2Spire:AghanimScepter"},{"floor":23,"key":"Dota2Spire:MonkeyKingBar"},{"floor":24,"key":"Runic Capacitor"},{"floor":25,"key":"construct:FoamFinger"},{"floor":26,"key":"TwistedFunnel"},{"floor":27,"key":"Succubus"},{"floor":28,"key":"JudasShadow"},{"floor":29,"key":"Chameleon Ring"},{"floor":30,"key":"MyShadow"},{"floor":31,"key":"Cracked Core"},{"floor":35,"key":"Lantern"},{"floor":37,"key":"Pet Ghost"},{"floor":37,"key":"TheBean"},{"floor":38,"key":"Sling"},{"floor":40,"key":"Kunai"},{"floor":41,"key":"ReplayTheSpireMod:TigerMarble"},{"floor":42,"key":"Replay:Kaleidoscope"},{"floor":43,"key":"Eternal Feather"},{"floor":44,"key":"Turnip"},{"floor":45,"key":"hubris:Stopwatch"},{"floor":46,"key":"ReplayTheSpireMod:Spearhead"},{"floor":48,"key":"MagicMushroom"}],"event_choices":[{"damage_healed":0,"gold_gain":0,"player_choice":"Fight","damage_taken":0,"max_hp_gain":0,"max_hp_loss":0,"event_name":"HidenRoomEvent","floor":37,"gold_loss":0}],"is_beta":true,"boss_relics":[{"not_picked":["SalivaCoin","Replay:Bottled Flurry"],"picked":"hubris:MysteriousPyramids"},{"not_picked":[]},{"not_picked":["Snack Pack","Ninja Scroll"],"picked":"hubris:BallOfYels"},{"not_picked":[]}],"items_purged_floors":[],"is_endless":false,"potions_floor_spawned":[2,4,5,7,10,14,16,22,23,24,27,29,31,37,38,40,44,46],"ascension_level":20}}