{"host":"d61fcf2p3sjwe6yo","time":1613130993,"event":{"mods":["Act Like it!","BaseMod","Colored Map","Hallownest","Minty Spire (QoL Compilation)","StSLib","SuperFastMode","The Bug Knight"],"gold_per_floor":[359,359,379,79,92,92,119,119,119,119,119,129,156,176,176,176,176],"floor_reached":16,"language":"ENG","playtime":1044,"items_purged":[],"score":200,"play_id":"02c4332f-689d-4302-9795-c4be6eda9038","local_time":"20210212145632","is_ascension_mode":true,"campfire_choices":[{"data":"HollowMod:RecoilStrike","floor":6,"key":"SMITH"},{"data":"HollowMod:NewLastStag","floor":8,"key":"SMITH"},{"data":"HollowMod:DescendingDark","floor":10,"key":"SMITH"},{"data":"HollowMod:WraithStrike","floor":15,"key":"SMITH"}],"circlet_count":0,"master_deck":["AscendersBane","HollowMod:NailStrikeStart","HollowMod:NailStrikeStart","HollowMod:NailStrikeStart","HollowMod:NailStrikeStart","HollowMod:QuickDashStart","HollowMod:QuickDashStart","HollowMod:QuickDashStart","HollowMod:QuickDashStart","HollowMod:FocusHealStart+1","HollowMod:PogoStrike","HollowMod:RecoilStrike+1","HollowMod:NewLastStag+1","HollowMod:AbyssShriek","HollowMod:DescendingDark+1","HollowMod:DescendingDark","HollowMod:MantisMark","HollowMod:WraithStrike+1"],"relics":["HollowMod:VesselMask","Hallownest:DreamNailRelic","Meat on the Bone","HollowMod:PaleOreRelic","Ornamental Fan"],"acts_visited":["Hallownest:Greenpath"],"potions_floor_usage":[7,7],"damage_taken":[{"damage":0,"enemies":"2_ Uuma","floor":1,"turns":6},{"damage":4,"enemies":"Hallownest:monsterHuskGuard","floor":3,"turns":4},{"damage":5,"enemies":"Hallownest:2_Baldur","floor":5,"turns":6},{"damage":23,"enemies":"Hallownest:eliteMossKnight","floor":7,"turns":17},{"damage":18,"enemies":"Hallownest:Guard_and_Warrior","floor":12,"turns":5},{"damage":37,"enemies":"Hallownest:eliteCrystalGuardian","floor":13,"turns":4},{"damage":0,"enemies":"Hallownest:Wandering_and_Horned","floor":14,"turns":4},{"damage":55,"enemies":"Hallownest:BossHornet","floor":16,"turns":6}],"seed_played":"-8976413168538090281","potions_obtained":[{"floor":1,"key":"Weak Potion"},{"floor":5,"key":"Swift Potion"},{"floor":13,"key":"LiquidMemories"}],"is_trial":false,"path_per_floor":["M","?","M","?","M","R","E","R","T","R","?","M","E","M","R","B"],"character_chosen":"THE_BUGKNIGHT","items_purchased":[],"campfire_rested":0,"item_purchase_floors":[],"current_hp_per_floor":[62,62,64,64,69,69,56,56,56,56,56,50,31,49,49,0,0],"gold":176,"neow_bonus":"TWO_FIFTY_GOLD","is_daily":false,"chose_seed":false,"campfire_upgraded":4,"win_rate":0.0,"timestamp":1613130992,"path_taken":["M","?","?","?","M","R","E","R","T","R","?","?","E","M","R","BOSS"],"items_purchased_type":[],"build_version":"2020-12-22","purchased_purges":0,"victory":false,"max_hp_per_floor":[75,75,75,75,75,75,75,75,75,75,75,75,75,75,75,75,75],"card_choices":[{"not_picked":["HollowMod:SoulEater","HollowMod:InfectedAttack"],"picked":"HollowMod:RecoilStrike","floor":1},{"not_picked":["HollowMod:MothsMistake","HollowMod:CornifersMapStart","HollowMod:CrystalDash"],"picked":"SKIP","floor":3},{"not_picked":["HollowMod:Grubsong","HollowMod:TaintedHusks"],"picked":"HollowMod:AbyssShriek","floor":5},{"not_picked":["HollowMod:PaleKingsBlessing","HollowMod:NewInfectedGuardian"],"picked":"HollowMod:DescendingDark","floor":7},{"not_picked":["HollowMod:SoulVessel","HollowMod:InfectedCysts"],"picked":"HollowMod:DescendingDark","floor":12},{"not_picked":["HollowMod:PureVessel","HollowMod:SiblingsSouls"],"picked":"HollowMod:MantisMark","floor":13},{"not_picked":["HollowMod:SharpenedNail","HollowMod:TaintedHusks"],"picked":"HollowMod:WraithStrike","floor":14}],"player_experience":272072,"relics_obtained":[{"floor":7,"key":"Meat on the Bone"},{"floor":9,"key":"HollowMod:PaleOreRelic"},{"floor":13,"key":"Ornamental Fan"}],"event_choices":[],"is_beta":false,"boss_relics":[],"items_purged_floors":[],"is_endless":false,"potions_floor_spawned":[1,5,13],"killed_by":"Hallownest:BossHornet","ascension_level":20}}