{"host":"pdq28s6637cpsst2","time":1613108556,"event":{"mods":["BaseMod","Colored Map","Highlight Path","Minty Spire (QoL Compilation)","Permanent Neow","Quick Restart"],"gold_per_floor":[110,128,128,144,154,154,188,188,188,188,188,202,232,242,242,344,344,357,357,206,206,218,218,247,247,247,147,175,175,195,195,195,290,290,305,180,180,227,246,246,265,294,317,317,332,332,350,0,0,0,0,0,0,26,26],"floor_reached":56,"language":"ENG","playtime":5294,"items_purged":["Meteor Strike","Gash","Dualcast"],"score":1283,"play_id":"71958dda-6a00-449a-b8d7-9338ec476f4a","local_time":"20210212004236","is_ascension_mode":true,"campfire_choices":[{"data":"Capacitor","floor":6.0,"key":"SMITH"},{"floor":10.0,"key":"REST"},{"floor":15.0,"key":"REST"},{"data":"Machine Learning","floor":23.0,"key":"SMITH"},{"floor":29.0,"key":"REST"},{"data":"Coolheaded","floor":32.0,"key":"SMITH"},{"data":"Barrage","floor":40.0,"key":"SMITH"},{"data":"Buffer","floor":44.0,"key":"SMITH"},{"data":"Barrage","floor":46.0,"key":"SMITH"},{"floor":49.0,"key":"RECALL"},{"data":"Go for the Eyes","floor":52.0,"key":"SMITH"}],"circlet_count":0,"master_deck":["Zap","Capacitor+1","Streamline","Cold Snap+1","Self Repair","Ball Lightning","Reboot","Barrage","Machine Learning+1","Electrodynamics","Go for the Eyes+1","Storm","Buffer+1","Coolheaded+1","Loop","Barrage+1","Barrage+1","Hologram+1","Heatsinks+1","Force Field","BootSequence","Force Field+1"],"relics":["Sozu","Bird Faced Urn","FossilizedHelix","Ice Cream","Pandora\u0027s Box","Bag of Marbles","Mercury Hourglass","Bottled Tornado","Inserter","TungstenRod","Lantern","Red Mask","Lizard Tail"],"acts_visited":["Exordium","TheCity","TheBeyond","TheEnding"],"potions_floor_usage":[],"damage_taken":[{"damage":0.0,"enemies":"Cultist","floor":1.0,"turns":3.0},{"damage":4.0,"enemies":"Small Slimes","floor":2.0,"turns":4.0},{"damage":2.0,"enemies":"Jaw Worm","floor":4.0,"turns":3.0},{"damage":20.0,"enemies":"Large Slime","floor":5.0,"turns":7.0},{"damage":36.0,"enemies":"Lagavulin","floor":7.0,"turns":8.0},{"damage":8.0,"enemies":"3 Louse","floor":12.0,"turns":3.0},{"damage":11.0,"enemies":"3 Sentries","floor":13.0,"turns":5.0},{"damage":0.0,"enemies":"Looter","floor":14.0,"turns":3.0},{"damage":15.0,"enemies":"The Guardian","floor":16.0,"turns":8.0},{"damage":17.0,"enemies":"3 Byrds","floor":18.0,"turns":3.0},{"damage":6.0,"enemies":"Chosen","floor":22.0,"turns":4.0},{"damage":30.0,"enemies":"Gremlin Leader","floor":24.0,"turns":5.0},{"damage":53.0,"enemies":"Book of Stabbing","floor":28.0,"turns":4.0},{"damage":0.0,"enemies":"Snecko","floor":30.0,"turns":4.0},{"damage":33.0,"enemies":"Champ","floor":33.0,"turns":9.0},{"damage":9.0,"enemies":"3 Shapes","floor":35.0,"turns":3.0},{"damage":39.0,"enemies":"2 Orb Walkers","floor":38.0,"turns":3.0},{"damage":9.0,"enemies":"Orb Walker","floor":39.0,"turns":4.0},{"damage":17.0,"enemies":"Transient","floor":41.0,"turns":5.0},{"damage":30.0,"enemies":"Reptomancer","floor":42.0,"turns":6.0},{"damage":8.0,"enemies":"3 Darklings","floor":45.0,"turns":4.0},{"damage":0.0,"enemies":"Maw","floor":47.0,"turns":6.0},{"damage":26.0,"enemies":"Donu and Deca","floor":50.0,"turns":6.0},{"damage":62.0,"enemies":"Shield and Spear","floor":54.0,"turns":5.0},{"damage":53,"enemies":"The Heart","floor":55,"turns":9}],"seed_played":"-244205042377540070","potions_obtained":[],"is_trial":false,"path_per_floor":["M","M","?","M","M","R","E","?","T","R","?","M","E","M","R","B",null,"M","?","$","?","M","R","E","?","T","$","E","R","M","?","R","B",null,"M","$","?","?","M","R","M","E","T","R","M","R","M","?","R","B",null,"R","$","E","B",null],"character_chosen":"DEFECT","items_purchased":["Loop"],"campfire_rested":3,"item_purchase_floors":[20],"current_hp_per_floor":[75,71,71,69,49,49,20,5,5,27,20,23,23,34,56,54,75,69,55,55,55,68,68,59,59,59,59,25,49,57,57,57,45,80,80,80,76,48,56,56,60,51,51,51,66,66,76,76,76,59,76,76,76,27,35],"gold":26,"neow_bonus":"BOSS_RELIC","is_daily":false,"chose_seed":false,"campfire_upgraded":7,"win_rate":0.0,"timestamp":1613108556,"path_taken":["M","?","?","?","M","R","E","?","T","R","?","M","E","M","R","BOSS","M","?","$","?","M","R","E","?","T","?","E","R","?","?","R","BOSS","M","$","?","?","M","R","M","E","T","R","M","R","M","?","R","BOSS","R","$","E","BOSS"],"items_purchased_type":["Card"],"build_version":"2020-12-22","purchased_purges":3,"victory":true,"max_hp_per_floor":[75,75,75,75,75,75,75,75,75,75,75,75,75,75,75,75,75,75,80,80,80,80,80,80,80,80,80,80,80,80,80,80,80,80,80,80,76,76,76,76,76,76,76,76,76,76,76,76,76,76,76,76,76,76,76],"card_choices":[{"not_picked":["Double Energy","Heatsinks"],"picked":"Capacitor","floor":1.0},{"not_picked":["Auto Shields","Capacitor","Gash"],"picked":"SKIP","floor":2.0},{"not_picked":["Auto Shields","Beam Cell"],"picked":"Cold Snap","floor":4.0},{"not_picked":["Reprogram","Turbo"],"picked":"Self Repair","floor":5.0},{"not_picked":["Streamline","Conserve Battery"],"picked":"Ball Lightning","floor":7.0},{"not_picked":["Rebound","Conserve Battery"],"picked":"Reboot","floor":12.0},{"not_picked":["Hello World","Ball Lightning"],"picked":"Barrage","floor":13.0},{"not_picked":["Storm","Chill"],"picked":"Machine Learning","floor":14.0},{"not_picked":["Stack","Sweeping Beam"],"picked":"Coolheaded","floor":18.0},{"not_picked":["Beam Cell","Steam"],"picked":"Barrage","floor":22.0},{"not_picked":["Leap","Hyperbeam","Consume"],"picked":"SKIP","floor":24.0},{"not_picked":["Electrodynamics","Reinforced Body"],"picked":"Hologram+1","floor":28.0},{"not_picked":["Redo","Fusion"],"picked":"Heatsinks+1","floor":30.0},{"not_picked":["Ball Lightning","Self Repair+1","Chaos+1"],"picked":"SKIP","floor":35.0},{"not_picked":["Compile Driver","Consume"],"picked":"Force Field","floor":38.0},{"not_picked":["Leap","Double Energy"],"picked":"BootSequence","floor":39.0},{"not_picked":["Rebound+1","BootSequence","Heatsinks"],"picked":"SKIP","floor":41.0},{"not_picked":["Streamline+1","Reinforced Body+1","Cold Snap"],"picked":"SKIP","floor":42.0},{"not_picked":["Genetic Algorithm","Redo","Coolheaded+1"],"picked":"SKIP","floor":45.0},{"not_picked":["Reinforced Body","Steam","Coolheaded+1"],"picked":"SKIP","floor":47.0},{"not_picked":["Turbo","Meteor Strike"],"picked":"Force Field+1","floor":54.0}],"player_experience":157310,"relics_obtained":[{"floor":7.0,"key":"Bird Faced Urn"},{"floor":9.0,"key":"FossilizedHelix"},{"floor":13.0,"key":"Ice Cream"},{"floor":24.0,"key":"Bag of Marbles"},{"floor":26.0,"key":"Mercury Hourglass"},{"floor":28.0,"key":"Bottled Tornado"},{"floor":38.0,"key":"TungstenRod"},{"floor":42.0,"key":"Lantern"},{"floor":54.0,"key":"Lizard Tail"}],"event_choices":[{"damage_healed":0.0,"max_hp_gain":0.0,"max_hp_loss":0.0,"gold_gain":0.0,"event_name":"Match and Keep!","player_choice":"1 cards matched","floor":3.0,"gold_loss":0.0,"damage_taken":0.0,"cards_obtained":["Streamline"]},{"damage_healed":0.0,"max_hp_gain":0.0,"max_hp_loss":0.0,"gold_gain":0.0,"event_name":"Shining Light","player_choice":"Entered Light","floor":8.0,"gold_loss":0.0,"damage_taken":15.0,"cards_upgraded":["Strike_B","Cold Snap"]},{"cards_removed":["Strike_B"],"damage_healed":0.0,"max_hp_gain":0.0,"max_hp_loss":0.0,"gold_gain":0.0,"event_name":"Golden Wing","player_choice":"Card Removal","floor":11.0,"gold_loss":0.0,"damage_taken":7.0},{"damage_healed":0.0,"max_hp_gain":5.0,"max_hp_loss":0.0,"gold_gain":0.0,"event_name":"Forgotten Altar","player_choice":"Shed Blood","floor":19.0,"gold_loss":0.0,"damage_taken":19.0},{"damage_healed":0.0,"max_hp_gain":0.0,"max_hp_loss":0.0,"gold_gain":0.0,"event_name":"Ghosts","player_choice":"Ignored","floor":21.0,"gold_loss":0.0,"damage_taken":0.0},{"damage_healed":0.0,"max_hp_gain":0.0,"max_hp_loss":0.0,"gold_gain":0.0,"event_name":"The Library","player_choice":"Read","floor":25.0,"gold_loss":0.0,"damage_taken":0.0,"cards_obtained":["Barrage"]},{"cards_removed":["Stack"],"damage_healed":0.0,"max_hp_gain":0.0,"max_hp_loss":0.0,"gold_gain":0.0,"event_name":"Back to Basics","player_choice":"Elegance","floor":31.0,"gold_loss":0.0,"damage_taken":0.0},{"damage_healed":0.0,"max_hp_gain":0.0,"max_hp_loss":4.0,"gold_gain":0.0,"event_name":"Winding Halls","player_choice":"Max HP","floor":37.0,"gold_loss":0.0,"damage_taken":0.0},{"damage_healed":0.0,"max_hp_gain":0.0,"max_hp_loss":0.0,"gold_gain":0.0,"event_name":"Mysterious Sphere","player_choice":"Fight","floor":38.0,"gold_loss":0.0,"damage_taken":0.0},{"damage_healed":0.0,"max_hp_gain":0.0,"max_hp_loss":0.0,"gold_gain":0.0,"event_name":"Tomb of Lord Red Mask","player_choice":"Paid","floor":48.0,"gold_loss":350.0,"damage_taken":0.0,"relics_obtained":["Red Mask"]}],"is_beta":false,"boss_relics":[{"not_picked":["Astrolabe","Fusion Hammer"],"picked":"Pandora\u0027s Box"},{"not_picked":["Calling Bell","Velvet Choker"],"picked":"Inserter"}],"items_purged_floors":[20,27,36],"is_endless":false,"potions_floor_spawned":[1,5,12,14,16,18,24,33,35,38,47,54],"ascension_level":3}}