{"host":"clf2hd4adhiiw0zf","time":1613166350,"event":{"mods":["AchievementEnabler","BaseMod","Beaked The Cultist","Bestiary","Dark Map","Downfall","Gremlin Mod","Hermit","Jorbs\u0027s Wanderer Trilogy","Marisa????????","Minty Spire (QoL Compilation)","Shop Mod","StSLib","The Cursed","The Servant 0.9.4","Wide Potions"],"gold_per_floor":[99,112,212,212,231,251,251,285,285,285,285,322,12,12,30,30,30,30],"floor_reached":16,"language":"ENG","playtime":739,"items_purged":["Pain"],"score":140,"play_id":"8e8b2316-6e53-44a0-bd3d-f28f4ed5621e","local_time":"20210212144550","is_ascension_mode":true,"campfire_choices":[{"data":"The Bomb","floor":1.0,"key":"SMITH"},{"floor":10,"key":"RECALL"}],"circlet_count":0,"master_deck":["champ:Strike","champ:Strike","champ:Strike","champ:Strike","champ:Defend","champ:Defend","champ:Defend","champ:Defend","champ:Execute","champ:Taunt","The Bomb+1","champ:Endure","champ:BerserkerStyle","champ:Backstep","champ:IronFortress","champ:GladiatorForm","Parasite","Regret","champ:MurderStrike","champ:PreciseThrust","champ:UltimateStance","champ:ShieldWall","champ:DeathBlow"],"relics":["champ:ChampionCrown","Champion Belt","WarpedTongs","Bird Faced Urn","White Beast Statue","MawBank","Art of War"],"acts_visited":["Exordium"],"potions_floor_usage":[8,12,12,15,16],"damage_taken":[{"damage":13.0,"enemies":"Cultist","floor":2.0,"turns":4.0},{"damage":8.0,"enemies":"Cultist","floor":3.0,"turns":3.0},{"damage":27.0,"enemies":"Small Slimes","floor":5.0,"turns":3.0},{"damage":16.0,"enemies":"2 Louse","floor":6.0,"turns":3.0},{"damage":1,"enemies":"Gremlin Nob","floor":8,"turns":3},{"damage":46,"enemies":"3 Sentries","floor":12,"turns":5},{"damage":16,"enemies":"downfall:FleeingMerchant","floor":13,"turns":4},{"damage":4,"enemies":"Blue Slaver","floor":15,"turns":3},{"damage":11,"enemies":"DF_ARCHETYPE_STREAMLINE","floor":16,"turns":3}],"seed_played":"465661062859213365","potions_obtained":[{"floor":5.0,"key":"EntropicBrew"},{"floor":6.0,"key":"hexamod:SoulburnPotion"},{"floor":12,"key":"SpeedPotion"},{"floor":15,"key":"hexamod:SoulburnPotion"}],"is_trial":false,"path_per_floor":["R","M","?","?","M","M","T","E","?","R","?","E","$","?","M","B"],"character_chosen":"THE_CHAMP","items_purchased":["champ:UltimateStance","champ:ShieldWall"],"campfire_rested":0,"item_purchase_floors":[13,13],"current_hp_per_floor":[57,54,46,46,34,18,18,17,39,39,39,8,3,3,4,0,0,0],"gold":30,"neow_bonus":"RANDOM_COLORLESS_2","is_daily":false,"chose_seed":false,"campfire_upgraded":1,"win_rate":0.0,"timestamp":1613166350,"path_taken":["R","M","?","?","M","?","T","E","?","R","?","E","$","?","M","BOSS"],"items_purchased_type":["Card","Card"],"build_version":"2020-12-22","purchased_purges":1,"victory":false,"max_hp_per_floor":[90,90,90,90,90,90,90,90,90,90,90,90,90,90,90,90,90,90],"card_choices":[{"not_picked":["Thinking Ahead","Secret Weapon"],"picked":"The Bomb","floor":0.0},{"not_picked":["champ:GutPunch","champ:Haymaker"],"picked":"champ:Endure","floor":2.0},{"not_picked":["champ:BringItOn","champ:CrownThrow"],"picked":"champ:BerserkerStyle","floor":3.0},{"not_picked":["champ:GutPunch","champ:RisingSlash"],"picked":"champ:Backstep","floor":5.0},{"not_picked":["champ:ShieldSigil","champ:PerfectedStrike"],"picked":"champ:IronFortress","floor":6.0},{"not_picked":["champ:HeavySlash","champ:BladeFlurry"],"picked":"champ:GladiatorForm","floor":8},{"not_picked":["champ:BerserkersShout","champ:PerfectedStrike"],"picked":"champ:MurderStrike","floor":12},{"not_picked":["champ:BringItOn","champ:EnGarde"],"picked":"champ:PreciseThrust","floor":13},{"not_picked":["champ:Shatter","champ:PreciseThrust"],"picked":"champ:DeathBlow","floor":15}],"player_experience":247018,"relics_obtained":[{"floor":3.0,"key":"Champion Belt"},{"floor":7.0,"key":"Bird Faced Urn"},{"floor":8,"key":"White Beast Statue"},{"floor":12,"key":"Art of War"}],"event_choices":[{"damage_healed":0.0,"max_hp_gain":0.0,"max_hp_loss":0.0,"gold_gain":0.0,"event_name":"Accursed Blacksmith","player_choice":"Rummage","floor":4.0,"gold_loss":0.0,"damage_taken":0.0,"relics_obtained":["WarpedTongs"],"cards_obtained":["Pain"]},{"damage_healed":22,"gold_gain":0,"player_choice":"Healed and dodged fight","damage_taken":0,"max_hp_gain":0,"max_hp_loss":0,"event_name":"Mushrooms","floor":9,"gold_loss":0,"cards_obtained":["Parasite"]},{"damage_healed":0,"gold_gain":0,"player_choice":"Box","damage_taken":0,"relics_obtained":["MawBank"],"max_hp_gain":0,"max_hp_loss":0,"event_name":"Big Fish","floor":11,"gold_loss":0,"cards_obtained":["Regret"]},{"damage_healed":0,"gold_gain":0,"player_choice":"Fled","damage_taken":0,"max_hp_gain":0,"max_hp_loss":0,"event_name":"Scrap Ooze","floor":14,"gold_loss":0}],"is_beta":false,"boss_relics":[],"items_purged_floors":[13],"is_endless":false,"potions_floor_spawned":[5,6,12,13,15],"killed_by":"DF_ARCHETYPE_STREAMLINE","ascension_level":6}}