{"host":"rhakyh2m1vy6smuu","time":1613106584,"event":{"mods":["BaseMod","Minty Spire (QoL Compilation)","StSLib","The Cursed"],"gold_per_floor":[10,29,29,29,42,42,82,82,131,151,234,60,60,85,85,85,85],"floor_reached":16,"language":"ENG","playtime":927,"items_purged":[],"score":180,"play_id":"8bf671b2-b6f8-4495-9efd-8120988b8a2f","local_time":"20210211220944","is_ascension_mode":true,"campfire_choices":[{"data":"TheCursedMod:DoubleShield","floor":6,"key":"SMITH"},{"data":"TheCursedMod:CursedMace","floor":8,"key":"SMITH"},{"data":"TheCursedMod:DarkBarrier","floor":13,"key":"SMITH"},{"floor":15,"key":"REST"}],"circlet_count":0,"master_deck":["TheCursedMod:Strike_TheCursed","TheCursedMod:Strike_TheCursed","TheCursedMod:Strike_TheCursed","TheCursedMod:Defend_TheCursed","TheCursedMod:Defend_TheCursed","TheCursedMod:Defend_TheCursed","TheCursedMod:CursedWand","TheCursedMod:CleanUpWorkshop","TheCursedMod:Dregs","TheCursedMod:CursedMace+1","TheCursedMod:FuryStrike","TheCursedMod:Torture","TheCursedMod:Stigma","Injury","TheCursedMod:DoubleShield+1","TheCursedMod:SurpriseAttack","TheCursedMod:DarkBarrier+1","TheCursedMod:CircleOfCorruption","TheCursedMod:SpitefulPlan","TheCursedMod:SpitefulPray"],"relics":["TheCursedMod:BlackMagic101","Golden Idol","Orichalcum","Nunchaku","CeramicFish","HandDrill"],"acts_visited":["Exordium"],"potions_floor_usage":[7],"damage_taken":[{"damage":4,"enemies":"Jaw Worm","floor":1,"turns":3},{"damage":0,"enemies":"Small Slimes","floor":2,"turns":3},{"damage":1,"enemies":"Cultist","floor":5,"turns":3},{"damage":32,"enemies":"Lagavulin","floor":7,"turns":6},{"damage":0,"enemies":"Large Slime","floor":10,"turns":4},{"damage":10,"enemies":"Gremlin Nob","floor":11,"turns":3},{"damage":11,"enemies":"Exordium Wildlife","floor":14,"turns":4}],"seed_played":"5645245290034305244","potions_obtained":[{"floor":4,"key":"LiquidBronze"},{"floor":4,"key":"TheCursedMod:DregsPotion"},{"floor":4,"key":"Fire Potion"},{"floor":7,"key":"Explosive Potion"}],"is_trial":false,"path_per_floor":["M","M","?","?","M","R","E","R","T","M","?","$","R","M","R","B"],"character_chosen":"THE_CURSED","items_purchased":["TheCursedMod:SpitefulPlan","HandDrill"],"campfire_rested":1,"item_purchase_floors":[12,12],"current_hp_per_floor":[71,71,71,71,70,70,38,38,38,38,28,28,28,17,39,0,0],"gold":85,"neow_bonus":"TRANSFORM_TWO_CARDS","is_daily":false,"chose_seed":false,"campfire_upgraded":3,"win_rate":0.0,"timestamp":1613106584,"path_taken":["M","M","?","?","?","R","E","R","T","M","?","?","R","?","R","BOSS"],"items_purchased_type":["Card","Relic"],"build_version":"2020-12-22","purchased_purges":0,"victory":false,"max_hp_per_floor":[75,75,75,75,75,75,75,75,75,75,75,75,75,75,75,75,75],"card_choices":[{"not_picked":["TheCursedMod:Wield","TheCursedMod:CircleOfFocus"],"picked":"TheCursedMod:Torture","floor":1},{"not_picked":["TheCursedMod:SmokeScreen","TheCursedMod:Stretching"],"picked":"TheCursedMod:Stigma","floor":2},{"not_picked":["TheCursedMod:CircleOfFlame","TheCursedMod:Stigma"],"picked":"TheCursedMod:DoubleShield","floor":5},{"not_picked":["TheCursedMod:Stigma","TheCursedMod:PrepareRite"],"picked":"TheCursedMod:SurpriseAttack","floor":7},{"not_picked":["TheCursedMod:SmokeScreen","TheCursedMod:FleshFromBone"],"picked":"TheCursedMod:DarkBarrier","floor":10},{"not_picked":["TheCursedMod:CircleOfFlame","TheCursedMod:AshesToAshes"],"picked":"TheCursedMod:CircleOfCorruption","floor":11},{"not_picked":["TheCursedMod:SpreadPlague","TheCursedMod:SurpriseAttack"],"picked":"TheCursedMod:SpitefulPray","floor":14}],"player_experience":1561054,"relics_obtained":[{"floor":7,"key":"Orichalcum"},{"floor":9,"key":"Nunchaku"}],"event_choices":[{"damage_healed":0,"gold_gain":0,"player_choice":"Take Wound","damage_taken":0,"relics_obtained":["Golden Idol"],"max_hp_gain":0,"max_hp_loss":0,"event_name":"Golden Idol","floor":3,"gold_loss":0,"cards_obtained":["Injury"]},{"damage_healed":0,"gold_gain":0,"player_choice":"Got Potions","damage_taken":0,"max_hp_gain":0,"max_hp_loss":0,"event_name":"Lab","floor":4,"gold_loss":0},{"damage_healed":0,"gold_gain":0,"player_choice":"Searched \u00272\u0027 times","damage_taken":0,"relics_obtained":["CeramicFish"],"max_hp_gain":0,"max_hp_loss":0,"event_name":"Dead Adventurer","floor":11,"gold_loss":0}],"is_beta":false,"boss_relics":[],"items_purged_floors":[],"is_endless":false,"potions_floor_spawned":[5,7],"killed_by":"The Guardian","ascension_level":4}}