{"host":"2smcgt1ki1qcud40","time":1613147495,"event":{"mods":["BaseMod","Minty Spire (QoL Compilation)"],"gold_per_floor":[114,134,134,147,160,192,192,203,203,203,203,236,236,255,255,328,328,343,258,274,292,292,292,322,322,348,374,24,123,48,79,79,154,154,171,171,171,184,198,224,237,262,288,315,350,350,61,85,85,85,85,85,34,77,77],"floor_reached":56,"language":"ENG","playtime":3753,"items_purged":["BootSequence"],"score":2045,"play_id":"fe4d1da9-8cd6-44ef-82fc-e1a60817b396","local_time":"20210212173135","is_ascension_mode":true,"campfire_choices":[{"data":"Beam Cell","floor":7,"key":"SMITH"},{"floor":11,"key":"REST"},{"data":"Electrodynamics","floor":13,"key":"SMITH"},{"data":"Glacier","floor":15,"key":"SMITH"},{"data":"Fission","floor":23,"key":"SMITH"},{"data":"Defragment","floor":25,"key":"SMITH"},{"floor":32,"key":"REST"},{"floor":49,"key":"RECALL"},{"data":"Amplify","floor":52,"key":"SMITH"}],"circlet_count":0,"master_deck":["AscendersBane","Dualcast","Glacier","Beam Cell+1","Undo","Doom and Gloom+1","Electrodynamics+1","Glacier+1","Fission+1","Ball Lightning","Turbo","Chaos","BootSequence","Tempest","Defragment+1","FTL","Creative AI","Coolheaded","Chill+1","Necronomicurse","Buffer","Apotheosis","Recycle","Compile Driver+1","Defragment","Stack","Loop","Go for the Eyes+1","Amplify+1","Madness","Madness","Skim","PanicButton","Madness","Dark Shackles","Aggregate","Skim","Steam Power"],"relics":["Runic Dome","Art of War","Centennial Puzzle","Strawberry","Pandora\u0027s Box","Question Card","Necronomicon","HornCleat","Omamori","Darkstone Periapt","Orrery","Bird Faced Urn","Black Star","CeramicFish","StrikeDummy","StoneCalendar","Regal Pillow","DataDisk","Medical Kit","Blood Vial","TungstenRod"],"acts_visited":["Exordium","TheCity","TheBeyond","TheEnding"],"potions_floor_usage":[12,12,21,33,33,50,55,55],"damage_taken":[{"damage":5,"enemies":"Small Slimes","floor":1,"turns":3},{"damage":0,"enemies":"Cultist","floor":2,"turns":3},{"damage":7,"enemies":"Jaw Worm","floor":4,"turns":3},{"damage":30,"enemies":"Exordium Thugs","floor":5,"turns":5},{"damage":10,"enemies":"Lagavulin","floor":6,"turns":9},{"damage":0,"enemies":"2 Fungi Beasts","floor":8,"turns":4},{"damage":0,"enemies":"3 Sentries","floor":12,"turns":6},{"damage":0,"enemies":"Looter","floor":14,"turns":2},{"damage":13,"enemies":"Slime Boss","floor":16,"turns":7},{"damage":9,"enemies":"2 Thieves","floor":18,"turns":3},{"damage":0,"enemies":"Spheric Guardian","floor":20,"turns":4},{"damage":8,"enemies":"Centurion and Healer","floor":21,"turns":3},{"damage":0,"enemies":"Gremlin Leader","floor":24,"turns":6},{"damage":0,"enemies":"Book of Stabbing","floor":27,"turns":5},{"damage":16,"enemies":"Gremlin Leader","floor":31,"turns":5},{"damage":0,"enemies":"Collector","floor":33,"turns":8},{"damage":0,"enemies":"Orb Walker","floor":35,"turns":7},{"damage":9,"enemies":"3 Shapes","floor":38,"turns":6},{"damage":0,"enemies":"Sphere and 2 Shapes","floor":39,"turns":4},{"damage":7,"enemies":"Giant Head","floor":40,"turns":13},{"damage":1,"enemies":"Maw","floor":41,"turns":7},{"damage":0,"enemies":"Mind Bloom Boss Battle","floor":42,"turns":7},{"damage":54,"enemies":"Reptomancer","floor":45,"turns":7},{"damage":0,"enemies":"4 Shapes","floor":48,"turns":2},{"damage":6,"enemies":"Donu and Deca","floor":50,"turns":8},{"damage":54,"enemies":"Shield and Spear","floor":54,"turns":6},{"damage":34,"enemies":"The Heart","floor":55,"turns":9}],"seed_played":"3183284337000433345","potions_obtained":[{"floor":2,"key":"Regen Potion"},{"floor":8,"key":"SteroidPotion"},{"floor":12,"key":"Energy Potion"},{"floor":21,"key":"DistilledChaos"},{"floor":24,"key":"Weak Potion"},{"floor":33,"key":"FocusPotion"},{"floor":39,"key":"Energy Potion"},{"floor":45,"key":"DuplicationPotion"}],"is_trial":false,"path_per_floor":["M","M","?","M","M","E","R","M","T","?","R","E","R","M","R","B",null,"M","?","M","M","?","R","E","R","T","E","$","?","?","E","R","B",null,"M","?","?","M","M","E","M","?","T","?","E","?","$","M","R","B",null,"R","$","E","B",null],"character_chosen":"DEFECT","items_purchased":["Apotheosis","Orrery","Medical Kit","Aggregate","BlessingOfTheForge"],"campfire_rested":2,"item_purchase_floors":[28,28,47,47,53],"current_hp_per_floor":[63,63,56,49,19,9,9,9,9,9,31,53,53,53,53,40,72,63,63,63,55,39,39,39,39,39,39,39,39,39,23,47,71,79,82,72,72,73,81,82,82,82,82,72,44,44,44,48,48,76,81,81,81,34,40],"gold":77,"neow_bonus":"BOSS_RELIC","is_daily":false,"chose_seed":false,"campfire_upgraded":6,"win_rate":0.0,"timestamp":1613147495,"path_taken":["M","M","?","?","M","E","R","M","T","?","R","E","R","M","R","BOSS","M","?","M","M","?","R","E","R","T","E","$","?","?","E","R","BOSS","M","?","?","M","M","E","?","?","T","?","E","?","$","M","R","BOSS","R","$","E","BOSS"],"items_purchased_type":["Card","Relic","Relic","Card","Potion"],"build_version":"2020-12-22","purchased_purges":1,"victory":true,"max_hp_per_floor":[75,75,75,75,75,75,75,75,75,75,75,82,82,82,82,82,82,82,82,82,82,82,82,82,82,82,82,82,82,82,82,82,82,82,82,82,82,82,82,82,82,82,82,82,82,82,82,82,82,82,82,82,82,82,82],"card_choices":[{"not_picked":["Coolheaded","Go for the Eyes"],"picked":"Beam Cell","floor":1},{"not_picked":["Stack","Storm"],"picked":"Glacier","floor":2},{"not_picked":["Coolheaded","Turbo"],"picked":"Beam Cell","floor":4},{"not_picked":["Hologram","Barrage"],"picked":"Undo","floor":5},{"not_picked":["Hello World","Beam Cell"],"picked":"BootSequence","floor":6},{"not_picked":["Chaos","Steam Power"],"picked":"Doom and Gloom","floor":8},{"not_picked":["Rebound","BootSequence"],"picked":"Electrodynamics","floor":12},{"not_picked":["Conserve Battery","BootSequence"],"picked":"Glacier","floor":14},{"not_picked":["Core Surge","Hyperbeam"],"picked":"Fission","floor":16},{"not_picked":["Static Discharge","Tempest","Streamline"],"picked":"SKIP","floor":18},{"not_picked":["Gash+1","Go for the Eyes","Sunder"],"picked":"Coolheaded","floor":20},{"not_picked":["Turbo","Go for the Eyes","Hologram"],"picked":"Chill+1","floor":21},{"not_picked":["Undo","Heatsinks+1","Redo+1"],"picked":"Buffer","floor":24},{"not_picked":["Gash","Sunder","Sweeping Beam","Loop"],"picked":"SKIP","floor":27},{"not_picked":["Blizzard","Steam","Tempest"],"picked":"Recycle","floor":28},{"not_picked":["Rebound","Storm","Multi-Cast"],"picked":"Compile Driver+1","floor":28},{"not_picked":["Gash","Compile Driver","Heatsinks"],"picked":"Defragment","floor":28},{"not_picked":["Sunder","Steam","Barrage"],"picked":"Stack","floor":28},{"not_picked":["Sweeping Beam","Streamline","Fusion"],"picked":"Loop","floor":28},{"not_picked":["Lockon","Darkness","Sunder+1"],"picked":"Go for the Eyes+1","floor":31},{"not_picked":["Reboot","Seek","Echo Form"],"picked":"Amplify","floor":33},{"not_picked":["FTL","Hologram","Static Discharge","Leap+1"],"picked":"SKIP","floor":35},{"not_picked":["Beam Cell","Streamline","Leap+1"],"picked":"Skim","floor":38},{"not_picked":["Steam","Barrage","Ball Lightning","Melter"],"picked":"SKIP","floor":39},{"not_picked":["Turbo","Sweeping Beam","Blizzard","Cold Snap"],"picked":"SKIP","floor":40},{"not_picked":["Biased Cognition","Skim","Scrape","Rip and Tear"],"picked":"SKIP","floor":41},{"not_picked":["The Bomb","Enlightenment","Madness"],"picked":"PanicButton","floor":44},{"not_picked":["Good Instincts","Trip","Magnetism"],"picked":"Madness","floor":44},{"not_picked":["HandOfGreed","Finesse","Jack Of All Trades"],"picked":"Dark Shackles","floor":44},{"not_picked":["Conserve Battery+1","Steam","Sweeping Beam","Chaos"],"picked":"SKIP","floor":45},{"not_picked":["Turbo","Doom and Gloom","Lockon"],"picked":"Skim","floor":48},{"not_picked":["Sweeping Beam","Heatsinks+1","Creative AI"],"picked":"Steam Power","floor":54}],"player_experience":755241,"relics_obtained":[{"floor":6,"key":"Art of War"},{"floor":9,"key":"Centennial Puzzle"},{"floor":12,"key":"Strawberry"},{"floor":22,"key":"Necronomicon"},{"floor":24,"key":"HornCleat"},{"floor":26,"key":"Omamori"},{"floor":27,"key":"Darkstone Periapt"},{"floor":31,"key":"Bird Faced Urn"},{"floor":40,"key":"CeramicFish"},{"floor":40,"key":"StrikeDummy"},{"floor":42,"key":"StoneCalendar"},{"floor":45,"key":"Regal Pillow"},{"floor":45,"key":"DataDisk"},{"floor":54,"key":"Blood Vial"},{"floor":54,"key":"TungstenRod"}],"event_choices":[{"damage_healed":0,"gold_gain":0,"player_choice":"Damaged","damage_taken":7,"max_hp_gain":0,"max_hp_loss":0,"event_name":"Wheel of Change","floor":3,"gold_loss":0},{"damage_healed":0,"gold_gain":0,"player_choice":"Grow","damage_taken":0,"max_hp_gain":0,"max_hp_loss":0,"event_name":"Living Wall","floor":10,"gold_loss":0,"cards_upgraded":["Doom and Gloom"]},{"damage_healed":0,"gold_gain":0,"player_choice":"Obtained Relic","damage_taken":0,"relics_obtained":["Question Card"],"max_hp_gain":0,"max_hp_loss":0,"event_name":"Addict","floor":19,"gold_loss":85},{"damage_healed":0,"gold_gain":0,"player_choice":"Obtained Book","damage_taken":16,"max_hp_gain":0,"max_hp_loss":0,"event_name":"Cursed Tome","floor":22,"gold_loss":0},{"damage_healed":0,"gold_gain":99,"player_choice":"Stole From Cult","damage_taken":0,"max_hp_gain":0,"max_hp_loss":0,"event_name":"Nest","floor":29,"gold_loss":0},{"cards_removed":["Zap"],"damage_healed":0,"gold_gain":0,"player_choice":"Gave Gold","damage_taken":0,"max_hp_gain":0,"max_hp_loss":0,"event_name":"Beggar","floor":30,"gold_loss":75},{"damage_healed":0,"gold_gain":0,"player_choice":"Embrace Madness","damage_taken":10,"max_hp_gain":0,"max_hp_loss":0,"event_name":"Winding Halls","floor":36,"gold_loss":0,"cards_obtained":["Madness","Madness"]},{"cards_removed":["Beam Cell"],"damage_healed":0,"gold_gain":0,"player_choice":"Purged","damage_taken":0,"max_hp_gain":0,"max_hp_loss":0,"event_name":"Purifier","floor":37,"gold_loss":0},{"damage_healed":0,"gold_gain":0,"player_choice":"Fight","damage_taken":0,"max_hp_gain":0,"max_hp_loss":0,"event_name":"MindBloom","floor":42,"gold_loss":0},{"damage_healed":0,"gold_gain":0,"player_choice":"Memory 3","damage_taken":10,"max_hp_gain":0,"max_hp_loss":0,"event_name":"SensoryStone","floor":44,"gold_loss":0},{"damage_healed":0,"gold_gain":0,"player_choice":"Ignored","damage_taken":0,"max_hp_gain":0,"max_hp_loss":0,"event_name":"Tomb of Lord Red Mask","floor":46,"gold_loss":0}],"is_beta":false,"boss_relics":[{"not_picked":["Philosopher\u0027s Stone","Sozu"],"picked":"Pandora\u0027s Box"},{"not_picked":["SacredBark","SlaversCollar"],"picked":"Black Star"}],"items_purged_floors":[47],"is_endless":false,"potions_floor_spawned":[2,8,12,21,24,33,39,42,45,48,54],"ascension_level":13}}