{"host":"vrsxkkch9ccrec7k","time":1613163043,"event":{"mods":["Act Like it!","BaseMod","Bestiary","Better Altar","Better Match","Better Note","Better Sensory Stone","Better Skull","Better Third Choice","Better Vampires","Downfall","Minty Spire (QoL Compilation)","Permanent Neow","Relic Stats","Spicy Shops","StSLib"],"gold_per_floor":[0,12,32,50,70,70,70,70,81,98,23,40,40,68,88,184,184,184,196,206,5,23,23,100,100,100,111,126,126,144,170,188,290,290,290,302,313,328,328,359,359,359,369,396,16,16,16,42,62,62],"floor_reached":51,"language":"ENG","playtime":4525,"items_purged":["Guardian:PrimingBeam"],"score":1165,"play_id":"6b259f9b-0df6-46f8-81ee-33d5183872b5","local_time":"20210212155043","is_ascension_mode":true,"campfire_choices":[{"data":"Guardian:TwinSlam","floor":1,"key":"SMITH"},{"data":"Guardian:DonusPower","floor":6,"key":"SMITH"},{"data":"Guardian:RevengeProtocol","floor":8,"key":"SMITH"},{"data":"Guardian:CurlUp","floor":13,"key":"SMITH"},{"data":"Guardian:CompilePackage","floor":18,"key":"SMITH"},{"data":"Guardian:PrismaticBarrier","floor":25,"key":"SMITH"},{"data":"Guardian:FloatingOrbs","floor":29,"key":"SMITH"},{"data":"Guardian:Emergency","floor":35,"key":"SMITH"},{"data":"Guardian:FastForward","floor":42,"key":"SMITH"},{"data":"Guardian:TimeCapacitor","floor":47,"key":"SMITH"}],"circlet_count":0,"master_deck":["AscendersBane","Guardian:CurlUp+1","Guardian:TwinSlam+1","Guardian:Incinerate","Guardian:DonusPower+1","Guardian:RevengeProtocol+1","Guardian:FuturePlans","Guardian:BronzeArmor+1","Guardian:ChargeCore+1","Guardian:FierceBash","Guardian:Emergency+1","Guardian:Clone+1","Guardian:CompilePackage+1","Guardian:FastForward+1","Guardian:ShieldCharger","Guardian:PrismaticBarrier+1","Guardian:ExploitGems+1","Guardian:SphericShield","Guardian:FloatingOrbs+1","Guardian:PiercingHide+1","Guardian:EvasiveProtocol+1","Guardian:Clone","Guardian:StasisEngine","Guardian:AncientConstruct","Guardian:TimeCapacitor+1","Guardian:FierceBash","Guardian:BronzeArmor+1"],"relics":["Guardian:ModeShifter","Mercury Hourglass","Bag of Preparation","Pandora\u0027s Box","Letter Opener","Incense Burner","SlaversCollar","WingedGreaves","Guardian:PocketSentry","Oddly Smooth Stone","War Paint","Bag of Marbles","Vajra"],"acts_visited":["Exordium","TheCity","TheBeyond"],"potions_floor_usage":[14,14,22,31,33,36,38,44,50,50],"damage_taken":[{"damage":0,"enemies":"Cultist","floor":2,"turns":4},{"damage":0,"enemies":"Small Slimes","floor":3,"turns":4},{"damage":7,"enemies":"2 Louse","floor":4,"turns":3},{"damage":8,"enemies":"Large Slime","floor":5,"turns":7},{"damage":2,"enemies":"3 Louse","floor":9,"turns":2},{"damage":0,"enemies":"2 Fungi Beasts","floor":10,"turns":4},{"damage":0,"enemies":"Exordium Wildlife","floor":12,"turns":4},{"damage":16,"enemies":"Gremlin Nob","floor":14,"turns":3},{"damage":8,"enemies":"Large Slime","floor":15,"turns":5},{"damage":3,"enemies":"SI_SHIV_ARCHETYPE","floor":16,"turns":7},{"damage":4,"enemies":"Shell Parasite","floor":19,"turns":3},{"damage":1,"enemies":"Spheric Guardian","floor":20,"turns":5},{"damage":0,"enemies":"downfall:FleeingMerchant","floor":21,"turns":4},{"damage":6,"enemies":"3 Cultists","floor":22,"turns":3},{"damage":0,"enemies":"Centurion and Healer","floor":27,"turns":5},{"damage":0,"enemies":"Sentry and Sphere","floor":28,"turns":3},{"damage":5,"enemies":"Shelled Parasite and Fungi","floor":30,"turns":3},{"damage":7,"enemies":"Slavers","floor":31,"turns":3},{"damage":0,"enemies":"Centurion and Healer","floor":32,"turns":4},{"damage":0,"enemies":"WA_ARCHETYPE_CALM","floor":33,"turns":8},{"damage":12,"enemies":"Orb Walker","floor":36,"turns":3},{"damage":0,"enemies":"3 Shapes","floor":37,"turns":7},{"damage":14,"enemies":"Writhing Mass","floor":38,"turns":8},{"damage":6,"enemies":"Nemesis","floor":40,"turns":6},{"damage":0,"enemies":"Maw","floor":43,"turns":5},{"damage":0,"enemies":"Reptomancer","floor":44,"turns":5},{"damage":0,"enemies":"downfall:FleeingMerchant","floor":45,"turns":4},{"damage":1,"enemies":"Transient","floor":49,"turns":5},{"damage":56,"enemies":"DF_ARCHETYPE_ORBS","floor":50,"turns":14}],"seed_played":"3951391022141677681","potions_obtained":[{"floor":4,"key":"Energy Potion"},{"floor":5,"key":"GamblersBrew"},{"floor":10,"key":"champ:CounterPotion"},{"floor":15,"key":"hexamod:SoulburnPotion"},{"floor":16,"key":"Strength Potion"},{"floor":19,"key":"SkillPotion"},{"floor":30,"key":"SneckoOil"},{"floor":32,"key":"Regen Potion"},{"floor":33,"key":"Guardian:StasisDiscoveryPotion"},{"floor":38,"key":"Guardian:AcceleratePotion"},{"floor":43,"key":"Energy Potion"},{"floor":44,"key":"Guardian:AcceleratePotion"}],"is_trial":false,"path_per_floor":["R","M","M","M","M","R","T","R","M","M","?","M","R","E","M","B",null,"R","M","M","$","M","?","T","R","?","M","M","R","M","E","M","B",null,"R","M","M","M","?","E","T","R","M","E","$","?","R","?","M","B",null],"character_chosen":"GUARDIAN","items_purchased":["Guardian:PrismaticBarrier","Guardian:ExploitGems","Guardian:TimeCapacitor","War Paint","Bag of Marbles","Weak Potion","Guardian:FierceBash"],"campfire_rested":0,"item_purchase_floors":[21,21,45,45,45,45,45],"current_hp_per_floor":[72,72,72,65,57,57,57,57,55,55,55,55,55,39,31,28,67,67,63,62,62,56,56,56,56,56,56,56,56,51,44,44,59,75,75,63,63,49,70,64,64,64,64,64,64,64,64,64,63,7],"gold":62,"neow_bonus":"REMOVE_TWO","is_daily":false,"chose_seed":false,"campfire_upgraded":10,"win_rate":0.0,"timestamp":1613163043,"path_taken":["R","M","M","M","M","R","T","R","M","?","?","M","R","E","M","BOSS","R","M","M","$","M","?","T","R","?","M","M","R","M","E","M","BOSS","R","M","M","M","?","E","T","R","M","E","$","?","R","?","M","BOSS"],"items_purchased_type":["Card","Card","Card","Relic","Relic","Potion","Card"],"build_version":"2020-12-22","purchased_purges":1,"victory":true,"max_hp_per_floor":[80,80,80,80,80,80,80,80,80,80,80,80,80,80,80,80,80,80,80,80,80,80,80,80,80,80,80,80,80,80,80,80,80,80,80,80,80,80,70,70,70,70,70,70,70,70,70,70,70,70],"relic_stats":{"counters":[29,140],"Pandora\u0027s Box":["Guardian:Emergency","Guardian:Gem_Orange","Guardian:Clone","Guardian:PolyBeam","Guardian:CompilePackage","Guardian:FastForward"],"Bag of Preparation":[42],"Letter Opener":[316],"War Paint":["Guardian:ExploitGems","Guardian:Clone"],"obtain_stats":[{"Guardian:ModeShifter":0,"Oddly Smooth Stone":44,"Vajra":48,"Bag of Preparation":14,"Incense Burner":31,"Guardian:PocketSentry":41,"Letter Opener":24,"War Paint":45,"Mercury Hourglass":7,"SlaversCollar":34,"Pandora\u0027s Box":17,"WingedGreaves":40,"Bag of Marbles":45},{"Guardian:ModeShifter":0,"Oddly Smooth Stone":26,"Vajra":27,"Bag of Preparation":8,"Incense Burner":18,"Guardian:PocketSentry":24,"Letter Opener":14,"War Paint":27,"Mercury Hourglass":4,"SlaversCollar":20,"Pandora\u0027s Box":10,"WingedGreaves":24,"Bag of Marbles":27},{"Guardian:ModeShifter":0,"Oddly Smooth Stone":117,"Vajra":121,"Bag of Preparation":31,"Incense Burner":72,"Guardian:PocketSentry":107,"Letter Opener":58,"War Paint":121,"Mercury Hourglass":18,"SlaversCollar":84,"Pandora\u0027s Box":43,"WingedGreaves":107,"Bag of Marbles":121}],"Mercury Hourglass":[340]},"card_choices":[{"not_picked":["Guardian:TimeCapacitor","Guardian:Suspension"],"picked":"Guardian:Incinerate","floor":2},{"not_picked":["Guardian:CrystalBeam","Guardian:Suspension"],"picked":"Guardian:PrimingBeam","floor":3},{"not_picked":["Guardian:PrimingBeam","Guardian:CrystalBeam"],"picked":"Guardian:DonusPower","floor":4},{"not_picked":["Guardian:RollAttack","Guardian:VentSteam"],"picked":"Guardian:RevengeProtocol","floor":5},{"not_picked":["Guardian:TemporalStrike","Guardian:ChargeCore"],"picked":"Guardian:FuturePlans","floor":9},{"not_picked":["Guardian:Emergency","Guardian:Reroute"],"picked":"Guardian:Gem_Lightblue","floor":10},{"not_picked":["Guardian:PolyBeam+1","Guardian:ArmoredProtocol+1"],"picked":"Guardian:BronzeArmor+1","floor":11},{"not_picked":["Guardian:Incinerate+1","Guardian:CrystalBeam+1"],"picked":"Guardian:ChargeCore+1","floor":11},{"not_picked":["Guardian:TemporalShield","Guardian:Gem_Green"],"picked":"Guardian:Gem_Purple","floor":12},{"not_picked":["Guardian:TimeBomb","Guardian:Recover"],"picked":"Guardian:FierceBash","floor":14},{"not_picked":["Guardian:Incinerate","Guardian:FloatingOrbs"],"picked":"Guardian:Gem_Yellow","floor":15},{"not_picked":["Guardian:GatlingBeam","Guardian:StasisStrike"],"picked":"Guardian:Gem_Orange","floor":16},{"not_picked":["Guardian:Incinerate","Guardian:Preprogram"],"picked":"Guardian:ShieldCharger","floor":19},{"not_picked":["Guardian:Clone","Guardian:Repulse"],"picked":"Guardian:Gem_Lightblue","floor":20},{"not_picked":["Guardian:VentSteam","Guardian:Harden"],"picked":"Guardian:Gem_Red","floor":21},{"not_picked":["Guardian:WalkerClaw","Guardian:ShieldCharger"],"picked":"Guardian:SphericShield","floor":22},{"not_picked":["Guardian:PrismaticBeam","Guardian:ShieldCharger","Guardian:PrimingBeam"],"picked":"SKIP","floor":27},{"not_picked":["Guardian:Suspension","Guardian:Emergency"],"picked":"Guardian:FloatingOrbs","floor":28},{"not_picked":["Guardian:Gem_Lightblue","Guardian:TemporalStrike"],"picked":"Guardian:PiercingHide+1","floor":30},{"not_picked":["Guardian:PrismaticBarrier","Guardian:Incinerate"],"picked":"Guardian:EvasiveProtocol+1","floor":31},{"not_picked":["Guardian:ShieldCharger+1","Guardian:Gem_White"],"picked":"Guardian:Clone","floor":32},{"not_picked":["Guardian:GatlingBeam","Guardian:HyperBeam_Guardian"],"picked":"Guardian:StasisEngine","floor":33},{"not_picked":["Guardian:VentSteam","Guardian:Clone"],"picked":"Guardian:Gem_Green","floor":36},{"not_picked":["Guardian:DonusPower+1","Guardian:Suspension","Guardian:BronzeOrb"],"picked":"SKIP","floor":37},{"not_picked":["Guardian:DonusPower+1","Guardian:Gem_Cyan"],"picked":"Guardian:Gem_Crimson","floor":38},{"not_picked":["Guardian:SentryBeam","Guardian:Recover+1","Guardian:ShieldCharger"],"picked":"SKIP","floor":40},{"not_picked":["Guardian:TemporalStrike","Guardian:TimeBomb"],"picked":"Guardian:Gem_Red","floor":43},{"not_picked":["Guardian:FloatingOrbs","Guardian:GemFire","Guardian:ShieldCharger+1"],"picked":"SKIP","floor":44},{"not_picked":["Guardian:PrismaticBarrier","Guardian:Gem_Blue"],"picked":"Guardian:AncientConstruct","floor":45},{"not_picked":["Guardian:Repulse","Guardian:TemporalStrike+1"],"picked":"Guardian:BronzeArmor+1","floor":49}],"player_experience":1894594,"relics_obtained":[{"floor":7,"key":"Mercury Hourglass"},{"floor":14,"key":"Bag of Preparation"},{"floor":24,"key":"Letter Opener"},{"floor":31,"key":"Incense Burner"},{"floor":40,"key":"WingedGreaves"},{"floor":41,"key":"Guardian:PocketSentry"},{"floor":44,"key":"Oddly Smooth Stone"},{"floor":48,"key":"Vajra"}],"event_choices":[{"damage_healed":0,"gold_gain":0,"player_choice":"2","damage_taken":0,"max_hp_gain":0,"max_hp_loss":0,"event_name":"betterMatch:BetterMatch","floor":11,"gold_loss":0,"cards_obtained":["betterMatch:UncommonCard","betterMatch:CommonCard"]},{"damage_healed":0,"gold_gain":0,"player_choice":"Ignored","damage_taken":0,"max_hp_gain":0,"max_hp_loss":0,"event_name":"Vampires","floor":26,"gold_loss":0},{"damage_healed":0,"gold_gain":0,"player_choice":"Ignored","damage_taken":0,"max_hp_gain":0,"max_hp_loss":0,"event_name":"Mysterious Sphere","floor":46,"gold_loss":0}],"is_beta":false,"boss_relics":[{"not_picked":["Philosopher\u0027s Stone","sneckomod:SneckoTalon"],"picked":"Pandora\u0027s Box"},{"not_picked":["Black Star","Sozu"],"picked":"SlaversCollar"}],"items_purged_floors":[45],"is_endless":false,"potions_floor_spawned":[4,5,10,15,16,19,30,32,33,38,43,44],"ascension_level":10}}