{"host":"pke0xxyzw0teju56","time":1613161302,"event":{"mods":["BaseMod","Bestiary","Colored Powertips","Highlight Path","Minty Spire (QoL Compilation)","Relic Stats","Slay the Relics Exporter","StSLib","ojb\u0027s Info Mod"],"gold_per_floor":[115,115,130,73,88,88,88,88],"floor_reached":7,"language":"ENG","playtime":179,"items_purged":[],"score":82,"play_id":"8bd74f03-ab1e-4310-816a-ef5d1ec43589","local_time":"20210212152142","is_ascension_mode":true,"campfire_choices":[{"floor":6,"key":"REST"}],"circlet_count":0,"master_deck":["AscendersBane","Strike_R","Strike_R","Strike_R","Strike_R","Strike_R","Defend_R","Defend_R","Defend_R","Defend_R+1","Bash+1","Disarm","Rampage","Twin Strike","True Grit","Disarm"],"relics":["Burning Blood","Prayer Wheel"],"acts_visited":["Exordium"],"potions_floor_usage":[],"damage_taken":[{"damage":9,"enemies":"Small Slimes","floor":1,"turns":6},{"damage":0,"enemies":"Jaw Worm","floor":3,"turns":4},{"damage":5,"enemies":"2 Louse","floor":5,"turns":3},{"damage":56,"enemies":"3 Sentries","floor":7,"turns":12}],"seed_played":"622731776914581940","potions_obtained":[],"is_trial":false,"path_per_floor":["M","?","M","$","M","R","E"],"character_chosen":"IRONCLAD","items_purchased":["True Grit"],"campfire_rested":1,"item_purchase_floors":[4],"current_hp_per_floor":[47,24,30,30,31,53,0,0],"gold":88,"neow_bonus":"ONE_RARE_RELIC","is_daily":false,"chose_seed":false,"campfire_upgraded":0,"win_rate":0.0,"timestamp":1613161302,"path_taken":["M","?","M","?","M","R","E"],"items_purchased_type":["Card"],"build_version":"2020-12-22","purchased_purges":0,"victory":false,"max_hp_per_floor":[75,75,75,75,75,75,75,75],"relic_stats":{"counters":[4,25],"Prayer Wheel":3,"obtain_stats":[{"Prayer Wheel":0,"Burning Blood":0},{"Prayer Wheel":0,"Burning Blood":0},{"Prayer Wheel":0,"Burning Blood":0}],"Burning Blood":18},"card_choices":[{"not_picked":["Heavy Blade","Clothesline"],"picked":"Disarm","floor":1},{"not_picked":["Evolve","Heavy Blade"],"picked":"Rampage","floor":1},{"not_picked":["Heavy Blade","Intimidate"],"picked":"Twin Strike","floor":3},{"not_picked":["Warcry","Twin Strike"],"picked":"Disarm","floor":5}],"player_experience":5333982,"relics_obtained":[],"event_choices":[{"damage_healed":0,"gold_gain":0,"player_choice":"Entered Light","damage_taken":23,"max_hp_gain":0,"max_hp_loss":0,"event_name":"Shining Light","floor":2,"gold_loss":0,"cards_upgraded":["Defend_R","Bash"]}],"is_beta":false,"boss_relics":[],"items_purged_floors":[],"is_endless":false,"potions_floor_spawned":[],"killed_by":"3 Sentries","ascension_level":20}}