{"host":"gtrx90x5hc2p0luo","time":1613092947,"event":{"mods":["BaseMod","BetterRewards","Colored Map","Downfall","Highlight Path","Infinite Spire","Minty Spire (QoL Compilation)","Replay The Spire","Shop Mod","StSLib","The Animator"],"gold_per_floor":[115,115,290,300,190,222,234,262,312,327,346,371,390,407,407,509,509,528,528,200,200,200,226,226,261,261,261,281,299,324,337,436,534,534,588,374,414,452,501,568,568,625,677,749,813,1213,1213,1213,1213,1397,1397,1490,1565,1565,1673,1673,1786,1786,1919,1919,1919,1838,1963,1823,1969,1969,2079,2079,2212,2212,2212,2240,2030,2174,2322,2475,2500,2677,2758,2943,2943,3159,3159,3494,3494,3705,3931,3981,3981,4220,4477,4477,4770,4770,5088,5088,5380,5062,5390,5390,5825,5825,6210,6622,6610,6610],"floor_reached":105,"language":"ENG","playtime":8481,"items_purged":["Doubt","Strike_G"],"score":2591,"play_id":"ee5685a2-06cc-43dc-800c-3af14d70ea4c","local_time":"20210212022227","is_ascension_mode":true,"campfire_choices":[{"floor":15.0,"key":"DIG"},{"floor":24.0,"key":"RECALL"},{"floor":41.0,"key":"REST"},{"floor":49,"key":"REST"},{"floor":58,"key":"REST"},{"floor":66,"key":"REST"},{"floor":81,"key":"REST"},{"floor":83,"key":"REST"},{"floor":92,"key":"REST"},{"floor":100,"key":"REST"}],"circlet_count":1,"master_deck":["Survivor","Neutralize","Deadly Poison+1","Quick Slash+1","Dagger Throw+1","Prepared+1","Noxious Fumes+1","Flechettes+1","Die Die Die+1","Slice+1","Caltrops+1","Sucker Punch+1","Infinite Blades+1","After Image+1","Slice+1","Poisoned Stab+1","Die Die Die+1","sneckomod:SnekBite+1","Adrenaline+1","Flash of Steel+1","ReplayTheSpireMod:Chaos Vortex+1","Poisoned Stab+1","ReplayTheSpireMod:Scrap Shanks+1","Quick Slash+1","Outmaneuver+1","Terror+1","Fluid Movement+1","infinitespire:FutureSight+1","Outmaneuver+1","Toxin Wave+1","Malaise+1","Terror+1","Corpse Explosion+1","Underhanded Strike+1","ReplayTheSpireMod:Scrap Shanks+1","Poisoned Stab+1","Crippling Poison+1","Poisoned Stab+1","Riddle With Holes+1","Sucker Punch+1","infinitespire:FutureSight+1","Dagger Spray+1","Dagger Throw+1","Noxious Fumes+1","Burst+1","infinitespire:Menacing+1","Slice+1","Replay:Bag of Tricks+1","Flying Knee+1","Flying Knee+1","infinitespire:Menacing+1","Draining Mist+1","Blade Dance+1","Glass Knife+1","Hidden Blade+1","Backstab+1","Quick Slash+1","Flying Knee+1","Dagger Throw+1","A Thousand Cuts+1","Endless Agony+1","Eviscerate+1","ReplayTheSpireMod:Tripwire+1","ReplayTheSpireMod:Exploit Weakness+1","Phantasmal Killer+1","Blur+1","Envenom+1","Flechettes+1","Fluid Movement+1","Fluid Movement+1","infinitespire:Punishment+1","Dagger Throw+1","ReplayTheSpireMod:Scrap Shanks+1","Backstab+1","Quick Slash+1","Crippling Poison+1","Poisoned Stab+1","Footwork+1","Outmaneuver+1","Distraction+1","Outmaneuver+1","Quick Slash+1","Toxin Wave+1","Toxin Wave+1","Outmaneuver+1","Burst+1","Bouncing Flask+1","Quick Slash+1","Masterful Stab+1","Dagger Throw+1","Deadly Poison+1","Dagger Throw+1","Footwork+1","Prepared+1","Flying Knee+1","Poisoned Stab+1","Footwork+1","Outmaneuver+1","Replay:Poison Smokescreen+1","infinitespire:NeuralNetwork+1","ReplayTheSpireMod:From All Sides+1","Toxin Wave+1","Outmaneuver+1"],"relics":["Ring of the Snake","Molten Egg 2","Toxic Egg 2","Frozen Egg 2","Unceasing Top","Membership Card","Orichalcum","ReplayTheSpireMod:Shallot","Omamori","Nunchaku","Question Card","Replay:Rubber Ducky","ReplayTheSpireMod:SealedPack","sneckomod:BabySnecko","Bronze Scales","infinitespire:ShieldingShard","HandDrill","infinitespire:CursedDice","Replay:Ringing Soul","Fusion Hammer","Smiling Mask","Sozu","infinitespire:EvilPickle","ReplayTheSpireMod:TigerMarble","Frozen Egg 2","Happy Flower","Darkstone Periapt","Old Coin","Red Mask","Philosopher\u0027s Stone","Regal Pillow","infinitespire:Satchel","Replay:Bottled Flurry","Golden Idol","Dream Catcher","Pandora\u0027s Box","Bottled Tornado","Circlet","infinitespire:WardingShard","Replay:WaspNest","PreservedInsect","Lantern","Boot","Calipers","Lantern","StoneCalendar","ReplayTheSpireMod:Ring of Exchange","Bottled Lightning","Blue Doll","Oddly Smooth Stone","Eternal Feather","Juzu Bracelet","The Specimen","ReplayTheSpireMod:Ninjato","infinitespire:CheckeredPen","MerchantsRug","bronze:MakeshiftBattery"],"acts_visited":["Exordium","TheCity","TheBeyond","Exordium","TheCity","TheBeyond","Exordium"],"potions_floor_usage":[],"damage_taken":[{"damage":6.0,"enemies":"Jaw Worm","floor":1.0,"turns":3.0},{"damage":0.0,"enemies":"2 Louse","floor":4.0,"turns":3.0},{"damage":26.0,"enemies":"3 Sentries","floor":6.0,"turns":6.0},{"damage":0.0,"enemies":"Small Slimes","floor":7.0,"turns":2.0},{"damage":0.0,"enemies":"Gremlin Nob","floor":8.0,"turns":3.0},{"damage":0.0,"enemies":"3 Louse","floor":10.0,"turns":2.0},{"damage":0.0,"enemies":"Looter","floor":11.0,"turns":3.0},{"damage":10.0,"enemies":"3 Sentries","floor":12.0,"turns":3.0},{"damage":0.0,"enemies":"Large Slime","floor":13.0,"turns":4.0},{"damage":0.0,"enemies":"Blue Slaver","floor":14.0,"turns":3.0},{"damage":6.0,"enemies":"The Guardian","floor":16.0,"turns":6.0},{"damage":0.0,"enemies":"Spheric Guardian","floor":18.0,"turns":3.0},{"damage":0.0,"enemies":"Gremlin Leader","floor":23.0,"turns":4.0},{"damage":0.0,"enemies":"Replay:Snechameleon","floor":25.0,"turns":5.0},{"damage":0.0,"enemies":"2 Thieves","floor":28.0,"turns":2.0},{"damage":0.0,"enemies":"Shelled Parasite and Fungi","floor":29.0,"turns":2.0},{"damage":0.0,"enemies":"Book of Stabbing","floor":30.0,"turns":4.0},{"damage":5.0,"enemies":"Centurion and Healer","floor":31.0,"turns":3.0},{"damage":0.0,"enemies":"Pondfish","floor":33.0,"turns":5.0},{"damage":0.0,"enemies":"3 Darklings","floor":35.0,"turns":3.0},{"damage":0.0,"enemies":"Orb Walker","floor":37.0,"turns":1.0},{"damage":1.0,"enemies":"Writhing Mass","floor":38.0,"turns":4.0},{"damage":0.0,"enemies":"Maw","floor":39.0,"turns":4.0},{"damage":0.0,"enemies":"Nightmare","floor":40.0,"turns":4.0},{"damage":0.0,"enemies":"Sphere and 2 Shapes","floor":42.0,"turns":1.0},{"damage":0.0,"enemies":"Reptomancer","floor":44.0,"turns":3.0},{"damage":0.0,"enemies":"4 Shapes","floor":45.0,"turns":1.0},{"damage":0.0,"enemies":"infinitespire:Three Voidlings","floor":46.0,"turns":2.0},{"damage":0.0,"enemies":"Nightmare_Alpha","floor":46.0,"turns":8.0},{"damage":0,"enemies":"Replay:Hell Engine","floor":50,"turns":6},{"damage":0,"enemies":"Jaw Worm","floor":52,"turns":1},{"damage":0,"enemies":"2 Louse","floor":55,"turns":1},{"damage":0,"enemies":"3 Sentries","floor":57,"turns":2},{"damage":0,"enemies":"Gremlin Nob","floor":59,"turns":2},{"damage":0,"enemies":"Cultist","floor":63,"turns":2},{"damage":0,"enemies":"3 Sentries","floor":65,"turns":2},{"damage":0,"enemies":"Fading Forest","floor":67,"turns":10},{"damage":0,"enemies":"Shell Parasite","floor":69,"turns":2},{"damage":0,"enemies":"Masked Bandits","floor":72,"turns":1},{"damage":15,"enemies":"Slavers","floor":74,"turns":3},{"damage":0,"enemies":"3 Byrds","floor":75,"turns":3},{"damage":0,"enemies":"Snecko","floor":76,"turns":2},{"damage":0,"enemies":"Gremlin Leader","floor":78,"turns":2},{"damage":0,"enemies":"Snake Plant","floor":80,"turns":2},{"damage":5,"enemies":"Slavers","floor":82,"turns":3},{"damage":0,"enemies":"Automaton","floor":84,"turns":1},{"damage":0,"enemies":"3 Shapes","floor":86,"turns":2},{"damage":0,"enemies":"3 Darklings","floor":87,"turns":2},{"damage":0,"enemies":"Mind Bloom Boss Battle","floor":88,"turns":1},{"damage":0,"enemies":"Spire Growth","floor":90,"turns":2},{"damage":0,"enemies":"Nightmare","floor":91,"turns":4},{"damage":0,"enemies":"R_Hoarder","floor":93,"turns":4},{"damage":0,"enemies":"Nemesis","floor":95,"turns":3},{"damage":0,"enemies":"Maw","floor":97,"turns":4},{"damage":0,"enemies":"3 Darklings","floor":99,"turns":2},{"damage":0,"enemies":"Time Eater","floor":101,"turns":4},{"damage":0,"enemies":"Jaw Worm","floor":103,"turns":2},{"damage":0,"enemies":"2 Louse","floor":104,"turns":1},{"damage":0,"enemies":"Cultist","floor":105,"turns":1}],"seed_played":"-1991417028135904957","potions_obtained":[{"floor":4.0,"key":"bronze:BurnAndBuffPotion"},{"floor":8.0,"key":"Milkshake"},{"floor":10.0,"key":"champ:CounterPotion"},{"floor":13.0,"key":"Adrenaline Potion"},{"floor":18.0,"key":"Adrenaline Potion"},{"floor":25.0,"key":"Poison Potion"},{"floor":30.0,"key":"Strength Potion"},{"floor":33.0,"key":"champ:CounterPotion"}],"is_trial":false,"path_per_floor":["M","?","?","M","$","E","M","E","T","M","M","E","M","M","R_BF","B",null,"M","?","$","?","?","E","R","E","T","AVR","M","M","E","M","R_BF","B",null,"M","$","M","M","M","NM","R","M","T","E","M","?","?","?","R","B",null,"M","?","?","M","AVR","E","R","E","T","?","$","M","$","E","R","B",null,"M","?","AVR","?","$","E","M","M","T","E","?","M","R","E","R","B",null,"M","M","?","?","M","NM","R","E","T","E","T","M","$","M","R","B",null,"M","M","M"],"character_chosen":"THE_SILENT","items_purchased":["Membership Card","Deflect+1","Orichalcum","Deadly Poison","Quick Slash","Noxious Fumes+1","Flechettes+1","Bronze Scales","infinitespire:ShieldingShard","HandDrill","ReplayTheSpireMod:Scrap Shanks+1","Quick Slash+1","ReplayTheSpireMod:TigerMarble","ReplayTheSpireMod:Scrap Shanks+1","Poisoned Stab+1","Crippling Poison+1","Glass Knife+1","Pet Ghost","Backstab+1","Quick Slash+1","infinitespire:WardingShard","ReplayTheSpireMod:Scrap Shanks+1","Backstab+1","Quick Slash+1","ReplayTheSpireMod:Ninjato","infinitespire:CheckeredPen","Poisoned Stab+1","Footwork+1","MerchantsRug"],"campfire_rested":8,"item_purchase_floors":[0,0,0,0,0,5,5,20,20,20,20,20,36,36,36,36,62,64,64,64,73,73,73,73,98,98,98,98,98],"current_hp_per_floor":[64,64,64,64,64,38,38,38,38,38,38,28,28,28,28,22,70,70,70,70,70,70,70,70,73,73,76,79,82,85,83,83,86,91,94,97,100,102,105,108,109,112,112,115,118,121,121,121,121,124,124,127,116,116,119,122,125,136,139,139,128,131,134,137,140,143,146,149,152,152,155,158,161,149,152,155,155,158,92,95,166,164,188,191,191,194,197,200,200,203,206,209,212,212,215,215,218,221,224,227,230,230,233,236,236,236],"gold":6610,"neow_bonus":"","is_daily":false,"chose_seed":false,"campfire_upgraded":0,"win_rate":0.0,"timestamp":1613092947,"path_taken":["M","?","?","M","$","E","M","E","T","M","M","E","M","M","R_BF","BOSS","M","?","$","?","?","E","R","E","T","AVR","M","M","E","M","R_BF","BOSS","M","$","M","M","M","NM","R","M","T","E","M","?","?","?","R","BOSS","M","?","?","M","AVR","E","R","E","T","?","?","?","$","E","R","BOSS","M","?","AVR","?","$","E","M","M","T","E","?","?","R","E","R","BOSS","M","M","?","?","M","NM","R","E","T","E","?","M","$","M","R","BOSS","M","M","M"],"items_purchased_type":["Relic","Card","Relic","Card","Card","Card","Card","Relic","Relic","Relic","Card","Card","Relic","Card","Card","Card","Card","Relic","Card","Card","Relic","Card","Card","Card","Relic","Relic","Card","Card","Relic"],"build_version":"2020-12-22","purchased_purges":2,"victory":false,"max_hp_per_floor":[70,70,70,70,70,70,70,70,70,70,70,70,70,70,70,70,70,70,70,70,70,70,70,70,73,73,76,79,82,85,88,88,91,91,94,97,100,103,106,109,109,112,112,115,118,121,121,121,121,124,124,127,127,127,130,133,136,136,139,139,128,131,134,137,140,143,146,149,152,152,155,158,161,164,167,170,170,173,176,179,182,185,188,191,191,194,197,200,200,203,206,209,212,212,215,215,218,221,224,227,230,230,233,236,236,236],"card_choices":[{"not_picked":["Sneak Up+1","Dodge and Roll+1"],"picked":"Dagger Throw+1","floor":1.0},{"not_picked":["Acrobatics+1","Dagger Spray+1"],"picked":"Prepared+1","floor":4.0},{"not_picked":["ReplayTheSpireMod:Shiv Toss+1","Dodge and Roll+1"],"picked":"Die Die Die+1","floor":6.0},{"not_picked":["PiercingWail+1","Expertise+1"],"picked":"Slice+1","floor":7.0},{"not_picked":["Cloak And Dagger+1","Hidden Blade+1"],"picked":"Caltrops+1","floor":8.0},{"not_picked":["Acrobatics+1","Hidden Blade+1"],"picked":"Sucker Punch+1","floor":10.0},{"not_picked":["Tactician+1","Leg Sweep+1"],"picked":"Infinite Blades+1","floor":11.0},{"not_picked":["Hidden Blade+1","Slice+1"],"picked":"After Image+1","floor":12.0},{"not_picked":["Dagger Spray+1","Choke+1","ReplayTheSpireMod:Speed Training+1"],"picked":"Slice+1","floor":13.0},{"not_picked":["ReplayTheSpireMod:The Works+1","Prepared+1","Cloak And Dagger+1"],"picked":"Poisoned Stab+1","floor":14.0},{"not_picked":["Night Terror+1","Unload+1","Wraith Form v2+1"],"picked":"Die Die Die+1","floor":16.0},{"not_picked":["champ:Execute","Slimebound:Tackle","Bash"],"picked":"sneckomod:SnekBite","floor":17.0},{"not_picked":["Glass Knife","Doppelganger","Tools of the Trade"],"picked":"Adrenaline","floor":17.0},{"not_picked":["Trip","Impatience","Dark Shackles"],"picked":"Flash of Steel","floor":17.0},{"not_picked":["infinitespire:FutureSight","infinitespire:Collect","infinitespire:Execution"],"picked":"ReplayTheSpireMod:Chaos Vortex","floor":17.0},{"not_picked":["Well Laid Plans+1","Dagger Throw+1","Dagger Spray+1"],"picked":"Poisoned Stab+1","floor":18.0},{"not_picked":["Glass Knife+1","Acrobatics+1","Flechettes+1"],"picked":"Terror+1","floor":23.0},{"not_picked":["Cloak And Dagger+1","Sucker Punch+1","Calculated Gamble+1"],"picked":"Fluid Movement+1","floor":25.0},{"not_picked":["Eviscerate+1","Poisoned Stab+1","Slice+1"],"picked":"Outmaneuver+1","floor":28.0},{"not_picked":["Expertise+1","Backflip+1","Sucker Punch+1"],"picked":"Toxin Wave+1","floor":29.0},{"not_picked":["Blur+1","Skewer+1","Unload+1"],"picked":"Malaise+1","floor":30.0},{"not_picked":["Sucker Punch+1","Masterful Stab+1","Acrobatics+1"],"picked":"Terror+1","floor":31.0},{"not_picked":["ReplayTheSpireMod:From All Sides+1","Doppelganger+1","Burst+1"],"picked":"Corpse Explosion+1","floor":33.0},{"not_picked":["Quick Slash+1","Dash+1","Eviscerate+1"],"picked":"Underhanded Strike+1","floor":35.0},{"not_picked":["Prepared+1","Underhanded Strike+1","Predator+1"],"picked":"Poisoned Stab+1","floor":37.0},{"not_picked":["PiercingWail+1","Blur+1","Venomology+1"],"picked":"Riddle With Holes+1","floor":38.0},{"not_picked":["Masterful Stab+1","Dagger Spray+1","Sneak Up+1"],"picked":"Sucker Punch+1","floor":39.0},{"not_picked":["ReplayTheSpireMod:Echoes of Time","infinitespire:Starlight"],"picked":"infinitespire:FutureSight","floor":40.0},{"not_picked":["ReplayTheSpireMod:Scrap Shanks+1","Cloak And Dagger+1","Bane+1"],"picked":"Dagger Spray+1","floor":40.0},{"not_picked":["Reflex+1","Slice+1","Eviscerate+1"],"picked":"Dagger Throw+1","floor":42.0},{"not_picked":["ReplayTheSpireMod:Shiv Toss+1","Deflect+1","Backflip+1"],"picked":"Noxious Fumes+1","floor":44.0},{"not_picked":["Acrobatics+1","Expertise+1","PiercingWail+1"],"picked":"Burst+1","floor":45.0},{"not_picked":["ReplayTheSpireMod:Book of Names","infinitespire:Oblivion"],"picked":"infinitespire:Menacing","floor":46},{"not_picked":["Blur+1","Cloak And Dagger+1","Distraction+1"],"picked":"Slice+1","floor":46},{"not_picked":["Bullet Time+1","Storm of Steel+1","Wraith Form v2+1"],"picked":"Replay:Bag of Tricks+1","floor":50},{"not_picked":["Cloak And Dagger+1","Dodge and Roll+1","PiercingWail+1"],"picked":"Flying Knee+1","floor":52},{"not_picked":["Prepared+1","Heel Hook+1","Backflip+1"],"picked":"Flying Knee+1","floor":55},{"not_picked":["Dodge and Roll+1","Escape Plan+1","ReplayTheSpireMod:Scrap Shanks+1"],"picked":"Draining Mist+1","floor":57},{"not_picked":["ReplayTheSpireMod:Shiv Toss+1","Dagger Spray+1","Cloak And Dagger+1"],"picked":"Blade Dance+1","floor":59},{"not_picked":["Deadly Poison+1","Quick Slash+1","Calculated Gamble+1"],"picked":"Hidden Blade+1","floor":63},{"not_picked":["ReplayTheSpireMod:Necrosis+1","Acrobatics+1","Finisher+1"],"picked":"Flying Knee+1","floor":65},{"not_picked":["Choke+1","Bane+1","Calculated Gamble+1"],"picked":"Dagger Throw+1","floor":66},{"not_picked":["Tools of the Trade+1","Malaise+1","Replay:Bag of Tricks+1"],"picked":"A Thousand Cuts+1","floor":67},{"not_picked":["Well Laid Plans+1","Eviscerate+1","Sneak Up+1"],"picked":"Fluid Movement+1","floor":69},{"not_picked":["PiercingWail+1","Blade Dance+1","Phantasmal Killer+1"],"picked":"Dagger Throw+1","floor":72},{"not_picked":["Sucker Punch+1","Well Laid Plans+1","Deadly Poison+1"],"picked":"Crippling Poison+1","floor":74},{"not_picked":["Leg Sweep+1","Underhanded Strike+1","Deflect+1"],"picked":"Poisoned Stab+1","floor":75},{"not_picked":["PiercingWail+1","ReplayTheSpireMod:Scrap Shanks+1","Deflect+1"],"picked":"Footwork+1","floor":76},{"not_picked":["Acrobatics+1","ReplayTheSpireMod:Speed Training+1","Sneak Up+1"],"picked":"Outmaneuver+1","floor":78},{"not_picked":["Bane+1","Deflect+1","PiercingWail+1"],"picked":"Distraction+1","floor":79},{"not_picked":["Backflip+1","Bane+1","Poisoned Stab+1"],"picked":"Outmaneuver+1","floor":79},{"not_picked":["Backflip+1","Blur+1","Underhanded Strike+1"],"picked":"Quick Slash+1","floor":80},{"not_picked":["Deadly Poison+1","Bouncing Flask+1","Deflect+1"],"picked":"Toxin Wave+1","floor":81},{"not_picked":["Dagger Throw+1","Replay:Bag of Tricks+1","Leg Sweep+1"],"picked":"Toxin Wave+1","floor":82},{"not_picked":["Backflip+1","Blur+1","Dagger Spray+1"],"picked":"Outmaneuver+1","floor":83},{"not_picked":["Wraith Form v2+1","After Image+1","Unload+1"],"picked":"Burst+1","floor":84},{"not_picked":["Backflip+1","Dagger Spray+1","Dodge and Roll+1"],"picked":"Bouncing Flask+1","floor":86},{"not_picked":["Predator+1","Flechettes+1","Bane+1"],"picked":"Quick Slash+1","floor":87},{"not_picked":["Dagger Spray+1","Heel Hook+1","Prepared+1"],"picked":"Masterful Stab+1","floor":88},{"not_picked":["Sucker Punch+1","Hidden Blade+1","PiercingWail+1"],"picked":"Dagger Throw+1","floor":90},{"not_picked":["Cloak And Dagger+1","Dagger Spray+1","Deflect+1"],"picked":"Deadly Poison+1","floor":91},{"not_picked":["Bane+1","Blur+1","Choke+1"],"picked":"Dagger Throw+1","floor":92},{"not_picked":["Quick Slash+1","Replay:Bag of Tricks+1","Hidden Blade+1"],"picked":"Footwork+1","floor":93},{"not_picked":["Malaise+1","ReplayTheSpireMod:Tripwire+1","Flechettes+1"],"picked":"Prepared+1","floor":95},{"not_picked":["All Out Attack+1","PiercingWail+1","Prepared+1"],"picked":"Flying Knee+1","floor":97},{"not_picked":["Deadly Poison+1","Backstab+1","PiercingWail+1"],"picked":"Outmaneuver+1","floor":99},{"not_picked":["ReplayTheSpireMod:Scrap Shanks+1","Quick Slash+1","Leg Sweep+1"],"picked":"Replay:Poison Smokescreen+1","floor":100},{"not_picked":["infinitespire:SevenWalls","infinitespire:FinalStrike"],"picked":"infinitespire:NeuralNetwork","floor":101},{"not_picked":["Atom Bomb+1","Replay:Bag of Tricks+1","Storm of Steel+1"],"picked":"ReplayTheSpireMod:From All Sides+1","floor":101},{"not_picked":["Eviscerate+1","Reflex+1","Sucker Punch+1"],"picked":"Toxin Wave+1","floor":103},{"not_picked":["Cloak And Dagger+1","Sucker Punch+1","Prepared+1"],"picked":"Outmaneuver+1","floor":104}],"player_experience":109448,"relics_obtained":[{"floor":6.0,"key":"ReplayTheSpireMod:Shallot"},{"floor":8.0,"key":"Omamori"},{"floor":9.0,"key":"Nunchaku"},{"floor":12.0,"key":"Question Card"},{"floor":15.0,"key":"Replay:Rubber Ducky"},{"floor":23.0,"key":"infinitespire:CursedDice"},{"floor":25.0,"key":"Replay:Ringing Soul"},{"floor":30.0,"key":"Smiling Mask"},{"floor":40.0,"key":"Frozen Egg 2"},{"floor":43.0,"key":"Happy Flower"},{"floor":44.0,"key":"Darkstone Periapt"},{"floor":46,"key":"Old Coin"},{"floor":57,"key":"Regal Pillow"},{"floor":59,"key":"infinitespire:Satchel"},{"floor":60,"key":"Replay:Bottled Flurry"},{"floor":65,"key":"Dream Catcher"},{"floor":72,"key":"Circlet"},{"floor":74,"key":"Replay:WaspNest"},{"floor":77,"key":"PreservedInsect"},{"floor":78,"key":"Lantern"},{"floor":79,"key":"Boot"},{"floor":82,"key":"Calipers"},{"floor":88,"key":"StoneCalendar"},{"floor":89,"key":"ReplayTheSpireMod:Ring of Exchange"},{"floor":91,"key":"Blue Doll"},{"floor":93,"key":"Oddly Smooth Stone"},{"floor":94,"key":"Eternal Feather"},{"floor":95,"key":"Juzu Bracelet"},{"floor":96,"key":"The Specimen"}],"event_choices":[{"damage_healed":0.0,"max_hp_gain":0.0,"max_hp_loss":0.0,"gold_gain":0.0,"event_name":"The Cleric","player_choice":"Leave","floor":2.0,"gold_loss":0.0,"damage_taken":0.0},{"damage_healed":0.0,"max_hp_gain":0.0,"max_hp_loss":0.0,"gold_gain":175.0,"event_name":"Liars Game","player_choice":"AGREE","floor":3.0,"gold_loss":0.0,"damage_taken":0.0,"cards_obtained":["Doubt"]},{"damage_healed":0.0,"max_hp_gain":0.0,"max_hp_loss":0.0,"gold_gain":0.0,"event_name":"The Library","player_choice":"Read","floor":21.0,"gold_loss":0.0,"damage_taken":0.0,"cards_obtained":["Outmaneuver"]},{"damage_healed":0.0,"max_hp_gain":0.0,"max_hp_loss":0.0,"gold_gain":0.0,"event_name":"Ghosts","player_choice":"Ignored","floor":22.0,"gold_loss":0.0,"damage_taken":0.0},{"damage_healed":0,"gold_gain":0,"player_choice":"Ignored","damage_taken":0,"max_hp_gain":0,"max_hp_loss":0,"event_name":"Ghosts","floor":46,"gold_loss":0},{"damage_healed":0,"gold_gain":0,"player_choice":"Ignored","damage_taken":0,"max_hp_gain":0,"max_hp_loss":0,"event_name":"Tomb of Lord Red Mask","floor":47,"gold_loss":0},{"cards_removed":["Deflect"],"damage_healed":0,"gold_gain":0,"player_choice":"Removed Skill","damage_taken":0,"max_hp_gain":0,"max_hp_loss":0,"event_name":"Falling","floor":48,"gold_loss":0},{"damage_healed":0,"gold_gain":75,"player_choice":"Gather Gold","damage_taken":11,"max_hp_gain":0,"max_hp_loss":0,"event_name":"World of Goop","floor":53,"gold_loss":0},{"damage_healed":0,"gold_gain":0,"player_choice":"Lose Max HP","damage_taken":0,"relics_obtained":["Golden Idol"],"max_hp_gain":0,"max_hp_loss":11,"event_name":"Golden Idol","floor":61,"gold_loss":0},{"damage_healed":0,"gold_gain":0,"player_choice":"Ignored","damage_taken":0,"max_hp_gain":0,"max_hp_loss":0,"event_name":"Ghosts","floor":70,"gold_loss":0},{"damage_healed":0,"gold_gain":0,"player_choice":"Fought Bandits","damage_taken":0,"max_hp_gain":0,"max_hp_loss":0,"event_name":"Masked Bandits","floor":72,"gold_loss":0},{"damage_healed":0,"gold_gain":0,"player_choice":"Fight","damage_taken":0,"max_hp_gain":0,"max_hp_loss":0,"event_name":"MindBloom","floor":88,"gold_loss":0}],"is_beta":false,"boss_relics":[{"not_picked":["infinitespire:Cupcake","Tiny House"],"picked":"ReplayTheSpireMod:SealedPack"},{"not_picked":["Replay:Drink Me","Coffee Dripper"],"picked":"Sozu"},{"not_picked":["Replay:Wanted Poster","Empty Cage"],"picked":"Philosopher\u0027s Stone"},{"not_picked":["infinitespire:Cupcake","Astrolabe"],"picked":"Pandora\u0027s Box"},{"not_picked":["Runic Dome","Replay:Drink Me","Replay:Ancient Bell"]},{"not_picked":["Painkiller Herb","Toolbox"],"picked":"bronze:MakeshiftBattery"}],"items_purged_floors":[5,36],"is_endless":true,"potions_floor_spawned":[4,8,10,13,18,25,29,30,33,38,40,42,45,46,50,52,59,74,75,76,80,82,86,88,90,91,101,104],"killed_by":"Cultist","ascension_level":2}}