{"host":"clgpak7dimivr1r3","time":1613151080,"event":{"mods":["BaseMod","Colored Map","Colored Powertips","Curses Come First","Minty Spire (QoL Compilation)","Relic Stats","Say the Spire","StSLib"],"gold_per_floor":[113,113,134,158,174,174,174,174],"floor_reached":7,"language":"ENG","playtime":252,"items_purged":[],"score":73,"play_id":"28ddc309-efd8-4a0a-8359-2bd0aa7eea4e","local_time":"20210212203120","is_ascension_mode":true,"campfire_choices":[{"floor":6,"key":"REST"}],"circlet_count":0,"master_deck":["AscendersBane","Strike_R","Strike_R","Strike_R","Strike_R","Strike_R","Defend_R","Defend_R","Defend_R","Defend_R","Bash","Heavy Blade","Sword Boomerang","Feed"],"relics":["Mark of Pain","Golden Idol"],"acts_visited":["Exordium"],"potions_floor_usage":[],"damage_taken":[{"damage":8,"enemies":"Jaw Worm","floor":1,"turns":4},{"damage":3,"enemies":"2 Louse","floor":3,"turns":3},{"damage":5,"enemies":"Small Slimes","floor":4,"turns":3},{"damage":23,"enemies":"Exordium Wildlife","floor":5,"turns":5},{"damage":40,"enemies":"3 Sentries","floor":7,"turns":5}],"seed_played":"-361510040539032429","potions_obtained":[{"floor":1,"key":"Swift Potion"},{"floor":4,"key":"GamblersBrew"}],"is_trial":false,"path_per_floor":["M","?","M","M","M","R","E"],"character_chosen":"IRONCLAD","items_purchased":[],"campfire_rested":1,"item_purchase_floors":[],"current_hp_per_floor":[60,42,39,34,11,33,0,0],"gold":174,"neow_bonus":"BOSS_RELIC","is_daily":false,"chose_seed":false,"campfire_upgraded":0,"win_rate":0.0,"timestamp":1613151080,"path_taken":["M","?","M","M","M","R","E"],"items_purchased_type":[],"build_version":"2020-12-22","purchased_purges":0,"victory":false,"max_hp_per_floor":[75,75,75,75,75,75,75,75],"relic_stats":{"counters":[5,20],"Golden Idol":12,"obtain_stats":[{"Golden Idol":2,"Mark of Pain":0,"Burning Blood":0},{"Golden Idol":1,"Mark of Pain":0,"Burning Blood":0},{"Golden Idol":4,"Mark of Pain":0,"Burning Blood":0}]},"card_choices":[{"not_picked":["Disarm","Twin Strike"],"picked":"Heavy Blade","floor":1},{"not_picked":["Sentinel","Armaments"],"picked":"Sword Boomerang","floor":3},{"not_picked":["Warcry","True Grit","Havoc"],"picked":"SKIP","floor":4},{"not_picked":["Iron Wave","Anger"],"picked":"Feed","floor":5}],"player_experience":134589,"relics_obtained":[],"event_choices":[{"damage_healed":0,"gold_gain":0,"player_choice":"Take Damage","damage_taken":18,"relics_obtained":["Golden Idol"],"max_hp_gain":0,"max_hp_loss":0,"event_name":"Golden Idol","floor":2,"gold_loss":0}],"is_beta":false,"boss_relics":[],"items_purged_floors":[],"is_endless":false,"potions_floor_spawned":[1,4],"killed_by":"3 Sentries","ascension_level":14}}