{"host":"c2p2isezsqpgoqg6","time":1613122992,"event":{"mods":["BaseMod","BetterRewards","Colored Map","DeckTracker","Downfall","Infinite Spire","Minty Spire (QoL Compilation)","Quick Restart","StSLib","SuperFastMode"],"gold_per_floor":[159,159,176,105,280,280,310,310,310,342,424,424,436,438,459,474,490,490,589,589,613,613,641,659,659,659,681,681,681,726,15,15,32,55,90,90,198,198,215,215,72,96,118,118,144,165,165,165,223,23,36,55,55,57,57,57,57,95,123,123],"floor_reached":59,"language":"ENG","playtime":2559,"items_purged":["Strike_B+1"],"score":826,"play_id":"302f4120-da62-4dd8-820f-4d6f8bee487c","local_time":"20210212104312","is_ascension_mode":false,"campfire_choices":[{"data":"Defragment","floor":6,"key":"SMITH"},{"data":"Zap","floor":9,"key":"SMITH"},{"floor":18,"key":"REST"},{"data":"Blizzard","floor":26,"key":"SMITH"},{"floor":28,"key":"REST"},{"data":"Capacitor","floor":36,"key":"SMITH"},{"floor":44,"key":"RECALL"},{"data":"infinitespire:Punishment","floor":53,"key":"SMITH"},{"data":"Echo Form","floor":56,"key":"SMITH"}],"circlet_count":0,"master_deck":["Defend_B+1","Defend_B+1","Defend_B+1","Defend_B+1","Zap+1","Dualcast","Coolheaded","Cold Snap","Defragment+1","Ball Lightning","Cold Snap","Doubt","Go for the Eyes","Cold Snap","Leap","Cold Snap","Streamline","Echo Form+1","Compile Driver","Blizzard+1","Chill+1","Capacitor+1","Self Repair","Coolheaded","Sweeping Beam+1","Amplify","Loop+1","Dark Shackles","Conserve Battery","Creative AI","Echo Form","Barrage","infinitespire:FutureSight","infinitespire:Punishment+1","Barrage+1","Blizzard+1","Coolheaded"],"relics":["Tiny House","NlothsMask","Omamori","infinitespire:Midas Blood","The Courier","Empty Cage","Bottled Flame","PreservedInsect","Runic Capacitor","MealTicket","Bag of Preparation","Gremlin Horn","infinitespire:ShieldingShard","Calling Bell","Oddly Smooth Stone","infinitespire:EmpoweringShard","Torii","Eternal Feather","Lantern","Strawberry","Sozu","Emotion Chip","Cables","Orichalcum"],"acts_visited":["Exordium","TheCity","TheBeyond","TheEnding"],"potions_floor_usage":[7,19,19,21,21,37,43,59,59],"damage_taken":[{"damage":11,"enemies":"Jaw Worm","floor":1,"turns":5},{"damage":0,"enemies":"Cultist","floor":3,"turns":4},{"damage":13,"enemies":"3 Sentries","floor":7,"turns":7},{"damage":8,"enemies":"Gremlin Nob","floor":10,"turns":5},{"damage":0,"enemies":"2 Louse","floor":13,"turns":3},{"damage":4,"enemies":"Large Slime","floor":15,"turns":6},{"damage":1,"enemies":"Exordium Thugs","floor":16,"turns":4},{"damage":0,"enemies":"2 Fungi Beasts","floor":17,"turns":3},{"damage":7,"enemies":"Slime Boss","floor":19,"turns":14},{"damage":7,"enemies":"3 Byrds","floor":21,"turns":6},{"damage":24,"enemies":"2 Thieves","floor":23,"turns":5},{"damage":13,"enemies":"Snecko","floor":24,"turns":6},{"damage":4,"enemies":"Chosen and Byrds","floor":27,"turns":8},{"damage":0,"enemies":"Snake Plant","floor":33,"turns":6},{"damage":6,"enemies":"Centurion and Healer","floor":34,"turns":9},{"damage":0,"enemies":"Nightmare","floor":35,"turns":9},{"damage":24,"enemies":"Automaton","floor":37,"turns":13},{"damage":15,"enemies":"3 Shapes","floor":39,"turns":6},{"damage":17,"enemies":"3 Darklings","floor":42,"turns":6},{"damage":20,"enemies":"Maw","floor":43,"turns":13},{"damage":0,"enemies":"Giant Head","floor":45,"turns":12},{"damage":1,"enemies":"Jaw Worm Horde","floor":46,"turns":8},{"damage":4,"enemies":"Mind Bloom Boss Battle","floor":49,"turns":8},{"damage":9,"enemies":"Transient","floor":51,"turns":5},{"damage":32,"enemies":"Spire Growth","floor":52,"turns":5},{"damage":8,"enemies":"Donu and Deca","floor":54,"turns":8},{"damage":7,"enemies":"Shield and Spear","floor":58,"turns":6},{"damage":88,"enemies":"The Heart","floor":59,"turns":8}],"seed_played":"-4889356991669971449","potions_obtained":[{"floor":0,"key":"LiquidBronze"},{"floor":1,"key":"FocusPotion"},{"floor":13,"key":"Swift Potion"},{"floor":16,"key":"ColorlessPotion"},{"floor":19,"key":"EssenceOfSteel"},{"floor":21,"key":"Dexterity Potion"},{"floor":23,"key":"hexamod:SoulburnPotion"},{"floor":27,"key":"Weak Potion"},{"floor":39,"key":"champ:CounterPotion"}],"is_trial":false,"path_per_floor":["M","?","M","$","?","R","E","?","R","E","T","T","M","?","M","M","M","R","B",null,"M","?","M","M","?","R","M","R","T","T","$","?","M","M","NM","R","B",null,"M","?","?","M","M","R","E","M","T","AVR","?","$","M","M","R","B",null,"R","$","E","B"],"character_chosen":"DEFECT","items_purchased":["Ball Lightning","Cold Snap","Capacitor","Runic Capacitor","MealTicket","Bag of Preparation","Gremlin Horn","Self Repair","Cables"],"campfire_rested":2,"item_purchase_floors":[4,4,31,31,31,31,31,31,50],"current_hp_per_floor":[69,69,69,69,69,69,56,56,56,48,48,48,48,32,28,27,27,51,44,80,73,73,49,36,36,36,32,56,56,56,56,56,70,78,78,78,61,80,72,72,72,55,42,60,67,73,73,80,83,87,85,53,74,73,87,87,87,87,0,0],"gold":123,"neow_bonus":"BOSS_RELIC","is_daily":false,"chose_seed":false,"campfire_upgraded":6,"win_rate":0.0,"timestamp":1613122992,"path_taken":["M","?","?","$","?","R","E","?","R","E","T","T","?","?","M","M","M","R","BOSS","M","?","M","M","?","R","M","R","T","T","$","?","?","M","NM","R","BOSS","M","?","?","M","?","R","E","M","T","AVR","?","$","M","M","R","BOSS","R","$","E","BOSS"],"items_purchased_type":["Card","Card","Card","Relic","Relic","Relic","Relic","Card","Relic"],"build_version":"2020-12-22","purchased_purges":1,"victory":false,"max_hp_per_floor":[80,80,80,80,80,80,80,80,80,80,80,80,80,80,80,80,80,80,80,80,80,80,80,80,80,80,80,80,80,80,80,80,80,80,80,80,80,80,80,80,80,80,80,80,80,80,80,87,87,87,87,87,87,87,87,87,87,87,87,87],"card_choices":[{"not_picked":["Rebound","Chill"],"picked":"Coolheaded","floor":0},{"not_picked":["Beam Cell","Redo"],"picked":"Cold Snap","floor":1},{"not_picked":["Thunder Strike","Turbo"],"picked":"Defragment","floor":3},{"not_picked":["Leap","Multi-Cast"],"picked":"Go for the Eyes","floor":7},{"not_picked":["Aggregate","Heatsinks","Redo"],"picked":"SKIP","floor":10},{"not_picked":["Barrage","Reprogram"],"picked":"Cold Snap","floor":13},{"not_picked":["Melter","Steam"],"picked":"Leap","floor":15},{"not_picked":["Melter","Barrage"],"picked":"Cold Snap","floor":16},{"not_picked":["Skim","Turbo"],"picked":"Streamline","floor":17},{"not_picked":["All For One","Rainbow"],"picked":"Echo Form","floor":19},{"not_picked":["Hologram","Rebound"],"picked":"Compile Driver","floor":21},{"not_picked":["Steam Power+1","Hologram+1","Heatsinks"],"picked":"SKIP","floor":23},{"not_picked":["Ball Lightning+1","Compile Driver"],"picked":"Blizzard","floor":24},{"not_picked":["Reprogram","Beam Cell"],"picked":"Chill+1","floor":27},{"not_picked":["Darkness","Core Surge"],"picked":"Coolheaded","floor":33},{"not_picked":["Rebound","Compile Driver","Rip and Tear"],"picked":"SKIP","floor":34},{"not_picked":["Redo+1","Self Repair"],"picked":"Sweeping Beam+1","floor":35},{"not_picked":["Machine Learning","Thunder Strike"],"picked":"Amplify","floor":37},{"not_picked":["Redo+1","Hologram"],"picked":"Loop+1","floor":39},{"not_picked":["Impatience","Swift Strike"],"picked":"Dark Shackles","floor":40},{"not_picked":["Beam Cell+1","Steam"],"picked":"Conserve Battery","floor":42},{"not_picked":["Hologram+1","Compile Driver+1"],"picked":"Creative AI","floor":43},{"not_picked":["Compile Driver+1","Double Energy"],"picked":"Echo Form","floor":45},{"not_picked":["Turbo","FTL+1"],"picked":"Barrage","floor":46},{"not_picked":["Chill+1","Skim"],"picked":"Barrage+1","floor":49},{"not_picked":["Static Discharge","Beam Cell"],"picked":"Blizzard+1","floor":51},{"not_picked":["Stack+1","Fusion"],"picked":"Coolheaded","floor":52},{"not_picked":["Redo+1","Steam+1","Sweeping Beam"],"picked":"SKIP","floor":58}],"player_experience":481169,"relics_obtained":[{"floor":7,"key":"Omamori"},{"floor":10,"key":"infinitespire:Midas Blood"},{"floor":12,"key":"The Courier"},{"floor":29,"key":"Bottled Flame"},{"floor":30,"key":"PreservedInsect"},{"floor":35,"key":"infinitespire:ShieldingShard"},{"floor":38,"key":"Oddly Smooth Stone"},{"floor":38,"key":"infinitespire:EmpoweringShard"},{"floor":38,"key":"Torii"},{"floor":45,"key":"Lantern"},{"floor":49,"key":"Emotion Chip"},{"floor":58,"key":"Orichalcum"}],"event_choices":[{"damage_healed":0,"gold_gain":0,"player_choice":"Trade","damage_taken":0,"relics_obtained":["NlothsMask"],"max_hp_gain":0,"max_hp_loss":0,"event_name":"FaceTrader","floor":2,"gold_loss":0},{"damage_healed":0,"gold_gain":175,"player_choice":"AGREE","damage_taken":0,"max_hp_gain":0,"max_hp_loss":0,"event_name":"Liars Game","floor":5,"gold_loss":0,"cards_obtained":["Doubt"]},{"damage_healed":0,"gold_gain":0,"player_choice":"Bought 0 Potions","damage_taken":0,"max_hp_gain":0,"max_hp_loss":0,"event_name":"The Woman in Blue","floor":8,"gold_loss":0},{"damage_healed":0,"gold_gain":0,"player_choice":"Entered Light","damage_taken":16,"max_hp_gain":0,"max_hp_loss":0,"event_name":"Shining Light","floor":14,"gold_loss":0,"cards_upgraded":["Defend_B","Strike_B"]},{"damage_healed":0,"gold_gain":0,"player_choice":"Simplicity","damage_taken":0,"max_hp_gain":0,"max_hp_loss":0,"event_name":"Back to Basics","floor":25,"gold_loss":0,"cards_upgraded":["Defend_B","Defend_B","Defend_B"]},{"cards_removed":["Strike_B"],"damage_healed":0,"gold_gain":0,"player_choice":"Purged","damage_taken":0,"max_hp_gain":0,"max_hp_loss":0,"event_name":"Purifier","floor":32,"gold_loss":0},{"damage_healed":0,"gold_gain":0,"player_choice":"Memory 1","damage_taken":0,"max_hp_gain":0,"max_hp_loss":0,"event_name":"SensoryStone","floor":40,"gold_loss":0},{"damage_healed":0,"gold_gain":0,"player_choice":"Paid Gold","damage_taken":0,"relics_obtained":["Eternal Feather"],"max_hp_gain":0,"max_hp_loss":0,"event_name":"WeMeetAgain","floor":41,"gold_loss":143},{"damage_healed":0,"gold_gain":0,"player_choice":"Fight","damage_taken":0,"max_hp_gain":0,"max_hp_loss":0,"event_name":"MindBloom","floor":49,"gold_loss":0}],"is_beta":false,"boss_relics":[{"not_picked":["bronze:MakeshiftBattery","Velvet Choker"],"picked":"Empty Cage"},{"not_picked":["SacredBark","Runic Pyramid"],"picked":"Calling Bell"}],"items_purged_floors":[31],"is_endless":false,"potions_floor_spawned":[1,13,16,19,21,23,27,34,35,39,49,51],"killed_by":"The Heart","ascension_level":0}}