{"host":"8rwnpls8n88jrgbg","time":1613124474,"event":{"mods":["BaseMod","Colored Map","Colored Powertips","DeckTracker","Minty Spire (QoL Compilation)","StSLib","SuperFastMode"],"gold_per_floor":[111,111,129,146,146,146,162,162,162,182,201,230,246,31,31,104,104,122,172,17,17,17,17,50,50,50,63,63,91,117,6,6,89,89,107,0,10,29,29,62,62,62,62,62,96,96,111,145,145,145,145,145,145,45,71,71],"floor_reached":57,"language":"KOR","playtime":2714,"items_purged":["Bash","Strike_R+1"],"score":2785,"play_id":"2babdd2e-66b5-40b3-9812-8d3bb31210d4","local_time":"20210212190754","is_ascension_mode":true,"campfire_choices":[{"data":"Infernal Blade","floor":6,"key":"SMITH"},{"data":"Second Wind","floor":8,"key":"SMITH"},{"data":"Apotheosis","floor":15,"key":"SMITH"},{"data":"Barricade","floor":23,"key":"SMITH"},{"data":"Master of Strategy","floor":28,"key":"SMITH"},{"data":"Entrench","floor":32,"key":"SMITH"},{"data":"Dark Embrace","floor":41,"key":"SMITH"},{"floor":44,"key":"RECALL"},{"data":"Feel No Pain","floor":46,"key":"SMITH"},{"data":"Brutality","floor":49,"key":"SMITH"},{"data":"Impervious","floor":53,"key":"SMITH"}],"circlet_count":0,"master_deck":["AscendersBane","Strike_R+1","Strike_R+1","Strike_R+1","Defend_R+1","Defend_R+1","Defend_R+1","Defend_R+1","Master of Strategy+1","Infernal Blade+1","Shrug It Off","Second Wind+1","Feel No Pain+1","Blood for Blood","Twin Strike","Shrug It Off","Apotheosis+1","Impervious+1","Barricade+1","Pommel Strike+1","Dark Embrace+1","Entrench+1","Brutality+1","Warcry+1"],"relics":["Burning Blood","Pantograph","Red Skull","Champion Belt","Coffee Dripper","CeramicFish","Meat on the Bone","Sozu","Red Mask","Ornamental Fan","Mercury Hourglass","Lizard Tail","StoneCalendar","FossilizedHelix"],"acts_visited":["TheCity","TheBeyond","TheEnding"],"potions_floor_usage":[24,30,33,33,47],"damage_taken":[{"damage":6,"enemies":"Cultist","floor":1,"turns":3},{"damage":0,"enemies":"2 Louse","floor":3,"turns":1},{"damage":4,"enemies":"Small Slimes","floor":4,"turns":5},{"damage":1,"enemies":"Looter","floor":7,"turns":3},{"damage":0,"enemies":"2 Fungi Beasts","floor":10,"turns":3},{"damage":6,"enemies":"Blue Slaver","floor":11,"turns":3},{"damage":10,"enemies":"3 Sentries","floor":12,"turns":6},{"damage":0,"enemies":"Large Slime","floor":13,"turns":4},{"damage":25,"enemies":"Hexaghost","floor":16,"turns":8},{"damage":4,"enemies":"Spheric Guardian","floor":18,"turns":6},{"damage":55,"enemies":"Book of Stabbing","floor":24,"turns":7},{"damage":0,"enemies":"Chosen","floor":27,"turns":4},{"damage":0,"enemies":"Snecko","floor":29,"turns":5},{"damage":4,"enemies":"3 Cultists","floor":30,"turns":5},{"damage":63,"enemies":"Automaton","floor":33,"turns":12},{"damage":3,"enemies":"Orb Walker","floor":35,"turns":6},{"damage":18,"enemies":"3 Darklings","floor":37,"turns":7},{"damage":4,"enemies":"Jaw Worm Horde","floor":38,"turns":6},{"damage":9,"enemies":"Giant Head","floor":40,"turns":11},{"damage":14,"enemies":"Mind Bloom Boss Battle","floor":45,"turns":8},{"damage":5,"enemies":"Transient","floor":47,"turns":6},{"damage":21,"enemies":"Nemesis","floor":48,"turns":3},{"damage":11,"enemies":"Donu and Deca","floor":50,"turns":12},{"damage":26,"enemies":"Time Eater","floor":51,"turns":15},{"damage":65,"enemies":"Shield and Spear","floor":55,"turns":11},{"damage":44,"enemies":"The Heart","floor":56,"turns":13}],"seed_played":"-7110862826807330562","potions_obtained":[{"floor":4,"key":"SteroidPotion"},{"floor":11,"key":"Regen Potion"},{"floor":24,"key":"SmokeBomb"},{"floor":27,"key":"Swift Potion"},{"floor":30,"key":"Swift Potion"},{"floor":33,"key":"Energy Potion"}],"is_trial":false,"path_per_floor":["M","?","M","M","?","R","M","R","T","M","M","E","M","$","R","B",null,"M","?","$","?","?","R","E","?","T","M","R","M","M","$","R","B",null,"M","?","M","M","?","E","R","T","T","R","?","R","M","E","R","B","B",null,"R","$","E","B",null],"character_chosen":"IRONCLAD","items_purchased":["Apotheosis","Barricade","Entrench"],"campfire_rested":0,"item_purchase_floors":[14,20,31],"current_hp_per_floor":[50,5,11,13,13,13,18,18,18,24,24,20,26,26,26,32,64,66,66,66,45,45,45,11,11,11,29,29,47,49,49,49,29,67,70,70,58,60,60,57,57,57,57,57,72,72,73,58,58,75,60,75,75,75,28,27],"gold":71,"neow_bonus":"RANDOM_COLORLESS_2","is_daily":false,"chose_seed":false,"campfire_upgraded":10,"win_rate":0.0,"timestamp":1613124474,"path_taken":["M","?","M","M","?","R","M","R","T","M","?","E","M","$","R","BOSS","M","?","$","?","?","R","E","?","T","M","R","M","M","$","R","BOSS","M","?","M","M","?","E","R","?","T","R","?","R","M","E","R","BOSS","BOSS","R","$","E","BOSS"],"items_purchased_type":["Card","Card","Card"],"build_version":"2020-12-22","purchased_purges":2,"victory":true,"max_hp_per_floor":[75,75,75,75,75,75,75,75,75,75,75,75,75,75,75,75,75,75,75,75,80,80,80,80,80,80,80,80,80,80,80,80,80,80,80,80,80,80,80,80,80,80,80,80,80,80,80,80,80,80,80,80,80,80,80,80],"card_choices":[{"not_picked":["Sadistic Nature","Chrysalis"],"picked":"Master of Strategy","floor":0},{"not_picked":["Iron Wave","Inflame"],"picked":"Infernal Blade","floor":1},{"not_picked":["True Grit","Body Slam"],"picked":"Shrug It Off","floor":3},{"not_picked":["Twin Strike","Iron Wave"],"picked":"Second Wind","floor":4},{"not_picked":["Fire Breathing","Cleave"],"picked":"Feel No Pain","floor":7},{"not_picked":["Heavy Blade","Armaments"],"picked":"Blood for Blood","floor":10},{"not_picked":["Perfected Strike","Shrug It Off"],"picked":"Cleave","floor":11},{"not_picked":["Demon Form","Searing Blow"],"picked":"Twin Strike","floor":12},{"not_picked":["Anger","Wild Strike"],"picked":"Shrug It Off","floor":13},{"not_picked":["Corruption","Bludgeon"],"picked":"Impervious","floor":16},{"not_picked":["Sever Soul","Flex","Clothesline"],"picked":"SKIP","floor":18},{"not_picked":["Twin Strike","Bloodletting","Clash"],"picked":"SKIP","floor":24},{"not_picked":["Combust","Wild Strike","Pommel Strike"],"picked":"SKIP","floor":27},{"not_picked":["Flex","Flame Barrier"],"picked":"Pommel Strike+1","floor":29},{"not_picked":["Iron Wave","Combust"],"picked":"Dark Embrace","floor":30},{"not_picked":["Fiend Fire","Impervious"],"picked":"Brutality","floor":33},{"not_picked":["Warcry","Iron Wave","Havoc"],"picked":"SKIP","floor":35},{"not_picked":["Anger","Twin Strike+1","Wild Strike"],"picked":"SKIP","floor":37},{"not_picked":["Heavy Blade","Bloodletting","Shrug It Off+1"],"picked":"SKIP","floor":38},{"not_picked":["Clash+1","Flame Barrier","Pummel+1"],"picked":"SKIP","floor":40},{"not_picked":["Dark Embrace","Perfected Strike+1"],"picked":"Warcry+1","floor":45},{"not_picked":["Pummel","Armaments","Clothesline"],"picked":"SKIP","floor":47},{"not_picked":["Immolate","Wild Strike","Flex"],"picked":"SKIP","floor":48},{"not_picked":["Headbutt","Dropkick","True Grit+1"],"picked":"SKIP","floor":55}],"player_experience":1517077,"relics_obtained":[{"floor":9,"key":"Red Skull"},{"floor":12,"key":"Champion Belt"},{"floor":24,"key":"CeramicFish"},{"floor":26,"key":"Meat on the Bone"},{"floor":40,"key":"Ornamental Fan"},{"floor":43,"key":"Mercury Hourglass"},{"floor":45,"key":"Lizard Tail"},{"floor":48,"key":"StoneCalendar"},{"floor":55,"key":"FossilizedHelix"}],"event_choices":[{"damage_healed":0,"gold_gain":0,"player_choice":"Success","damage_taken":45,"relics_obtained":["Pantograph"],"max_hp_gain":0,"max_hp_loss":0,"event_name":"Scrap Ooze","floor":2,"gold_loss":0},{"cards_removed":["Strike_R"],"damage_healed":0,"gold_gain":0,"player_choice":"Offered Basic","damage_taken":0,"max_hp_gain":0,"max_hp_loss":0,"event_name":"Bonfire Elementals","floor":5,"gold_loss":0},{"damage_healed":0,"gold_gain":50,"player_choice":"Stole From Cult","damage_taken":0,"max_hp_gain":0,"max_hp_loss":0,"event_name":"Nest","floor":19,"gold_loss":0},{"damage_healed":0,"gold_gain":0,"player_choice":"Shed Blood","damage_taken":26,"max_hp_gain":5,"max_hp_loss":0,"event_name":"Forgotten Altar","floor":21,"gold_loss":0},{"damage_healed":0,"gold_gain":0,"player_choice":"Simplicity","damage_taken":0,"max_hp_gain":0,"max_hp_loss":0,"event_name":"Back to Basics","floor":22,"gold_loss":0,"cards_upgraded":["Strike_R","Strike_R","Strike_R","Strike_R","Defend_R","Defend_R","Defend_R","Defend_R"]},{"damage_healed":0,"gold_gain":0,"player_choice":"Ignored","damage_taken":0,"max_hp_gain":0,"max_hp_loss":0,"event_name":"Cursed Tome","floor":25,"gold_loss":0},{"damage_healed":0,"gold_gain":0,"player_choice":"Paid","damage_taken":0,"relics_obtained":["Red Mask"],"max_hp_gain":0,"max_hp_loss":0,"event_name":"Tomb of Lord Red Mask","floor":36,"gold_loss":107},{"cards_removed":["Cleave"],"damage_healed":0,"gold_gain":0,"player_choice":"Removed Attack","damage_taken":0,"max_hp_gain":0,"max_hp_loss":0,"event_name":"Falling","floor":39,"gold_loss":0},{"damage_healed":0,"gold_gain":0,"player_choice":"Fight","damage_taken":0,"max_hp_gain":0,"max_hp_loss":0,"event_name":"MindBloom","floor":45,"gold_loss":0}],"is_beta":false,"boss_relics":[{"not_picked":["Ectoplasm","Philosopher\u0027s Stone"],"picked":"Coffee Dripper"},{"not_picked":["Runic Dome","Mark of Pain"],"picked":"Sozu"}],"items_purged_floors":[31,54],"is_endless":false,"potions_floor_spawned":[4,11,13,24,27,30,33,35,37,45,48,55],"ascension_level":20}}