{"host":"27g79df0endkaa4r","time":1613151107,"event":{"mods":["Abigail Mod","AchievementEnabler","Act Like it!","Alarm Clock","BaseMod","Better Altar","Better Match","Better Skull","Better Third Choice","BetterRewards","Bossed Relics","CapriCore","Card Forge","Colored Map","Curses Come First","Disable Question Mark Monsters","Displayed Cursed Tome","Emptier Cage","FoggyMod","Friendly Minions","Gold Saver","Good Game Mod","Grow up Mod","Highlight Path","Kratos Character Expansion","Minty Spire (QoL Compilation)","Permanent Neow","Poem Panic","Remilia??????","Shop Mod","StSLib","The Immortal","The Servant 0.9.4","The Vixen","Transform Curses","Virulent Crown","????"],"gold_per_floor":[16403,16478,16443,16618,16634,16660,16031,16050,16050,15527,15802,15829,15847,15847,15288,15386,15386,15396,15396,15396,14622,14622,14622,14647,14647,14671,14696,14721,13886,13913,13913,13913,14011,14011,14030,14030,14030,14030,14081,14113,14163,14163,14186,14214,13473,13473,13521,12554,11671,11671],"floor_reached":51,"language":"ENG","playtime":1794,"items_purged":[],"score":1337,"play_id":"cd7e9a7c-1cfb-4363-a84e-eb0aa25ef391","local_time":"20210212183147","is_ascension_mode":false,"campfire_choices":[{"data":"1","floor":23,"key":"LIFT"},{"data":"2","floor":25,"key":"LIFT"},{"data":"3","floor":32,"key":"LIFT"}],"circlet_count":0,"master_deck":["Bash+1","Fire Breathing+1","Headbutt+1","Power Through+1","Bloodletting+1","Dark Embrace+1","Flex+1","Thunderclap+1","KratosMod:FullCounter+1","Metallicize+1","Flex+1","Thunderclap+1","Seeing Red+1","Flame Barrier+1","Reaper+1","Combust+1","Jack Of All Trades+1","Impervious+1","CurseOfTheBell","Feel No Pain+1","Rage+1","Headbutt+1","Dark Embrace+1","Brutality+1","Fire Breathing+1","Writhe","Barricade+1","Ghostly Armor+1","Combust+1","Dark Shackles+1","Magnetism+1","Purity+1","Seeing Red+1","Dark Embrace+1","Ghostly Armor+1","Uppercut+1","Anger+1","Pommel Strike+1","Seeing Red+1","Rage+1","Dark Embrace+1","Seeing Red+1","Rupture+1","Whirlwind+1","Reaper+1","Inflame+1","Searing Blow+1"],"relics":["Burning Blood","Hammer of Thor","Seething Fire","Anvil of the Gods","REME:ComplimentaryCards","MerchantsRug","Sundial","Brimstone","Boot","betterAltar:BloodRelic","Medical Kit","Meat on the Bone","Potion Belt","Matryoshka","Frozen Eye","Calling Bell","MealTicket","Letter Opener","Lizard Tail","Chemical X","Girya","Juzu Bracelet","Bloody Idol","Orichalcum","Strawberry","Anchor","Ancient Tea Set","War Paint","Toy Ornithopter","Toolbox","Champion Belt","Frozen Egg 2","Happy Flower","Mummified Hand","Runic Cube","Magic Flower","Bronze Scales","TungstenRod","Nunchaku","Red Skull","Thread and Needle","Regal Pillow","Orrery","Lantern","Shuriken","TheAbacus","Bird Faced Urn","Sling","Incense Burner","Calipers"],"acts_visited":["Exordium","TheCity","TheBeyond"],"potions_floor_usage":[13024,24,24,24,30],"damage_taken":[{"damage":0,"enemies":"Cultist","floor":1,"turns":3},{"damage":10,"enemies":"Small Slimes","floor":5,"turns":3},{"damage":1,"enemies":"3 Sentries","floor":6,"turns":4},{"damage":3,"enemies":"2 Louse","floor":8,"turns":1},{"damage":7,"enemies":"Lagavulin","floor":12,"turns":5},{"damage":39,"enemies":"Exordium Thugs","floor":13,"turns":3},{"damage":64,"enemies":"The Guardian","floor":16,"turns":6},{"damage":21,"enemies":"Spheric Guardian","floor":18,"turns":4},{"damage":50,"enemies":"Gremlin Leader","floor":24,"turns":5},{"damage":13,"enemies":"Book of Stabbing","floor":28,"turns":4},{"damage":8,"enemies":"Gremlin Leader","floor":30,"turns":3},{"damage":5,"enemies":"Automaton","floor":33,"turns":4},{"damage":4,"enemies":"Orb Walker","floor":35,"turns":3},{"damage":2,"enemies":"2 Orb Walkers","floor":39,"turns":3},{"damage":21,"enemies":"Nemesis","floor":40,"turns":3},{"damage":6,"enemies":"Mind Bloom Boss Battle","floor":41,"turns":3},{"damage":9,"enemies":"Giant Head","floor":44,"turns":7},{"damage":17,"enemies":"Reptomancer","floor":47,"turns":4},{"damage":3,"enemies":"Donu and Deca","floor":50,"turns":4}],"seed_played":"6173987238308956123","potions_obtained":[{"floor":1,"key":"GamblersBrew"},{"floor":6,"key":"BloodPotion"},{"floor":13,"key":"LiquidBronze"},{"floor":28,"key":"Energy Potion"},{"floor":30,"key":"Fruit Juice"},{"floor":33,"key":"SkillPotion"},{"floor":38,"key":"LiquidMemories"},{"floor":38,"key":"FairyPotion"}],"is_trial":false,"path_per_floor":["M","?","?","?","M","E","R","M","T","R","?","E","M","?","R","B",null,"M","?","?","$","?","R","E","R","T","T","E","$","E","?","R","B",null,"M","?","?","?","?","E","?","?","T","E","$","?","E","$","R","B",null],"character_chosen":"IRONCLAD","items_purchased":["MerchantsRug","Fire Breathing","Brimstone","Dark Embrace","Flex","Thunderclap","KratosMod:FullCounter","Boot","Medical Kit","Metallicize","Flex","Meat on the Bone","Matryoshka","Frozen Eye","Combust","Jack Of All Trades","Chemical X","Girya","Juzu Bracelet","Feel No Pain","Rage","Headbutt","Toolbox","Champion Belt","Frozen Egg 2","Brutality+1","Thread and Needle","Regal Pillow","Dark Embrace+1","Ghostly Armor","Orrery","Shuriken","TheAbacus","Bird Faced Urn","Rupture+1","Whirlwind","Reaper","Sling","Incense Burner","Inflame+1","Searing Blow","Calipers"],"campfire_rested":0,"item_purchase_floors":[0,0,7,7,7,7,7,7,10,10,10,10,15,15,15,15,21,21,21,21,21,21,29,29,29,29,45,45,45,45,45,48,48,48,48,48,48,49,49,49,49,49],"current_hp_per_floor":[100,99,120,130,136,150,160,170,180,190,200,209,187,197,207,192,260,255,265,275,300,73,83,213,223,245,260,286,311,355,365,375,410,442,452,462,472,482,492,502,512,513,528,542,552,562,572,582,592,602],"gold":11671,"neow_bonus":"","is_daily":false,"chose_seed":false,"campfire_upgraded":0,"win_rate":0.0,"timestamp":1613151107,"path_taken":["M","?","?","?","?","E","R","?","T","R","?","E","?","?","R","BOSS","M","?","?","$","?","R","E","R","T","?","E","?","E","?","R","BOSS","M","?","?","?","?","E","?","?","T","E","?","?","E","?","R","BOSS"],"items_purchased_type":["Relic","Card","Relic","Card","Card","Card","Card","Relic","Relic","Card","Card","Relic","Relic","Relic","Card","Card","Relic","Relic","Relic","Card","Card","Card","Relic","Relic","Relic","Card","Relic","Relic","Card","Card","Relic","Relic","Relic","Relic","Card","Card","Card","Relic","Relic","Card","Card","Relic"],"build_version":"2020-12-22","purchased_purges":0,"victory":true,"max_hp_per_floor":[100,110,120,130,140,150,160,170,180,190,200,210,220,230,240,250,260,270,280,290,300,310,320,330,340,357,367,377,387,402,412,422,432,442,452,462,472,482,492,502,512,522,532,542,552,562,572,582,592,602],"card_choices":[{"not_picked":["Power Through","Inflame"],"picked":"Headbutt","floor":1},{"not_picked":["Body Slam","Thunderclap"],"picked":"Power Through","floor":5},{"not_picked":["Flex","Sever Soul"],"picked":"Bloodletting","floor":6},{"not_picked":["Twin Strike","Warcry","Iron Wave"],"picked":"SKIP","floor":8},{"not_picked":["Perfected Strike","Second Wind"],"picked":"Seeing Red","floor":12},{"not_picked":["Uppercut","Armaments"],"picked":"Flame Barrier","floor":13},{"not_picked":["Bludgeon","Brutality"],"picked":"Impervious","floor":16},{"not_picked":["Sword Boomerang","Rampage","Armaments+1"],"picked":"SKIP","floor":18},{"not_picked":["Combust","Dual Wield+1"],"picked":"Dark Embrace","floor":24},{"not_picked":["Warcry+1","Pommel Strike"],"picked":"Seeing Red","floor":28},{"not_picked":["Pommel Strike","Anger"],"picked":"Fire Breathing+1","floor":30},{"not_picked":["Brutality+1","Corruption+1"],"picked":"Barricade+1","floor":33},{"not_picked":["Shrug It Off","Hemokinesis","Perfected Strike+1"],"picked":"SKIP","floor":35},{"not_picked":["Uppercut+1","Infernal Blade"],"picked":"Ghostly Armor","floor":40},{"not_picked":["Cleave+1","Shrug It Off+1"],"picked":"Combust+1","floor":41},{"not_picked":["Blind","Discovery"],"picked":"Dark Shackles","floor":42},{"not_picked":["Bandage Up","PanicButton"],"picked":"Magnetism+1","floor":42},{"not_picked":["Blind","Discovery"],"picked":"Purity","floor":42},{"not_picked":["Brutality+1","Barricade+1"],"picked":"Seeing Red","floor":44},{"not_picked":["Iron Wave+1","Clothesline+1"],"picked":"Uppercut+1","floor":45},{"not_picked":["Clash","Pommel Strike"],"picked":"Anger","floor":45},{"not_picked":["Clothesline","Cleave"],"picked":"Pommel Strike+1","floor":45},{"not_picked":["Fiend Fire","Hemokinesis"],"picked":"Seeing Red","floor":45},{"not_picked":["Battle Trance","Armaments"],"picked":"Rage","floor":45},{"not_picked":["Uppercut","Blood for Blood+1"],"picked":"Seeing Red","floor":47}],"player_experience":9361,"relics_obtained":[{"floor":6,"key":"Sundial"},{"floor":9,"key":"Blood Vial"},{"floor":12,"key":"Potion Belt"},{"floor":17,"key":"MealTicket"},{"floor":17,"key":"Letter Opener"},{"floor":17,"key":"Lizard Tail"},{"floor":24,"key":"Orichalcum"},{"floor":26,"key":"Strawberry"},{"floor":26,"key":"Anchor"},{"floor":27,"key":"Ancient Tea Set"},{"floor":27,"key":"War Paint"},{"floor":28,"key":"Toy Ornithopter"},{"floor":30,"key":"Happy Flower"},{"floor":39,"key":"Magic Flower"},{"floor":40,"key":"Bronze Scales"},{"floor":41,"key":"TungstenRod"},{"floor":43,"key":"Nunchaku"},{"floor":44,"key":"Red Skull"},{"floor":47,"key":"Lantern"}],"event_choices":[{"damage_healed":0,"gold_gain":75,"player_choice":"Gold","damage_taken":11,"max_hp_gain":0,"max_hp_loss":0,"event_name":"betterThird:BetterGoop","floor":2,"gold_loss":0},{"damage_healed":27,"gold_gain":0,"player_choice":"Healed","damage_taken":0,"max_hp_gain":0,"max_hp_loss":0,"event_name":"The Cleric","floor":3,"gold_loss":35},{"damage_healed":0,"gold_gain":175,"player_choice":"AGREE","damage_taken":16443,"max_hp_gain":0,"max_hp_loss":0,"event_name":"betterThird:BetterSerpent","floor":4,"gold_loss":0},{"damage_healed":0,"gold_gain":275,"player_choice":"Desecrate","damage_taken":0,"max_hp_gain":0,"max_hp_loss":0,"event_name":"Golden Shrine","floor":11,"gold_loss":0,"cards_obtained":["Regret"]},{"damage_healed":0,"gold_gain":0,"cards_transformed":["Regret"],"player_choice":"Change","damage_taken":0,"max_hp_gain":0,"max_hp_loss":0,"event_name":"Living Wall","floor":14,"gold_loss":0,"cards_obtained":["Reaper"]},{"damage_healed":0,"gold_gain":0,"player_choice":"Ignored","damage_taken":0,"max_hp_gain":0,"max_hp_loss":0,"event_name":"Vampires","floor":19,"gold_loss":0},{"damage_healed":0,"gold_gain":0,"player_choice":"Ignored","damage_taken":0,"max_hp_gain":0,"max_hp_loss":0,"event_name":"NoteForYourself","floor":20,"gold_loss":0},{"damage_healed":0,"gold_gain":0,"player_choice":" Idol RottenVial Potion ","damage_taken":237,"relics_obtained":["Bloody Idol","betterAltar:BloodRelic"],"max_hp_gain":300,"max_hp_loss":63,"event_name":"betterAltar:BetterAltar","floor":22,"potions_obtained":["betterAltar:AltarPotion"],"relics_lost":["Blood Vial"],"gold_loss":0},{"damage_healed":0,"gold_gain":0,"player_choice":"Opened","damage_taken":0,"relics_obtained":["Mummified Hand"],"max_hp_gain":0,"max_hp_loss":0,"event_name":"The Mausoleum","floor":31,"gold_loss":0,"cards_obtained":["Writhe"]},{"cards_removed":["Seeing Red"],"damage_healed":0,"gold_gain":0,"player_choice":"Removed Skill","damage_taken":0,"max_hp_gain":0,"max_hp_loss":0,"event_name":"Falling","floor":36,"gold_loss":0},{"damage_healed":0,"gold_gain":0,"player_choice":"Ignored","damage_taken":0,"max_hp_gain":0,"max_hp_loss":0,"event_name":"Tomb of Lord Red Mask","floor":37,"gold_loss":0},{"damage_healed":0,"gold_gain":0,"player_choice":"Got Potions","damage_taken":0,"max_hp_gain":0,"max_hp_loss":0,"event_name":"Lab","floor":38,"gold_loss":0},{"damage_healed":0,"gold_gain":0,"player_choice":"Fight","damage_taken":0,"max_hp_gain":0,"max_hp_loss":0,"event_name":"Mysterious Sphere","floor":39,"gold_loss":0},{"damage_healed":0,"gold_gain":0,"player_choice":"Fight","damage_taken":0,"max_hp_gain":0,"max_hp_loss":0,"event_name":"MindBloom","floor":41,"gold_loss":0},{"damage_healed":0,"gold_gain":0,"player_choice":"Memory 3","damage_taken":10,"max_hp_gain":0,"max_hp_loss":0,"event_name":"SensoryStone","floor":42,"gold_loss":0},{"damage_healed":0,"gold_gain":0,"cards_transformed":["Doubt"],"player_choice":"Transformed","damage_taken":0,"max_hp_gain":0,"max_hp_loss":0,"event_name":"Transmorgrifier","floor":46,"gold_loss":0,"cards_obtained":["Dark Embrace"]}],"is_beta":false,"boss_relics":[{"not_picked":["PoemPanic:PoemPanicRelic","Fusion Hammer"],"picked":"Calling Bell"},{"not_picked":["Velvet Choker","SacredBark"],"picked":"Runic Cube"}],"items_purged_floors":[],"is_endless":false,"potions_floor_spawned":[1,6,13,28,30,33,47],"ascension_level":0}}