{"host":"4tnjxquzd1sn7hrw","time":1613119706,"event":{"mods":["BaseMod","Colored Map","Downfall","Hubris","Minty Spire (QoL Compilation)","Quick Restart","StSLib"],"gold_per_floor":[99,116,116,116,291,308,377,392,392,42,55,84,84,102,115,115,115,115],"floor_reached":16,"language":"ENG","playtime":1124,"items_purged":["Doubt"],"score":127,"play_id":"5cb62565-39b9-4a69-9251-955b364e4f12","local_time":"20210212174826","is_ascension_mode":false,"campfire_choices":[{"data":"bronze:Goto","floor":1,"key":"SMITH"},{"data":"bronze:GetLatest","floor":13,"key":"SMITH"}],"circlet_count":0,"master_deck":["bronze:Strike","bronze:Strike","bronze:Strike","bronze:Strike","bronze:Defend","bronze:Defend","bronze:Defend","bronze:Defend","bronze:Replicate","bronze:Goto+1","bronze:BuggyMess+1","bronze:Frontload","bronze:CloningBeam","bronze:Fortify","bronze:Repair","expansioncontent:StudyTheSpire","bronze:Repair","bronze:GetLatest+1","bronze:Format","hubris:NaturalOne","bronze:BugBarrage"],"relics":["bronze:BronzeCore","hubris:Icosahedron","Meat on the Bone","hubris:FunFungus"],"acts_visited":["Exordium"],"potions_floor_usage":[8,8,12,16],"damage_taken":[{"damage":5,"enemies":"2 Louse","floor":2,"turns":3},{"damage":7,"enemies":"Small Slimes","floor":6,"turns":5},{"damage":27,"enemies":"Cultist","floor":8,"turns":6},{"damage":0,"enemies":"downfall:FleeingMerchant","floor":10,"turns":4},{"damage":18,"enemies":"Gremlin Gang","floor":11,"turns":10},{"damage":0,"enemies":"Lagavulin","floor":12,"turns":6},{"damage":1,"enemies":"2 Fungi Beasts","floor":14,"turns":3},{"damage":19,"enemies":"3 Louse","floor":15,"turns":4},{"damage":104,"enemies":"IC_STATUS_ARCHETYPE","floor":16,"turns":10}],"seed_played":"-340648645488735675","potions_obtained":[{"floor":6,"key":"EntropicBrew"},{"floor":11,"key":"Regen Potion"},{"floor":12,"key":"PowerPotion"},{"floor":14,"key":"bronze:BurnAndBuffPotion"}],"is_trial":false,"path_per_floor":["R","M","?","?","?","M","T","M","?","$","M","E","R","M","M","B"],"character_chosen":"THE_AUTOMATON","items_purchased":["bronze:Repair","expansioncontent:StudyTheSpire"],"campfire_rested":0,"item_purchase_floors":[10,10],"current_hp_per_floor":[77,72,72,72,72,65,65,50,50,50,39,67,67,77,58,0,0,0],"gold":115,"neow_bonus":"TEN_PERCENT_HP_BONUS","is_daily":false,"chose_seed":false,"campfire_upgraded":2,"win_rate":0.0,"timestamp":1613119706,"path_taken":["R","M","?","?","?","M","T","M","?","$","M","E","R","M","M","BOSS"],"items_purchased_type":["Card","Card"],"build_version":"2020-12-22","purchased_purges":1,"victory":false,"max_hp_per_floor":[77,77,77,77,77,77,77,77,77,77,77,77,77,77,77,77,77,77],"card_choices":[{"not_picked":["bronze:FineTuning","bronze:Turbo"],"picked":"bronze:BuggyMess","floor":2},{"not_picked":["bronze:WildBeam","bronze:Return"],"picked":"bronze:Frontload","floor":6},{"not_picked":["bronze:Allocate","bronze:Return"],"picked":"bronze:CloningBeam","floor":8},{"not_picked":["bronze:Deprecate","bronze:Overheat"],"picked":"bronze:Fortify","floor":10},{"not_picked":["bronze:NullPointer","bronze:GetLatest"],"picked":"bronze:Repair","floor":11},{"not_picked":["bronze:BitShift","bronze:ChosenStrike"],"picked":"bronze:GetLatest","floor":12},{"not_picked":["bronze:Branch","bronze:DelayedSlice"],"picked":"bronze:Format","floor":14},{"not_picked":["bronze:Invalidate","bronze:CutThrough"],"picked":"bronze:BugBarrage","floor":15}],"player_experience":540414,"relics_obtained":[{"floor":7,"key":"Meat on the Bone"},{"floor":12,"key":"hubris:FunFungus"}],"event_choices":[],"is_beta":false,"boss_relics":[],"items_purged_floors":[10],"is_endless":false,"potions_floor_spawned":[6,11,12,14],"killed_by":"IC_STATUS_ARCHETYPE","ascension_level":0}}