{"host":"p7cjtxxrilhp4dw7","time":1613089984,"event":{"mods":["BaseMod","Block Reminder","Colored Map","Curses Come First","Highlight Path","Minty Spire (QoL Compilation)","Replay The Spire","StSLib"],"gold_per_floor":[118,118,218,229,82,82,112,112,112,140,172,172,183,28,28,124,124,137,137,92,105,121,146,146,146,173,52,52,12,31,60,60,163,213,213,213],"floor_reached":35,"language":"ENG","playtime":2855,"items_purged":["Shame"],"score":624,"play_id":"a1e5ab9b-8524-45a8-a0b6-f934146f9cb5","local_time":"20210211173304","is_ascension_mode":true,"campfire_choices":[{"data":"Eruption","floor":6,"key":"SMITH"},{"floor":8,"key":"REST"},{"floor":12,"key":"REST"},{"data":"ForeignInfluence","floor":15,"key":"SMITH"},{"floor":24,"key":"REST"},{"floor":32,"key":"REST"}],"circlet_count":0,"master_deck":["AscendersBane","Strike_P+1","Strike_P+1","Strike_P+1","Strike_P+1","Defend_P+1","Defend_P+1","Defend_P+1","Defend_P+1","Eruption+1","Vigilance+1","ForeignInfluence+1","WaveOfTheHand+1","EmptyBody+1","Conclude","Judgement+1","Hallucinations","Languid","CrushJoints+1","ForeignInfluence+1","PathToVictory+1","FollowUp","ThirdEye+1","Pot Of Greed+1","Pot Of Greed+1","Pot Of Greed+1","Halt+1","LessonLearned+1","Replay:AllIn+1"],"relics":["PureWater","PreservedInsect","Eternal Feather","Toxic Egg 2","Odd Mushroom","Torii","Toolbox","Replay:Ancient Bell","ReplayFunnel","Golden Egg","Shovel","Gremlin Food","Grinning Jar","Replay:Rubber Ducky","Tiny House"],"acts_visited":["Exordium","TheCity","TheBeyond"],"potions_floor_usage":[7,22,23,31,33,33,35],"damage_taken":[{"damage":1,"enemies":"2 Louse","floor":1,"turns":4},{"damage":2,"enemies":"Cultist","floor":4,"turns":5},{"damage":12,"enemies":"3 Sentries","floor":7,"turns":8},{"damage":16,"enemies":"The Mushroom Lair","floor":10,"turns":6},{"damage":24,"enemies":"Gremlin Nob","floor":11,"turns":4},{"damage":1,"enemies":"Jaw Worm","floor":13,"turns":3},{"damage":41,"enemies":"Fading Forest","floor":16,"turns":11},{"damage":23,"enemies":"2 Thieves","floor":18,"turns":3},{"damage":2,"enemies":"Shell Parasite","floor":21,"turns":5},{"damage":13,"enemies":"Snake Plant","floor":22,"turns":4},{"damage":18,"enemies":"Gremlin Leader","floor":23,"turns":4},{"damage":0,"enemies":"Sentry and Sphere","floor":30,"turns":2},{"damage":1,"enemies":"Book of Stabbing","floor":31,"turns":3},{"damage":83,"enemies":"Collector","floor":33,"turns":12},{"damage":9,"enemies":"3 Darklings","floor":35,"turns":3}],"seed_played":"7417631920286629359","potions_obtained":[{"floor":4,"key":"Strength Potion"},{"floor":16,"key":"Adrenaline Potion"},{"floor":22,"key":"Elixir"},{"floor":29,"key":"CultistPotion"},{"floor":29,"key":"SteroidPotion"},{"floor":29,"key":"ColorlessPotion"},{"floor":34,"key":"DistilledChaos"}],"is_trial":false,"path_per_floor":["M","$","?","M","$","R","E","R","T","?","E","R","M","$","R","B",null,"M","?","$","M","M","E","R","?","T","$","?","?","M","E","R","B",null,"M"],"character_chosen":"WATCHER","items_purchased":["PreservedInsect","Toolbox","PathToVictory+1","Halt+1"],"campfire_rested":4,"item_purchase_floors":[5,14,20,27],"current_hp_per_floor":[60,60,60,58,58,58,46,77,77,61,37,68,67,67,76,39,74,51,51,51,49,36,18,55,55,55,55,55,55,55,54,86,3,70,61,61],"gold":213,"neow_bonus":"TWENTY_PERCENT_HP_BONUS","is_daily":false,"chose_seed":false,"campfire_upgraded":2,"win_rate":0.0,"timestamp":1613089984,"path_taken":["M","$","?","M","?","R","E","R","T","?","E","R","M","?","R","BOSS","M","?","?","M","M","E","R","?","T","$","?","?","M","E","R","BOSS","M"],"items_purchased_type":["Relic","Relic","Card","Card"],"build_version":"2020-12-22","purchased_purges":1,"victory":false,"max_hp_per_floor":[86,86,86,86,86,86,86,86,86,86,86,86,86,86,86,86,86,86,86,86,86,86,86,86,86,86,86,86,86,86,86,86,86,91,91,91],"card_choices":[{"not_picked":["Protect","Replay:BluntJabs","PathToVictory"],"picked":"SKIP","floor":1},{"not_picked":["Evaluate","Replay:AtTheReady"],"picked":"ForeignInfluence","floor":4},{"not_picked":["FlurryOfBlows","Weave","Vault"],"picked":"SKIP","floor":7},{"not_picked":["Collect+1","ThirdEye+1"],"picked":"WaveOfTheHand+1","floor":10},{"not_picked":["SpiritShield+1","ClearTheMind+1"],"picked":"EmptyBody+1","floor":11},{"not_picked":["Replay:AtTheReady+1","EmptyFist"],"picked":"Conclude","floor":13},{"not_picked":["Ragnarok","Omniscience+1"],"picked":"Judgement+1","floor":16},{"not_picked":["Spreading Infection","Voices"],"picked":"Hallucinations","floor":17},{"not_picked":["Doubt","Delirium"],"picked":"Shame","floor":17},{"not_picked":["Regret","Replay:Hysterical Blindness"],"picked":"Languid","floor":17},{"not_picked":["Evaluate+1","Wireheading"],"picked":"CrushJoints","floor":18},{"not_picked":["CrushJoints","Wallop"],"picked":"FollowUp","floor":21},{"not_picked":["Replay:ManipulateFuture+1","Establishment"],"picked":"ThirdEye+1","floor":22},{"not_picked":["DeceiveReality+1","Replay:Hum+1","CutThroughFate"],"picked":"SKIP","floor":23},{"not_picked":["CutThroughFate","Collect+1","Replay:ManipulateFuture+1"],"picked":"SKIP","floor":30},{"not_picked":["Worship+1","ClearTheMind+1"],"picked":"LessonLearned","floor":31},{"not_picked":["SpiritShield+1","Blasphemy+1"],"picked":"Replay:AllIn+1","floor":33}],"player_experience":634802,"relics_obtained":[{"floor":7,"key":"Eternal Feather"},{"floor":9,"key":"Toxic Egg 2"},{"floor":10,"key":"Odd Mushroom"},{"floor":11,"key":"Torii"},{"floor":23,"key":"Gremlin Food"},{"floor":26,"key":"Grinning Jar"},{"floor":31,"key":"Replay:Rubber Ducky"}],"event_choices":[{"damage_healed":0,"gold_gain":100,"player_choice":"Pray","damage_taken":0,"max_hp_gain":0,"max_hp_loss":0,"event_name":"Golden Shrine","floor":3,"gold_loss":0},{"damage_healed":0,"gold_gain":0,"player_choice":"Fought Mushrooms","damage_taken":0,"max_hp_gain":0,"max_hp_loss":0,"event_name":"Mushrooms","floor":10,"gold_loss":0},{"damage_healed":0,"gold_gain":0,"player_choice":"Copied","damage_taken":0,"max_hp_gain":0,"max_hp_loss":0,"event_name":"Duplicator","floor":19,"gold_loss":0,"cards_obtained":["ForeignInfluence"]},{"damage_healed":0,"gold_gain":0,"player_choice":"Simplicity","damage_taken":0,"max_hp_gain":0,"max_hp_loss":0,"event_name":"Back to Basics","floor":25,"gold_loss":0,"cards_upgraded":["Strike_P","Strike_P","Strike_P","Defend_P","Defend_P","Defend_P","Defend_P"]},{"damage_healed":0,"gold_gain":0,"player_choice":"Ignored","damage_taken":0,"max_hp_gain":0,"max_hp_loss":0,"event_name":"Cursed Tome","floor":28,"gold_loss":0},{"damage_healed":0,"gold_gain":0,"player_choice":"Bought 3 Potions","damage_taken":0,"max_hp_gain":0,"max_hp_loss":0,"event_name":"The Woman in Blue","floor":29,"gold_loss":0}],"is_beta":false,"boss_relics":[{"not_picked":["Snecko Eye","Velvet Choker"],"picked":"Replay:Ancient Bell"},{"not_picked":["Orichalcum","Smiling Mask"],"picked":"ReplayFunnel"},{"not_picked":["Mirror","Mummified Hand"],"picked":"Golden Egg"},{"not_picked":["Unceasing Top","Gambling Chip"],"picked":"Shovel"},{"not_picked":["Ring of Chaos","Pandora\u0027s Box"],"picked":"Tiny House"}],"items_purged_floors":[27],"is_endless":false,"potions_floor_spawned":[4,16,22],"killed_by":"3 Darklings","ascension_level":10}}