{"host":"m0bekkrd201b63ug","time":1613143570,"event":{"mods":["AchievementEnabler","BaseMod","Colored Powertips","Highlight Path","Minty Spire (QoL Compilation)","Rare Cards Sparkle","StSLib","SuperFastMode","everything is the same but u backflip on backflip","slay the spire mod where everything is the same but ironclad has a cowboy hat"],"gold_per_floor":[114,114,114,114,114,129,143,143,143,178,178,218,241,12,12,108,108,122,122,135,60,60,60,60,60],"floor_reached":24,"language":"ENG","playtime":980,"items_purged":["Strike_G"],"score":419,"play_id":"7674dbe9-54cc-4aee-b3ec-d820305b3d4a","local_time":"20210212132610","is_ascension_mode":true,"campfire_choices":[{"floor":8,"key":"RECALL"},{"floor":11,"key":"REST"},{"floor":15,"key":"REST"},{"floor":23,"key":"REST"}],"circlet_count":0,"master_deck":["AscendersBane","Strike_G","Strike_G","Strike_G","Defend_G","Defend_G","Defend_G","Defend_G","Defend_G","Survivor","Neutralize","Deadly Poison","Poisoned Stab","Dodge and Roll","Eviscerate","Noxious Fumes","Blade Dance","Cloak And Dagger","Tools of the Trade","Footwork"],"relics":["Fusion Hammer","Golden Idol","Mango","Matryoshka","Mercury Hourglass","Boot","Toy Ornithopter","WristBlade","MutagenicStrength"],"acts_visited":["Exordium","TheCity"],"potions_floor_usage":[16,24],"damage_taken":[{"damage":0,"enemies":"Cultist","floor":1,"turns":4},{"damage":0,"enemies":"2 Louse","floor":6,"turns":3},{"damage":1,"enemies":"Small Slimes","floor":7,"turns":4},{"damage":28,"enemies":"3 Sentries","floor":10,"turns":13},{"damage":20,"enemies":"Gremlin Nob","floor":12,"turns":4},{"damage":5,"enemies":"Blue Slaver","floor":13,"turns":3},{"damage":33,"enemies":"Slime Boss","floor":16,"turns":11},{"damage":29,"enemies":"Shell Parasite","floor":18,"turns":5},{"damage":5,"enemies":"3 Byrds","floor":20,"turns":4},{"damage":76,"enemies":"Book of Stabbing","floor":24,"turns":5}],"seed_played":"-4969294005176859926","potions_obtained":[{"floor":12,"key":"Regen Potion"},{"floor":13,"key":"Fruit Juice"},{"floor":16,"key":"Strength Potion"}],"is_trial":false,"path_per_floor":["M","?","?","?","?","M","M","R","T","E","R","E","M","$","R","B",null,"M","?","M","$","?","R","E"],"character_chosen":"THE_SILENT","items_purchased":["Cloak And Dagger","Toy Ornithopter"],"campfire_rested":3,"item_purchase_floors":[14,14],"current_hp_per_floor":[59,36,32,25,80,80,79,79,79,51,75,55,50,50,74,51,77,48,48,43,43,31,56,0,0],"gold":60,"neow_bonus":"BOSS_RELIC","is_daily":false,"chose_seed":false,"campfire_upgraded":0,"win_rate":0.0,"timestamp":1613143570,"path_taken":["M","?","?","?","?","M","?","R","T","E","R","E","M","$","R","BOSS","M","?","M","$","?","R","E"],"items_purchased_type":["Card","Relic"],"build_version":"2020-12-22","purchased_purges":1,"victory":false,"max_hp_per_floor":[66,66,80,80,80,80,80,80,80,80,80,80,80,80,80,85,85,85,85,85,85,85,85,85,85],"card_choices":[{"not_picked":["Sucker Punch","Slice","Deadly Poison"],"picked":"SKIP","floor":1},{"not_picked":["Sucker Punch","Slice"],"picked":"Deadly Poison","floor":1},{"not_picked":["Sucker Punch","Caltrops"],"picked":"Poisoned Stab","floor":6},{"not_picked":["Outmaneuver","Deflect"],"picked":"Dodge and Roll","floor":7},{"not_picked":["Prepared","Heel Hook"],"picked":"Eviscerate","floor":10},{"not_picked":["Well Laid Plans","Bouncing Flask"],"picked":"Noxious Fumes","floor":12},{"not_picked":["Predator","Slice"],"picked":"Blade Dance","floor":13},{"not_picked":["Unload","Night Terror"],"picked":"Tools of the Trade","floor":16},{"not_picked":["Bane","Flying Knee"],"picked":"Footwork","floor":18},{"not_picked":["Slice","Deflect","Heel Hook"],"picked":"SKIP","floor":20}],"player_experience":250206,"relics_obtained":[{"floor":9,"key":"Matryoshka"},{"floor":10,"key":"Mercury Hourglass"},{"floor":12,"key":"Boot"}],"event_choices":[{"damage_healed":0,"gold_gain":0,"player_choice":"Take Damage","damage_taken":23,"relics_obtained":["Golden Idol"],"max_hp_gain":0,"max_hp_loss":0,"event_name":"Golden Idol","floor":2,"gold_loss":0},{"damage_healed":0,"gold_gain":0,"player_choice":"Success","damage_taken":18,"relics_obtained":["Mango"],"max_hp_gain":0,"max_hp_loss":0,"event_name":"Scrap Ooze","floor":3,"gold_loss":0},{"cards_removed":["Strike_G"],"damage_healed":0,"gold_gain":0,"player_choice":"Card Removal","damage_taken":7,"max_hp_gain":0,"max_hp_loss":0,"event_name":"Golden Wing","floor":4,"gold_loss":0},{"damage_healed":55,"gold_gain":0,"player_choice":"Full Heal","damage_taken":0,"max_hp_gain":0,"max_hp_loss":0,"event_name":"Wheel of Change","floor":5,"gold_loss":0},{"damage_healed":0,"gold_gain":0,"player_choice":"Inject Mutagens","damage_taken":0,"relics_obtained":["MutagenicStrength"],"max_hp_gain":0,"max_hp_loss":0,"event_name":"Drug Dealer","floor":19,"gold_loss":0},{"damage_healed":0,"gold_gain":0,"player_choice":"Damaged","damage_taken":12,"max_hp_gain":0,"max_hp_loss":0,"event_name":"Wheel of Change","floor":22,"gold_loss":0}],"is_beta":false,"boss_relics":[{"not_picked":["Philosopher\u0027s Stone","SacredBark"],"picked":"WristBlade"}],"items_purged_floors":[21],"is_endless":false,"potions_floor_spawned":[12,13,16,20],"killed_by":"Book of Stabbing","ascension_level":19}}