{"host":"qrjxgo49ov8bsko8","time":1613101180,"event":{"mods":["BaseMod","Curses Come First","Minty Spire (QoL Compilation)","Relic Stats","Slay-I","Spire Arcade","StSLib"],"gold_per_floor":[124,133,152,177,22,47,47,47,47,75,75,113,113,113,113,225,225,235,280,144,59,70,70,70,70,70,109,128,142,242,268,268,377,377,388,445,463,16,34,34,34,43,43,86,115,115,40,40,40,40],"floor_reached":51,"language":"ENG","playtime":1952,"items_purged":["Madness"],"score":736,"play_id":"d5db0d8d-13b2-4fb4-8c12-b775c305c041","local_time":"20210211223940","is_ascension_mode":false,"campfire_choices":[{"data":"Inflame","floor":7,"key":"SMITH"},{"data":"Uppercut","floor":11,"key":"SMITH"},{"data":"Spot Weakness","floor":13,"key":"SMITH"},{"floor":15,"key":"REST"},{"data":"Defend_R","floor":23,"key":"SMITH"},{"data":"Bash","floor":25,"key":"SMITH"},{"floor":32,"key":"DIG"},{"floor":40,"key":"DIG"},{"floor":41,"key":"DIG"},{"floor":46,"key":"REST"},{"floor":49,"key":"DIG"}],"circlet_count":0,"master_deck":["Strike_R","Strike_R","Strike_R","Strike_R","Strike_R","Defend_R+1","Defend_R+1","Defend_R+1","Defend_R","Bash+1","Reckless Charge","Uppercut+1","Double Tap","Inflame+1","Spot Weakness+1","FTL","Impervious","Ghostly","Ghostly","Ghostly","Ghostly","Ghostly","PiercingWail","Secret Weapon","TalkToTheHand+1","Uppercut","Trip","Dramatic Entrance","Bandage Up","Dropkick+1","Body Slam+1"],"relics":["Burning Blood","CeramicFish","PrismaticShard","Spirit Poop","Mercury Hourglass","Bottled Lightning","Runic Pyramid","Singing Bowl","Pear","Matryoshka","Shovel","Darkstone Periapt","Red Mask","Du-Vu Doll","Runic Cube","WingedGreaves","Kunai","Brimstone","Blue Candle","Regal Pillow","Question Card","MealTicket","Ginger","Paper Frog"],"acts_visited":["Exordium","TheCity","TheBeyond"],"potions_floor_usage":[30,33,33,44,50],"damage_taken":[{"damage":4,"enemies":"Cultist","floor":1,"turns":4},{"damage":7,"enemies":"Small Slimes","floor":3,"turns":4},{"damage":7,"enemies":"Jaw Worm","floor":4,"turns":3},{"damage":10,"enemies":"3 Louse","floor":6,"turns":4},{"damage":5,"enemies":"Exordium Thugs","floor":10,"turns":4},{"damage":18,"enemies":"Lagavulin","floor":12,"turns":3},{"damage":43,"enemies":"Hexaghost","floor":16,"turns":8},{"damage":14,"enemies":"3 Byrds","floor":18,"turns":5},{"damage":1,"enemies":"2 Thieves","floor":22,"turns":4},{"damage":6,"enemies":"Slavers","floor":27,"turns":5},{"damage":3,"enemies":"Snecko","floor":28,"turns":6},{"damage":9,"enemies":"Chosen and Byrds","floor":29,"turns":5},{"damage":6,"enemies":"Colosseum Slavers","floor":30,"turns":5},{"damage":3,"enemies":"Colosseum Nobs","floor":30,"turns":5},{"damage":7,"enemies":"Masked Bandits","floor":31,"turns":5},{"damage":61,"enemies":"Automaton","floor":33,"turns":11},{"damage":4,"enemies":"Orb Walker","floor":35,"turns":3},{"damage":14,"enemies":"2 Orb Walkers","floor":36,"turns":8},{"damage":22,"enemies":"Giant Head","floor":44,"turns":8},{"damage":7,"enemies":"3 Shapes","floor":45,"turns":3},{"damage":59,"enemies":"Donu and Deca","floor":50,"turns":9}],"seed_played":"-5812349275608671314","potions_obtained":[{"floor":1,"key":"EssenceOfSteel"},{"floor":3,"key":"ElixirPotion"},{"floor":12,"key":"BloodPotion"},{"floor":30,"key":"AttackPotion"},{"floor":36,"key":"SkillPotion"},{"floor":44,"key":"FearPotion"}],"is_trial":false,"path_per_floor":["M","?","M","M","$","M","R","?","T","M","R","E","R","?","R","B",null,"M","?","$","?","M","R","?","R","T","E","M","M","?","?","R","B",null,"M","?","?","$","?","R","R","?","T","E","M","R","$","?","R","B",null],"character_chosen":"IRONCLAD","items_purchased":["PrismaticShard","Offering","Kunai","Brimstone","Uppercut"],"campfire_rested":2,"item_purchase_floors":[5,20,38,38,38],"current_hp_per_floor":[80,80,79,78,78,74,74,74,74,75,75,63,63,47,71,34,80,72,40,40,40,42,42,36,36,46,46,51,50,55,56,56,14,65,67,59,51,51,46,46,46,46,46,34,37,67,67,67,67,18],"gold":40,"neow_bonus":"RANDOM_COMMON_RELIC","is_daily":false,"chose_seed":false,"campfire_upgraded":5,"win_rate":0.0,"timestamp":1613101180,"path_taken":["M","?","M","M","?","M","R","?","T","?","R","E","R","?","R","BOSS","M","?","$","?","M","R","?","R","T","E","M","?","?","?","R","BOSS","M","?","?","$","?","R","R","?","T","E","?","R","?","?","R","BOSS"],"items_purchased_type":["Relic","Card","Relic","Relic","Card"],"build_version":"2020-12-22","purchased_purges":1,"victory":true,"max_hp_per_floor":[80,80,80,80,80,80,80,80,80,80,80,80,80,80,80,80,80,80,40,40,40,42,42,47,47,57,57,59,61,63,65,65,65,65,67,67,67,67,67,67,67,67,67,67,67,67,67,67,67,67],"relic_stats":{"Darkstone Periapt":0,"Regal Pillow":10,"Singing Bowl":12,"counters":[21,112],"CeramicFish":225,"Blue Candle":[0],"Ginger":[0],"Question Card":2,"Burning Blood":117,"Mercury Hourglass":[441],"Shovel":4,"MealTicket":0,"Kunai":[6],"obtain_stats":[{"Darkstone Periapt":30,"Regal Pillow":41,"Pear":26,"Singing Bowl":21,"CeramicFish":0,"Blue Candle":40,"Spirit Poop":8,"Ginger":44,"PrismaticShard":5,"Question Card":43,"Burning Blood":0,"Mercury Hourglass":9,"Du-Vu Doll":32,"Matryoshka":27,"Shovel":30,"Brimstone":38,"MealTicket":43,"WingedGreaves":36,"Red Mask":31,"Bottled Lightning":12,"Kunai":38,"Runic Pyramid":17,"Runic Cube":34,"Paper Frog":49},{"Darkstone Periapt":14,"Regal Pillow":18,"Pear":9,"Singing Bowl":8,"CeramicFish":0,"Blue Candle":18,"Spirit Poop":4,"Ginger":19,"PrismaticShard":3,"Question Card":18,"Burning Blood":0,"Mercury Hourglass":4,"Du-Vu Doll":15,"Matryoshka":10,"Shovel":14,"Brimstone":18,"MealTicket":18,"WingedGreaves":18,"Red Mask":15,"Bottled Lightning":6,"Kunai":18,"Runic Pyramid":7,"Runic Cube":16,"Paper Frog":20},{"Darkstone Periapt":65,"Regal Pillow":92,"Pear":39,"Singing Bowl":35,"CeramicFish":0,"Blue Candle":92,"Spirit Poop":15,"Ginger":100,"PrismaticShard":11,"Question Card":92,"Burning Blood":0,"Mercury Hourglass":15,"Du-Vu Doll":70,"Matryoshka":44,"Shovel":65,"Brimstone":92,"MealTicket":92,"WingedGreaves":92,"Red Mask":70,"Bottled Lightning":22,"Kunai":92,"Runic Pyramid":30,"Runic Cube":81,"Paper Frog":103}],"Runic Cube":[30]},"card_choices":[{"not_picked":["Heavy Blade","Warcry"],"picked":"Reckless Charge","floor":1},{"not_picked":["Heavy Blade","Clothesline"],"picked":"Uppercut","floor":3},{"not_picked":["Headbutt","Flex"],"picked":"Double Tap","floor":4},{"not_picked":["Tactician","Backflip"],"picked":"Inflame","floor":6},{"not_picked":["JustLucky","ThirdEye"],"picked":"Spot Weakness","floor":10},{"not_picked":["BowlingBash","Sword Boomerang"],"picked":"FTL","floor":12},{"not_picked":["Exhume","Devotion"],"picked":"Impervious","floor":16},{"not_picked":["Acrobatics","Well Laid Plans","Sword Boomerang"],"picked":"SKIP","floor":18},{"not_picked":["Escape Plan","Masterful Stab+1","Eviscerate"],"picked":"Singing Bowl","floor":22},{"not_picked":["Steam","Compile Driver"],"picked":"PiercingWail","floor":27},{"not_picked":["Scrape+1","Vengeance+1","Thunderclap"],"picked":"Singing Bowl","floor":28},{"not_picked":["CutThroughFate","Clothesline","True Grit+1"],"picked":"Singing Bowl","floor":29},{"not_picked":["SandsOfTime","SignatureMove","Reinforced Body+1"],"picked":"Singing Bowl","floor":30},{"not_picked":["Streamline","Iron Wave+1","Wild Strike"],"picked":"Singing Bowl","floor":31},{"not_picked":["Bullet Time","All For One"],"picked":"Secret Weapon","floor":33},{"not_picked":["Deadly Poison+1","Pray+1","Evaluate"],"picked":"Singing Bowl","floor":35},{"not_picked":["True Grit+1","Deadly Poison+1"],"picked":"TalkToTheHand+1","floor":36},{"not_picked":["Thinking Ahead","Secret Weapon"],"picked":"Trip","floor":39},{"not_picked":["Secret Weapon","Swift Strike"],"picked":"Dramatic Entrance","floor":39},{"not_picked":["Force Field+1","Warcry","Impatience+1"],"picked":"Dropkick+1","floor":44},{"not_picked":["Dodge and Roll+1","Madness","FlurryOfBlows+1"],"picked":"Body Slam+1","floor":45}],"player_experience":497847,"relics_obtained":[{"floor":9,"key":"Mercury Hourglass"},{"floor":12,"key":"Bottled Lightning"},{"floor":26,"key":"Pear"},{"floor":27,"key":"Matryoshka"},{"floor":30,"key":"Shovel"},{"floor":30,"key":"Darkstone Periapt"},{"floor":31,"key":"Red Mask"},{"floor":32,"key":"Du-Vu Doll"},{"floor":36,"key":"WingedGreaves"},{"floor":40,"key":"Blue Candle"},{"floor":41,"key":"Regal Pillow"},{"floor":43,"key":"Question Card"},{"floor":43,"key":"MealTicket"},{"floor":44,"key":"Ginger"},{"floor":49,"key":"Paper Frog"}],"event_choices":[{"damage_healed":0,"gold_gain":0,"player_choice":"Cursed","damage_taken":0,"max_hp_gain":0,"max_hp_loss":0,"event_name":"Wheel of Change","floor":2,"gold_loss":0,"cards_obtained":["Decay"]},{"cards_removed":["Decay"],"damage_healed":0,"gold_gain":0,"player_choice":"Offered Curse","damage_taken":0,"relics_obtained":["Spirit Poop"],"max_hp_gain":0,"max_hp_loss":0,"event_name":"Bonfire Elementals","floor":8,"gold_loss":0},{"damage_healed":0,"gold_gain":0,"player_choice":"Entered Light","damage_taken":16,"max_hp_gain":0,"max_hp_loss":0,"event_name":"Shining Light","floor":14,"gold_loss":0,"cards_upgraded":["Defend_R","Defend_R"]},{"damage_healed":0,"gold_gain":0,"player_choice":"Became a Ghost","damage_taken":0,"max_hp_gain":0,"max_hp_loss":40,"event_name":"Ghosts","floor":19,"gold_loss":0,"cards_obtained":["Ghostly","Ghostly","Ghostly","Ghostly","Ghostly"]},{"damage_healed":0,"gold_gain":0,"player_choice":"Obtained Relic","damage_taken":0,"relics_obtained":["Singing Bowl"],"max_hp_gain":0,"max_hp_loss":0,"event_name":"Addict","floor":21,"gold_loss":85},{"damage_healed":0,"gold_gain":0,"player_choice":"Shed Blood","damage_taken":11,"max_hp_gain":5,"max_hp_loss":0,"event_name":"Forgotten Altar","floor":24,"gold_loss":0},{"damage_healed":0,"gold_gain":0,"player_choice":"Fight","damage_taken":0,"max_hp_gain":0,"max_hp_loss":0,"event_name":"Colosseum","floor":30,"gold_loss":0},{"damage_healed":0,"gold_gain":0,"player_choice":"Fought Nobs","damage_taken":0,"max_hp_gain":0,"max_hp_loss":0,"event_name":"Colosseum","floor":30,"gold_loss":0},{"damage_healed":0,"gold_gain":0,"player_choice":"Fought Bandits","damage_taken":0,"max_hp_gain":0,"max_hp_loss":0,"event_name":"Masked Bandits","floor":31,"gold_loss":0},{"damage_healed":0,"gold_gain":0,"player_choice":"Fight","damage_taken":0,"max_hp_gain":0,"max_hp_loss":0,"event_name":"Mysterious Sphere","floor":36,"gold_loss":0},{"damage_healed":0,"gold_gain":0,"player_choice":"Embrace Madness","damage_taken":8,"max_hp_gain":0,"max_hp_loss":0,"event_name":"Winding Halls","floor":37,"gold_loss":0,"cards_obtained":["Madness","Madness"]},{"damage_healed":0,"gold_gain":0,"player_choice":"Memory 2","damage_taken":5,"max_hp_gain":0,"max_hp_loss":0,"event_name":"SensoryStone","floor":39,"gold_loss":0},{"damage_healed":0,"gold_gain":0,"cards_transformed":["Madness"],"player_choice":"Transformed","damage_taken":0,"max_hp_gain":0,"max_hp_loss":0,"event_name":"Transmorgrifier","floor":42,"gold_loss":0,"cards_obtained":["Bandage Up"]},{"cards_removed":["Offering"],"damage_healed":0,"gold_gain":0,"player_choice":"Removed Skill","damage_taken":0,"max_hp_gain":0,"max_hp_loss":0,"event_name":"Falling","floor":48,"gold_loss":0}],"is_beta":false,"boss_relics":[{"not_picked":["Velvet Choker","Calling Bell"],"picked":"Runic Pyramid"},{"not_picked":["Coffee Dripper","SacredBark"],"picked":"Runic Cube"}],"items_purged_floors":[47],"is_endless":false,"potions_floor_spawned":[1,3,12,18,28,30,30,31,36,44],"ascension_level":0}}