{"host":"ugys05tpep779cl6","time":1613118420,"event":{"mods":["AchievementEnabler","Aspiration","BaseMod","Beaked The Cultist","CatGirl Mod","Colored Powertips","HololiveMod","Lobotomy","Minty Spire (QoL Compilation)","Quick Restart","Replay The Spire","Spicy Shops","StSLib","The Druid"],"gold_per_floor":[117,192,208,208,51,51,51],"floor_reached":6,"language":"ENG","playtime":170,"items_purged":["theCatGirl:Strike"],"score":43,"play_id":"2d9c2e19-c07b-457f-a3f4-1d78c4e3a1b0","local_time":"20210212092700","is_ascension_mode":true,"campfire_choices":[],"circlet_count":0,"master_deck":["theCatGirl:Strike","theCatGirl:Strike","theCatGirl:Strike","theCatGirl:Defend","theCatGirl:Defend","theCatGirl:Defend","theCatGirl:Defend","theCatGirl:ClawStrike","theCatGirl:Evasion+1","theCatGirl:NeverGivingUp","theCatGirl:Meow","theCatGirl:SearchBackpack","theCatGirl:BloodScent"],"relics":["theCatGirl:TrainedRelic"],"acts_visited":["Exordium"],"potions_floor_usage":[],"damage_taken":[{"damage":13.0,"enemies":"Small Slimes","floor":1.0,"turns":4.0},{"damage":0,"enemies":"Cultist","floor":3,"turns":4},{"damage":0,"enemies":"Gremlin Nob","floor":6,"turns":2}],"seed_played":"-4043810597440248909","potions_obtained":[{"floor":3,"key":"Swift Potion"}],"is_trial":false,"path_per_floor":["M","?","M","?","$","E"],"character_chosen":"THE_CATGIRL","items_purchased":["theCatGirl:BloodScent"],"campfire_rested":0,"item_purchase_floors":[5],"current_hp_per_floor":[57,50,50,50,50,50,50],"gold":51,"neow_bonus":"ONE_RANDOM_RARE_CARD","is_daily":false,"chose_seed":false,"campfire_upgraded":0,"win_rate":0.0,"timestamp":1613118420,"path_taken":["M","?","?","?","$","E"],"items_purchased_type":["Card"],"build_version":"2020-12-22","purchased_purges":1,"victory":false,"max_hp_per_floor":[70,70,70,70,70,70,70],"card_choices":[{"not_picked":["theCatGirl:AllIn","theCatGirl:PilingErrors"],"picked":"theCatGirl:Meow","floor":1.0},{"not_picked":["theCatGirl:KeepAlert","theCatGirl:RageClaws"],"picked":"theCatGirl:SearchBackpack","floor":3}],"player_experience":745852,"relics_obtained":[],"event_choices":[{"damage_healed":0,"gold_gain":75,"player_choice":"Touch","damage_taken":7,"max_hp_gain":0,"max_hp_loss":0,"event_name":"FaceTrader","floor":2,"gold_loss":0},{"damage_healed":0,"gold_gain":0,"player_choice":"Upgraded","damage_taken":0,"max_hp_gain":0,"max_hp_loss":0,"event_name":"Upgrade Shrine","floor":4,"gold_loss":0,"cards_upgraded":["theCatGirl:Evasion"]}],"is_beta":false,"boss_relics":[],"items_purged_floors":[5],"is_endless":false,"potions_floor_spawned":[3],"killed_by":"Gremlin Nob","ascension_level":5}}