{"host":"4epvxsx6d4oxmc67","time":1613109086,"event":{"mods":["AchievementEnabler","BaseMod","Colored Map","Highlight Path","Minty Spire (QoL Compilation)"],"gold_per_floor":[114,129,145,145,165,9,22,22,22,22,39,39,71,87,87,189,189,207,223,148,148,159,159,187,187,212,229,257,272,272,287,287,383,383,396,70,80,91,105,105,116,116,116,116,145,145,171,171,171,171],"floor_reached":51,"language":"ENG","playtime":2518,"items_purged":["Strike_R"],"score":946,"play_id":"6d84d88e-0c59-4e66-9657-9ca164dbb5b4","local_time":"20210212055126","is_ascension_mode":true,"campfire_choices":[{"data":"Bandage Up","floor":8,"key":"SMITH"},{"floor":10,"key":"REST"},{"data":"Sword Boomerang","floor":12,"key":"SMITH"},{"data":"Bash","floor":15,"key":"SMITH"},{"data":"Cleave","floor":23,"key":"SMITH"},{"floor":25,"key":"REST"},{"data":"Strike_R","floor":30,"key":"PURGE"},{"data":"Defend_R","floor":32,"key":"PURGE"},{"floor":40,"key":"REST"},{"data":"Demon Form","floor":44,"key":"SMITH"},{"data":"Flame Barrier","floor":46,"key":"SMITH"},{"data":"Immolate","floor":49,"key":"SMITH"}],"circlet_count":0,"master_deck":["Bash+1","Pommel Strike","Intimidate","Sword Boomerang+1","Shrug It Off","Bandage Up+1","Immolate+1","Clothesline","Flame Barrier","Flex","Juggernaut","Cleave+1","Inflame","Entrench+1","Hemokinesis+1","Flame Barrier+1","Headbutt+1","Feed+1","Metallicize","Demon Form+1","Exhume","Combust","Body Slam+1","Uppercut+1","Armaments+1","True Grit+1","Flame Barrier+1","Bandage Up"],"relics":["Burning Blood","NeowsBlessing","White Beast Statue","Gremlin Horn","Matryoshka","Snecko Eye","Sundial","Self Forming Clay","Molten Egg 2","Strawberry","Peace Pipe","Pandora\u0027s Box","Happy Flower","Anchor","Question Card","Omamori","Juzu Bracelet","Smiling Mask"],"acts_visited":["Exordium","TheCity","TheBeyond"],"potions_floor_usage":[7,16,24,24,28,28,33,33,33,35,38,39,39,47,47,50,50],"damage_taken":[{"damage":0,"enemies":"Cultist","floor":1,"turns":1},{"damage":0,"enemies":"Jaw Worm","floor":2,"turns":1},{"damage":0,"enemies":"Small Slimes","floor":3,"turns":1},{"damage":43,"enemies":"Exordium Thugs","floor":5,"turns":6},{"damage":0,"enemies":"2 Fungi Beasts","floor":7,"turns":3},{"damage":13,"enemies":"Looter","floor":11,"turns":4},{"damage":20,"enemies":"Lagavulin","floor":13,"turns":5},{"damage":9,"enemies":"Lots of Slimes","floor":14,"turns":2},{"damage":22,"enemies":"Slime Boss","floor":16,"turns":10},{"damage":24,"enemies":"Shell Parasite","floor":18,"turns":6},{"damage":22,"enemies":"2 Thieves","floor":19,"turns":3},{"damage":18,"enemies":"Chosen and Byrds","floor":22,"turns":5},{"damage":0,"enemies":"Slavers","floor":24,"turns":1},{"damage":10,"enemies":"Snake Plant","floor":27,"turns":3},{"damage":17,"enemies":"Book of Stabbing","floor":28,"turns":4},{"damage":18,"enemies":"Shelled Parasite and Fungi","floor":29,"turns":4},{"damage":11,"enemies":"Centurion and Healer","floor":31,"turns":6},{"damage":78,"enemies":"Collector","floor":33,"turns":8},{"damage":22,"enemies":"Orb Walker","floor":35,"turns":5},{"damage":6,"enemies":"3 Darklings","floor":37,"turns":3},{"damage":32,"enemies":"Writhing Mass","floor":38,"turns":6},{"damage":44,"enemies":"Jaw Worm Horde","floor":39,"turns":4},{"damage":32,"enemies":"Spire Growth","floor":41,"turns":5},{"damage":31,"enemies":"Giant Head","floor":45,"turns":6},{"damage":14,"enemies":"Nemesis","floor":47,"turns":5},{"damage":55,"enemies":"Time Eater","floor":50,"turns":8}],"seed_played":"-3227073918101710169","potions_obtained":[{"floor":3,"key":"SneckoOil"},{"floor":5,"key":"Explosive Potion"},{"floor":7,"key":"Dexterity Potion"},{"floor":11,"key":"SpeedPotion"},{"floor":13,"key":"Dexterity Potion"},{"floor":14,"key":"SteroidPotion"},{"floor":16,"key":"Regen Potion"},{"floor":18,"key":"EssenceOfSteel"},{"floor":19,"key":"DuplicationPotion"},{"floor":22,"key":"LiquidMemories"},{"floor":24,"key":"BloodPotion"},{"floor":27,"key":"Dexterity Potion"},{"floor":28,"key":"Swift Potion"},{"floor":29,"key":"EntropicBrew"},{"floor":31,"key":"CultistPotion"},{"floor":33,"key":"EssenceOfSteel"},{"floor":35,"key":"Regen Potion"},{"floor":37,"key":"SkillPotion"},{"floor":38,"key":"EssenceOfSteel"},{"floor":39,"key":"CultistPotion"},{"floor":41,"key":"FearPotion"},{"floor":45,"key":"Fire Potion"},{"floor":47,"key":"PowerPotion"}],"is_trial":false,"path_per_floor":["M","M","M","?","M","$","M","R","T","R","M","R","E","M","R","B",null,"M","M","?","?","M","R","E","R","T","M","E","M","R","M","R","B",null,"M","$","M","M","M","R","M","?","T","R","E","R","E","?","R","B",null],"character_chosen":"IRONCLAD","items_purchased":["Bandage Up","Uppercut+1","Happy Flower","Anchor"],"campfire_rested":3,"item_purchase_floors":[6,36,36,36],"current_hp_per_floor":[80,80,80,80,43,43,53,53,53,77,70,70,62,65,65,55,80,68,58,58,58,46,46,52,76,83,79,74,62,62,63,63,14,87,71,71,71,57,30,56,40,91,91,91,77,77,79,79,79,36],"gold":171,"neow_bonus":"THREE_ENEMY_KILL","is_daily":false,"chose_seed":false,"campfire_upgraded":7,"win_rate":0.0,"timestamp":1613109086,"path_taken":["M","M","M","?","M","?","M","R","T","R","M","R","E","?","R","BOSS","M","M","?","?","M","R","E","R","T","M","E","M","R","M","R","BOSS","M","$","M","M","?","R","M","?","T","R","E","R","E","?","R","BOSS"],"items_purchased_type":["Card","Card","Relic","Relic"],"build_version":"2020-12-22","purchased_purges":1,"victory":true,"max_hp_per_floor":[80,80,80,80,80,80,80,80,80,80,80,80,80,80,80,80,80,80,80,80,80,80,80,80,80,87,87,87,87,87,87,87,87,87,87,87,87,87,87,87,91,91,91,91,91,91,95,95,95,95],"card_choices":[{"not_picked":["Havoc","Second Wind"],"picked":"Pommel Strike","floor":1},{"not_picked":["Warcry","Dropkick"],"picked":"Intimidate","floor":2},{"not_picked":["Pommel Strike","Twin Strike"],"picked":"Sword Boomerang","floor":3},{"not_picked":["Wild Strike","Thunderclap"],"picked":"Shrug It Off","floor":5},{"not_picked":["Warcry","Armaments"],"picked":"Immolate","floor":7},{"not_picked":["Infernal Blade","Perfected Strike"],"picked":"Clothesline","floor":11},{"not_picked":["Shockwave","Anger"],"picked":"Flame Barrier","floor":13},{"not_picked":["Perfected Strike","True Grit"],"picked":"Flex","floor":14},{"not_picked":["Berserk","Brutality"],"picked":"Juggernaut","floor":16},{"not_picked":["Warcry","Battle Trance"],"picked":"Cleave","floor":18},{"not_picked":["Headbutt","Wild Strike"],"picked":"Inflame","floor":19},{"not_picked":["Flex","Spot Weakness+1"],"picked":"Entrench+1","floor":22},{"not_picked":["Blood for Blood+1","Searing Blow"],"picked":"Hemokinesis+1","floor":24},{"not_picked":["Body Slam+1","Wild Strike+1"],"picked":"Flame Barrier","floor":27},{"not_picked":["Searing Blow+1","Clash+1"],"picked":"Headbutt+1","floor":28},{"not_picked":["Twin Strike+1","Power Through","Wild Strike+1"],"picked":"SKIP","floor":29},{"not_picked":["Searing Blow+1","Clothesline+1","Battle Trance+1"],"picked":"SKIP","floor":31},{"not_picked":["Immolate+1","Brutality"],"picked":"Feed+1","floor":33},{"not_picked":["Cleave+1","Blood for Blood+1","Havoc"],"picked":"SKIP","floor":35},{"not_picked":["Sword Boomerang+1","Burning Pact","Rage"],"picked":"SKIP","floor":37},{"not_picked":["Clash+1","Rupture"],"picked":"Armaments+1","floor":38},{"not_picked":["Disarm+1","Rage","Clash+1"],"picked":"SKIP","floor":39},{"not_picked":["Inflame","Clash+1","Anger+1"],"picked":"SKIP","floor":41},{"not_picked":["Cleave+1","Hemokinesis+1","Rupture+1"],"picked":"True Grit+1","floor":45},{"not_picked":["Anger+1","Wild Strike+1","Evolve"],"picked":"Flame Barrier+1","floor":47},{"not_picked":["Metamorphosis","Magnetism","Discovery"],"picked":"Bandage Up","floor":48}],"player_experience":97072,"relics_obtained":[{"floor":9,"key":"Gremlin Horn"},{"floor":13,"key":"Matryoshka"},{"floor":21,"key":"Sundial"},{"floor":24,"key":"Self Forming Clay"},{"floor":26,"key":"Molten Egg 2"},{"floor":26,"key":"Strawberry"},{"floor":28,"key":"Peace Pipe"},{"floor":43,"key":"Question Card"},{"floor":43,"key":"Omamori"},{"floor":45,"key":"Juzu Bracelet"},{"floor":47,"key":"Smiling Mask"}],"event_choices":[{"damage_healed":0,"gold_gain":0,"player_choice":"Gave Potion","damage_taken":0,"relics_obtained":["White Beast Statue"],"max_hp_gain":0,"max_hp_loss":0,"event_name":"WeMeetAgain","floor":4,"gold_loss":0},{"cards_removed":["Strike_R"],"damage_healed":0,"gold_gain":0,"player_choice":"Gave Gold","damage_taken":0,"max_hp_gain":0,"max_hp_loss":0,"event_name":"Beggar","floor":20,"gold_loss":75},{"damage_healed":0,"gold_gain":0,"player_choice":"Relic","damage_taken":0,"max_hp_gain":0,"max_hp_loss":0,"event_name":"Wheel of Change","floor":21,"gold_loss":0},{"damage_healed":51,"gold_gain":0,"player_choice":"Full Heal","damage_taken":0,"max_hp_gain":0,"max_hp_loss":0,"event_name":"Wheel of Change","floor":42,"gold_loss":0},{"damage_healed":0,"gold_gain":0,"player_choice":"Memory 1","damage_taken":0,"max_hp_gain":0,"max_hp_loss":0,"event_name":"SensoryStone","floor":48,"gold_loss":0}],"is_beta":false,"boss_relics":[{"not_picked":["Coffee Dripper","Philosopher\u0027s Stone"],"picked":"Snecko Eye"},{"not_picked":["Empty Cage","Fusion Hammer"],"picked":"Pandora\u0027s Box"}],"items_purged_floors":[6],"is_endless":false,"potions_floor_spawned":[3,5,7,11,13,14,16,18,19,22,24,27,28,29,31,33,35,37,38,39,41,45,47],"ascension_level":4}}