{"host":"b1odhp4jqi1xas18","time":1613110241,"event":{"mods":["BaseMod","Downfall","Googly Eyes","Minty Spire (QoL Compilation)","StSLib"],"gold_per_floor":[99,99,99,199,199,199,199,215,365,365,377,407,427,260,260,361,361,361,372,372,392,392,392,392,392,408,408,408,408],"floor_reached":27,"language":"ENG","playtime":1650,"items_purged":[],"score":209,"play_id":"99f57c51-8839-4d0c-a9bb-cf87f95f376a","local_time":"20210212011041","is_ascension_mode":false,"campfire_choices":[{"data":"hexamod:Sear","floor":1,"key":"SMITH"},{"data":"hexamod:SkipABeat","floor":10,"key":"SMITH"},{"data":"hexamod:HexaLevel","floor":18,"key":"SMITH"},{"floor":23,"key":"REST"},{"data":"hexamod:SearingWound","floor":25,"key":"SMITH"}],"circlet_count":0,"master_deck":["hexamod:Strike","hexamod:Strike","hexamod:Strike","hexamod:Defend","hexamod:Defend+1","hexamod:Defend","hexamod:Defend","hexamod:Sear+1","hexamod:Float","hexamod:SpectralAdrenaline+1","hexamod:SkipABeat+1","hexamod:Firestarter","hexamod:InspiringFlames","hexamod:Hexaguard","hexamod:SkipABeat","hexamod:HauntingEcho","hexamod:SearingWound+1","hexamod:BurningTouch","hexamod:HexaLevel+1","hexamod:BurningTouch","hexamod:PhantomFireball+1","Parasite","hexamod:HauntingEcho"],"relics":["hexamod:SpiritBrand","downfall:HeartsMalice","Gremlin Horn","War Paint","Happy Flower","Philosopher\u0027s Stone","Eternal Feather"],"acts_visited":["Exordium","TheCity"],"potions_floor_usage":[15,16,19],"damage_taken":[{"damage":0,"enemies":"Small Slimes","floor":2,"turns":1},{"damage":0,"enemies":"2 Louse","floor":5,"turns":1},{"damage":0,"enemies":"Cultist","floor":6,"turns":1},{"damage":8,"enemies":"3 Louse","floor":8,"turns":4},{"damage":0,"enemies":"Large Slime","floor":11,"turns":3},{"damage":12,"enemies":"Gremlin Nob","floor":12,"turns":4},{"damage":8,"enemies":"Exordium Wildlife","floor":13,"turns":4},{"damage":0,"enemies":"downfall:FleeingMerchant","floor":14,"turns":4},{"damage":11,"enemies":"Exordium Thugs","floor":15,"turns":8},{"damage":11,"enemies":"SI_SHIV_ARCHETYPE","floor":16,"turns":6},{"damage":34,"enemies":"3 Byrds","floor":19,"turns":5},{"damage":22,"enemies":"Snecko","floor":21,"turns":8},{"damage":18,"enemies":"Centurion and Healer","floor":26,"turns":8},{"damage":55,"enemies":"Slavers","floor":27,"turns":3}],"seed_played":"-4914650973339882473","potions_obtained":[{"floor":8,"key":"Energy Potion"},{"floor":12,"key":"AttackPotion"},{"floor":16,"key":"Slimebound:ThreeZeroPotion"},{"floor":21,"key":"SneckoOil"},{"floor":26,"key":"Ancient Potion"}],"is_trial":false,"path_per_floor":["R","M","?","?","M","M","T","M","?","R","M","E","M","$","M","B",null,"R","M","?","M","?","R","T","R","M","E"],"character_chosen":"THE_SPIRIT","items_purchased":["Happy Flower"],"campfire_rested":1,"item_purchase_floors":[14],"current_hp_per_floor":[70,70,70,70,70,70,70,62,62,62,62,50,42,42,31,20,70,70,36,59,37,37,58,58,70,52,0,0,0],"gold":408,"neow_bonus":"THREE_ENEMY_KILL","is_daily":false,"chose_seed":false,"campfire_upgraded":4,"win_rate":0.0,"timestamp":1613110241,"path_taken":["R","M","?","?","M","M","T","M","?","R","M","E","M","$","M","BOSS","R","M","?","M","?","R","T","R","M","E"],"items_purchased_type":["Relic"],"build_version":"2020-12-22","purchased_purges":0,"victory":false,"max_hp_per_floor":[70,70,70,70,70,70,70,70,70,70,70,70,70,70,70,70,70,70,70,70,70,70,70,70,70,70,70,70,70],"card_choices":[{"not_picked":["hexamod:Rewind","hexamod:NightmareGuise"],"picked":"hexamod:SpectralAdrenaline","floor":2},{"not_picked":["hexamod:PhantomFireball","hexamod:BacktrackSmack"],"picked":"hexamod:SkipABeat","floor":5},{"not_picked":["hexamod:GhostShield","hexamod:SpectersWail"],"picked":"hexamod:Firestarter","floor":6},{"not_picked":["hexamod:ShieldOfDarkness","hexamod:BacktrackSmack"],"picked":"hexamod:InspiringFlames","floor":8},{"not_picked":["hexamod:TimeWarp","hexamod:NightmareStrike"],"picked":"hexamod:Hexaguard","floor":11},{"not_picked":["hexamod:SwordOfDarkness","hexamod:HeatShield"],"picked":"hexamod:SkipABeat","floor":12},{"not_picked":["hexamod:BacktrackSmack","hexamod:GhostLash"],"picked":"hexamod:HauntingEcho","floor":13},{"not_picked":["hexamod:BurningTouch","hexamod:PhantomFireball"],"picked":"hexamod:SearingWound","floor":14},{"not_picked":["hexamod:GhostShield","hexamod:GhostLash"],"picked":"hexamod:BurningTouch","floor":15},{"not_picked":["hexamod:VolcanoVisage","hexamod:SearingWound"],"picked":"hexamod:HexaLevel","floor":16},{"not_picked":["hexamod:Hexaguard","hexamod:SwordOfDarkness"],"picked":"hexamod:BurningTouch","floor":19},{"not_picked":["hexamod:HeatMetal","hexamod:ThermalTransfer+1"],"picked":"hexamod:PhantomFireball+1","floor":21},{"not_picked":["hexamod:Hexaguard+1","hexamod:EtherealExpedition"],"picked":"hexamod:HauntingEcho","floor":26}],"player_experience":107566,"relics_obtained":[{"floor":7,"key":"Gremlin Horn"},{"floor":12,"key":"War Paint"},{"floor":24,"key":"Eternal Feather"}],"event_choices":[{"damage_healed":23,"gold_gain":0,"player_choice":"Heal","damage_taken":0,"max_hp_gain":0,"max_hp_loss":0,"event_name":"The Library","floor":20,"gold_loss":0}],"is_beta":false,"boss_relics":[{"not_picked":["Empty Cage","hexamod:IceCube"],"picked":"Philosopher\u0027s Stone"}],"items_purged_floors":[],"is_endless":false,"potions_floor_spawned":[8,12,16,21,26],"killed_by":"Slavers","ascension_level":0}}