{"host":"uv5ws9rdk87e8i5k","time":1613098908,"event":{"mods":["AchievementEnabler","BaseMod","Colored Map","Minty Spire (QoL Compilation)","Permanent Neow","Quick Restart","StSLib","SuperFastMode","The Necromancer"],"gold_per_floor":[117,130,145,164,175,209,224,256,280,299,324,107,107,126,126,228,228,242,274,274,274,289,314,327,327,327],"floor_reached":25,"language":"ENG","playtime":781,"items_purged":["Strike_B"],"score":272,"play_id":"c53a8758-00dd-4948-88c9-c985d42a3ae3","local_time":"20210211210148","is_ascension_mode":true,"campfire_choices":[{"data":"Defragment","floor":13.0,"key":"SMITH"},{"data":"Coolheaded","floor":15.0,"key":"SMITH"}],"circlet_count":0,"master_deck":["Strike_B","Defend_B","Defend_B","Defend_B","Defend_B","Zap","Dualcast","Defragment+1","Chaos","Glacier","Heatsinks","Ball Lightning","Coolheaded+1","Storm","Turbo","Ball Lightning","Coolheaded","Hologram","Amplify","Undo","Reboot","Defragment","FTL","Auto Shields","Echo Form","Force Field"],"relics":["Cracked Core","Lizard Tail","Centennial Puzzle","Potion Belt","PreservedInsect","Coffee Dripper","Red Mask","Dream Catcher","Pen Nib"],"acts_visited":["Exordium","TheCity"],"potions_floor_usage":[24],"damage_taken":[{"damage":1.0,"enemies":"Cultist","floor":1.0,"turns":4.0},{"damage":3.0,"enemies":"Jaw Worm","floor":2.0,"turns":4.0},{"damage":3.0,"enemies":"Small Slimes","floor":3.0,"turns":4.0},{"damage":5.0,"enemies":"2 Fungi Beasts","floor":4.0,"turns":5.0},{"damage":0.0,"enemies":"Looter","floor":5.0,"turns":3.0},{"damage":12.0,"enemies":"Gremlin Nob","floor":6.0,"turns":4.0},{"damage":5.0,"enemies":"Exordium Wildlife","floor":7.0,"turns":5.0},{"damage":4.0,"enemies":"3 Sentries","floor":8.0,"turns":8.0},{"damage":0.0,"enemies":"Large Slime","floor":10.0,"turns":3.0},{"damage":8.0,"enemies":"Lagavulin","floor":11.0,"turns":5.0},{"damage":4.0,"enemies":"3 Louse","floor":14.0,"turns":3.0},{"damage":37.0,"enemies":"Hexaghost","floor":16.0,"turns":10.0},{"damage":7.0,"enemies":"2 Thieves","floor":18.0,"turns":4.0},{"damage":24.0,"enemies":"Masked Bandits","floor":19.0,"turns":5.0},{"damage":4.0,"enemies":"Shell Parasite","floor":22.0,"turns":3.0},{"damage":18,"enemies":"Gremlin Leader","floor":23,"turns":3},{"damage":4,"enemies":"Chosen and Byrds","floor":24,"turns":4},{"damage":22,"enemies":"Slavers","floor":25,"turns":1}],"seed_played":"-7435823806166899364","potions_obtained":[{"floor":1.0,"key":"FocusPotion"},{"floor":2.0,"key":"Swift Potion"},{"floor":4.0,"key":"SteroidPotion"},{"floor":5.0,"key":"SpeedPotion"},{"floor":8.0,"key":"PowerPotion"},{"floor":19.0,"key":"Swift Potion"},{"floor":23,"key":"Swift Potion"}],"is_trial":false,"path_per_floor":["M","M","M","M","M","E","M","E","T","M","E","$","R","M","R","B",null,"M","?","T","?","M","E","M","E"],"character_chosen":"DEFECT","items_purchased":["Amplify"],"campfire_rested":0,"item_purchase_floors":[12],"current_hp_per_floor":[74,71,68,63,63,51,46,42,42,42,34,34,34,30,30,33,75,68,44,44,44,40,22,18,0,0],"gold":327,"neow_bonus":"TRANSFORM_CARD","is_daily":false,"chose_seed":false,"campfire_upgraded":2,"win_rate":0.0,"timestamp":1613098908,"path_taken":["M","M","M","M","M","E","M","E","T","M","E","?","R","?","R","BOSS","M","?","?","?","M","E","?","E"],"items_purchased_type":["Card"],"build_version":"2020-12-22","purchased_purges":1,"victory":false,"max_hp_per_floor":[75,75,75,75,75,75,75,75,75,75,75,75,75,75,75,75,75,75,75,75,75,75,75,75,75,75],"card_choices":[{"not_picked":["Aggregate","Sweeping Beam"],"picked":"Chaos","floor":1.0},{"not_picked":["Darkness","Rebound"],"picked":"Glacier","floor":2.0},{"not_picked":["Reprogram","Go for the Eyes"],"picked":"Heatsinks","floor":3.0},{"not_picked":["Steam","Sweeping Beam"],"picked":"Ball Lightning","floor":4.0},{"not_picked":["Self Repair","Compile Driver"],"picked":"Coolheaded","floor":5.0},{"not_picked":["Redo","Rebound"],"picked":"Storm","floor":6.0},{"not_picked":["Coolheaded","Compile Driver"],"picked":"Turbo","floor":7.0},{"not_picked":["Streamline","Melter"],"picked":"Ball Lightning","floor":8.0},{"not_picked":["Steam Power","Barrage"],"picked":"Coolheaded","floor":10.0},{"not_picked":["Barrage","Coolheaded"],"picked":"Hologram","floor":11.0},{"not_picked":["Tempest","Sweeping Beam"],"picked":"Undo","floor":14.0},{"not_picked":["Biased Cognition","Hyperbeam"],"picked":"Reboot","floor":16.0},{"not_picked":["Leap","Steam+1"],"picked":"Defragment","floor":18.0},{"not_picked":["Leap","Go for the Eyes+1"],"picked":"FTL","floor":19.0},{"not_picked":["Rebound","Ball Lightning"],"picked":"Echo Form","floor":22.0},{"not_picked":["Chill","Rip and Tear"],"picked":"Force Field","floor":23},{"not_picked":["Barrage","Go for the Eyes","Redo"],"picked":"SKIP","floor":24}],"player_experience":156509,"relics_obtained":[{"floor":6.0,"key":"Lizard Tail"},{"floor":8.0,"key":"Centennial Puzzle"},{"floor":9.0,"key":"Potion Belt"},{"floor":11.0,"key":"PreservedInsect"},{"floor":19.0,"key":"Red Mask"},{"floor":20.0,"key":"Dream Catcher"},{"floor":23,"key":"Pen Nib"}],"event_choices":[{"damage_healed":0.0,"max_hp_gain":0.0,"max_hp_loss":0.0,"gold_gain":0.0,"event_name":"Masked Bandits","player_choice":"Fought Bandits","floor":19.0,"gold_loss":0.0,"damage_taken":0.0},{"damage_healed":0.0,"max_hp_gain":0.0,"max_hp_loss":0.0,"gold_gain":0.0,"cards_transformed":["Strike_B"],"event_name":"Transmorgrifier","player_choice":"Transformed","floor":21.0,"gold_loss":0.0,"damage_taken":0.0,"cards_obtained":["Auto Shields"]}],"is_beta":false,"boss_relics":[{"not_picked":["Black Star","Runic Dome"],"picked":"Coffee Dripper"}],"items_purged_floors":[12],"is_endless":false,"potions_floor_spawned":[1,2,4,5,8,19,23],"killed_by":"Slavers","ascension_level":2}}