{"host":"Ringo","time":1613108669,"event":{"mods":["BaseMod","Colored Map","Conspire","Dota2Spire","Hubris","Minty Spire (QoL Compilation)","Replay The Spire","StSLib","The Construct","[IsaacMod]ÒÔÈö¼âËþ","¡¾ÒÅÎï¿¨ÅÆ¡¿REMEMod"],"gold_per_floor":[112,129,129,141,141,172,188,223,223,253,253,278,308,342,342,419,419,436,34,51,61,61,93,122,150,150,184,215,242,267,277,277,354,354,365,58,107,32,48,81,137,163,189,217,217,242,274,284,284,284,284],"floor_reached":52,"language":"ZHS","playtime":1249,"items_purged":[],"score":3874,"play_id":"c6330b26-fc81-4bcd-a330-1ac14d9b703a","local_time":"20210212134429","daily_mods":["SealedDeck","Vintage","Red Cards","Purple Cards","Colorless Cards","Heirloom","Time Dilation","Flight","DeadlyEvents","Elite Swarm","Lethality","Binary"],"is_ascension_mode":true,"campfire_choices":[{"data":"Crescendo","floor":11,"key":"SMITH"},{"data":"ReplayTheSpireMod:LeadingStrike","floor":15,"key":"SMITH"},{"data":"ClearTheMind","floor":32,"key":"SMITH"},{"floor":49,"key":"DIG"}],"circlet_count":0,"master_deck":["AscendersBane","ReplayTheSpireMod:LeadingStrike+1","Twin Strike","FollowUp+1","Dramatic Entrance","Iron Wave","JustLucky","Pommel Strike","Cleave","Replay:Undeath\u0027s Touch","Crescendo+1","conspire:Banana+1","EmptyFist+1","ClearTheMind+1","Wallop+1","Flex","hubris:StunningStrike+1","hubris:Insight+1","conspire:Banana"],"relics":["Burning Blood","Busted Crown","HushsDoor","REME_ComplimentaryCards","replay:Trail_Library","SatanicBible","construct:BoolHorns","Ancient Tea Set","Molten Egg 2","hubris:ChampionShield","InkBottle","YumHeart","Replay:Multitool","Iron Hammer","UnicornStump","conspire:TopHat","Dota2Spire:OctarineCore","Singing Bowl","SlaversCollar","TheBean","Dota2Spire:Dagon","AnarchistCookbook","hubris:DeckOfHolding","Sundial","Gremlin Horn","ReplayTheSpireMod:Shallot","Onion Ring","D6","Dota2Spire:LotusOrb","conspire:DecoderRing","Meat on the Bone","Question Card","REME_LowDesire","Dota2Spire:PowerTreads","Replay:Baseball","conspire:Flyswatter","Lee\u0027s Waffle","Dota2Spire:Mjollnir","Chameleon Ring","Dota2Spire:ArcaneBoots","Strawberry","Charon\u0027s Ashes","hubris:TenFootPole","conspire:GlowingRock","Dota2Spire:ArmletOfMordiggian","Replay:Baseball"],"acts_visited":["Exordium","TheCity","TheBeyond"],"potions_floor_usage":[8,16,16,33,33,51,51],"damage_taken":[{"damage":0,"enemies":"conspire:RoseBush","floor":1,"turns":1},{"damage":0,"enemies":"2 Louse","floor":2,"turns":1},{"damage":0,"enemies":"Jaw Worm","floor":4,"turns":1},{"damage":0,"enemies":"3 Sentries","floor":6,"turns":1},{"damage":0,"enemies":"Blue Slaver","floor":7,"turns":1},{"damage":0,"enemies":"Replay:BlueRogue","floor":8,"turns":2},{"damage":0,"enemies":"Gremlin Nob","floor":10,"turns":2},{"damage":0,"enemies":"Replay:BlueRogue","floor":12,"turns":1},{"damage":0,"enemies":"Gremlin Nob","floor":13,"turns":2},{"damage":0,"enemies":"Replay:BlueRogue","floor":14,"turns":2},{"damage":0,"enemies":"Hexaghost","floor":16,"turns":3},{"damage":0,"enemies":"3 Byrds","floor":18,"turns":1},{"damage":0,"enemies":"Spheric Guardian","floor":20,"turns":1},{"damage":0,"enemies":"Centurion and Healer","floor":21,"turns":1},{"damage":0,"enemies":"Replay:Snechameleon","floor":23,"turns":2},{"damage":0,"enemies":"Gremlin Leader","floor":24,"turns":3},{"damage":0,"enemies":"Book of Stabbing","floor":25,"turns":1},{"damage":0,"enemies":"Slavers","floor":27,"turns":1},{"damage":0,"enemies":"REME_1_Revenger","floor":28,"turns":2},{"damage":0,"enemies":"conspire:Head Lice","floor":29,"turns":1},{"damage":0,"enemies":"REME_1_Revenger","floor":30,"turns":2},{"damage":0,"enemies":"Chosen and Byrds","floor":31,"turns":1},{"damage":0,"enemies":"Collector","floor":33,"turns":2},{"damage":0,"enemies":"3 Darklings","floor":35,"turns":1},{"damage":0,"enemies":"Orb Walker","floor":39,"turns":1},{"damage":0,"enemies":"Giant Head","floor":40,"turns":1},{"damage":0,"enemies":"R_Hoarder","floor":41,"turns":3},{"damage":0,"enemies":"Nemesis","floor":42,"turns":3},{"damage":0,"enemies":"Reptomancer","floor":44,"turns":1},{"damage":0,"enemies":"R_Hoarder","floor":46,"turns":2},{"damage":0,"enemies":"Nemesis","floor":47,"turns":1},{"damage":0,"enemies":"Maw","floor":48,"turns":2},{"damage":0,"enemies":"hubris:GrandSnecko","floor":50,"turns":2},{"damage":0,"enemies":"Awakened One","floor":51,"turns":3}],"seed_played":"5142608757419130286","potions_obtained":[{"floor":6,"key":"Explosive Potion"},{"floor":8,"key":"Energy Potion"},{"floor":14,"key":"Strength Potion"},{"floor":16,"key":"BlessingOfTheForge"},{"floor":21,"key":"Milkshake"},{"floor":33,"key":"Dexterity Potion"},{"floor":35,"key":"Dota2Spire:HealingSalve"}],"is_trial":true,"path_per_floor":["M","M","?","M","?","E","M","E","T","E","R","E","E","E","R","B",null,"M","$","M","M","?","E","E","E","T","E","E","E","E","M","R","B",null,"M","$","?","$","M","E","E","E","T","E","R","E","E","M","R","B","B",null],"character_chosen":"IRONCLAD","items_purchased":["ClearTheMind","Wallop+1","Dota2Spire:Dagon","Flex","Lee\u0027s Waffle"],"campfire_rested":0,"item_purchase_floors":[17,19,19,19,36],"current_hp_per_floor":[75,76,76,76,76,76,76,78,78,80,80,82,84,86,86,88,87,87,87,87,89,89,91,93,93,93,93,95,95,97,97,97,101,101,101,108,93,93,99,107,114,118,125,125,125,131,133,136,136,138,141],"gold":284,"neow_bonus":"","is_daily":false,"chose_seed":false,"campfire_upgraded":3,"win_rate":0.0,"timestamp":1613108669,"path_taken":["M","M","?","M","?","E","?","E","T","E","R","E","E","E","R","BOSS","M","$","M","M","?","E","E","E","T","E","E","E","E","?","R","BOSS","M","$","?","$","M","E","E","E","T","E","R","E","E","?","R","BOSS","BOSS"],"items_purchased_type":["Card","Card","Relic","Card","Relic"],"build_version":"2020-12-18","purchased_purges":0,"victory":true,"max_hp_per_floor":[76,76,76,76,76,76,76,78,78,80,80,82,84,86,86,88,87,87,87,87,89,89,91,93,93,93,93,95,95,97,97,97,101,101,101,108,108,108,108,110,114,118,125,125,125,131,133,136,136,138,141],"card_choices":[{"not_picked":["Mayhem"],"picked":"Singing Bowl","floor":33},{"not_picked":["Replay:Many Hands","Impatience"],"picked":"Singing Bowl","floor":40},{"not_picked":["The Bomb","hubris:Insight"],"picked":"Singing Bowl","floor":41},{"not_picked":["Enlightenment+1"],"picked":"hubris:StunningStrike+1","floor":41},{"not_picked":["Wish","Replay:Parry+1"],"picked":"Singing Bowl","floor":42},{"not_picked":["conspire:HitWhereItHurts+1"],"picked":"hubris:Insight+1","floor":44},{"not_picked":["ReplayTheSpireMod:Necrogeddon+1","Secret Weapon"],"picked":"Singing Bowl","floor":46},{"not_picked":["ReplayTheSpireMod:Necrogeddon+1","Metamorphosis"],"picked":"Singing Bowl","floor":47}],"player_experience":676601,"relics_obtained":[{"floor":1,"key":"Ancient Tea Set"},{"floor":2,"key":"Molten Egg 2"},{"floor":4,"key":"hubris:ChampionShield"},{"floor":6,"key":"InkBottle"},{"floor":7,"key":"YumHeart"},{"floor":8,"key":"Replay:Multitool"},{"floor":9,"key":"Iron Hammer"},{"floor":10,"key":"UnicornStump"},{"floor":12,"key":"conspire:TopHat"},{"floor":13,"key":"Dota2Spire:OctarineCore"},{"floor":14,"key":"Singing Bowl"},{"floor":18,"key":"TheBean"},{"floor":20,"key":"AnarchistCookbook"},{"floor":21,"key":"hubris:DeckOfHolding"},{"floor":23,"key":"Sundial"},{"floor":24,"key":"Gremlin Horn"},{"floor":25,"key":"ReplayTheSpireMod:Shallot"},{"floor":26,"key":"Onion Ring"},{"floor":27,"key":"D6"},{"floor":28,"key":"Dota2Spire:LotusOrb"},{"floor":29,"key":"conspire:DecoderRing"},{"floor":30,"key":"Meat on the Bone"},{"floor":31,"key":"Question Card"},{"floor":34,"key":"Dota2Spire:PowerTreads"},{"floor":34,"key":"Replay:Baseball"},{"floor":35,"key":"conspire:Flyswatter"},{"floor":39,"key":"Diplopia"},{"floor":40,"key":"Dota2Spire:Mjollnir"},{"floor":41,"key":"Chameleon Ring"},{"floor":42,"key":"Dota2Spire:ArcaneBoots"},{"floor":43,"key":"Strawberry"},{"floor":44,"key":"Charon\u0027s Ashes"},{"floor":47,"key":"hubris:TenFootPole"},{"floor":48,"key":"conspire:GlowingRock"},{"floor":49,"key":"Dota2Spire:ArmletOfMordiggian"}],"event_choices":[{"damage_healed":0,"gold_gain":0,"player_choice":"Grow","damage_taken":0,"max_hp_gain":0,"max_hp_loss":0,"event_name":"Living Wall","floor":5,"gold_loss":0,"cards_upgraded":["conspire:Banana"]}],"is_beta":true,"boss_relics":[{"not_picked":["construct:ClawGrip","conspire:SeveredTorchhead"],"picked":"SlaversCollar"},{"not_picked":[]},{"not_picked":["hubris:BlackHole","Snecko Heart"],"picked":"REME_LowDesire"},{"not_picked":[]}],"items_purged_floors":[],"is_endless":false,"potions_floor_spawned":[6,8,14,16,21,25,28,29,30,33,35,44,46,47,48],"ascension_level":20}}