{"host":"yans4pr1zf0lm9bx","time":1613164051,"event":{"mods":["AchievementEnabler","BaseMod","Minty Spire (QoL Compilation)","StSLib","SuperFastMode","slay the spire mod where everything is the same but ironclad has a cowboy hat"],"gold_per_floor":[110,70,18,18,33,33,67,79,79,98,98,118,10,20,20,20,20],"floor_reached":16,"language":"ENG","playtime":485,"items_purged":["Decay"],"score":153,"play_id":"9d492149-9273-40a9-8215-309e115acfab","local_time":"20210212160731","is_ascension_mode":true,"campfire_choices":[{"data":"Feed","floor":6,"key":"SMITH"},{"data":"Defend_R","floor":11,"key":"SMITH"},{"data":"Rampage","floor":15,"key":"SMITH"}],"circlet_count":0,"master_deck":["Strike_R","Strike_R","Strike_R","Strike_R","Strike_R","Defend_R","Defend_R","Defend_R","Defend_R+1","Bash","Feed+1","Thunderclap","Flex","Second Wind","Flex","Rampage+1","Inflame"],"relics":["Burning Blood","Ornamental Fan","Gremlin Horn"],"acts_visited":["Exordium"],"potions_floor_usage":[7,7,14,16],"damage_taken":[{"damage":1,"enemies":"2 Louse","floor":1,"turns":3},{"damage":0,"enemies":"Cultist","floor":5,"turns":3},{"damage":39,"enemies":"Lagavulin","floor":7,"turns":8},{"damage":5,"enemies":"Small Slimes","floor":8,"turns":3},{"damage":0,"enemies":"Gremlin Gang","floor":10,"turns":3},{"damage":4,"enemies":"3 Louse","floor":12,"turns":3},{"damage":1,"enemies":"Looter","floor":14,"turns":2},{"damage":64,"enemies":"Hexaghost","floor":16,"turns":10}],"seed_played":"5290625386798466749","potions_obtained":[{"floor":1,"key":"SkillPotion"},{"floor":2,"key":"CultistPotion"},{"floor":2,"key":"Swift Potion"},{"floor":2,"key":"SteroidPotion"},{"floor":10,"key":"ColorlessPotion"},{"floor":14,"key":"SmokeBomb"}],"is_trial":false,"path_per_floor":["M","?","$","?","M","R","E","M","T","M","R","M","$","M","R","B"],"character_chosen":"IRONCLAD","items_purchased":["Flex","Inflame"],"campfire_rested":0,"item_purchase_floors":[3,13],"current_hp_per_floor":[64,64,64,64,70,70,37,42,42,52,52,58,58,63,63,0,0],"gold":20,"neow_bonus":"THREE_RARE_CARDS","is_daily":false,"chose_seed":false,"campfire_upgraded":3,"win_rate":0.0,"timestamp":1613164051,"path_taken":["M","?","?","?","M","R","E","M","T","?","R","M","$","M","R","BOSS"],"items_purchased_type":["Card","Card"],"build_version":"2020-12-22","purchased_purges":1,"victory":false,"max_hp_per_floor":[83,83,83,83,83,83,83,87,87,91,91,95,95,95,95,95,95],"card_choices":[{"not_picked":["Bludgeon","Offering"],"picked":"Feed","floor":0},{"not_picked":["Evolve","Sword Boomerang"],"picked":"Thunderclap","floor":1},{"not_picked":["Warcry","Dark Embrace","Shrug It Off"],"picked":"SKIP","floor":5},{"not_picked":["Thunderclap","Impervious"],"picked":"Second Wind","floor":7},{"not_picked":["Fire Breathing","Metallicize"],"picked":"Flex","floor":8},{"not_picked":["Cleave","Iron Wave","Pommel Strike"],"picked":"SKIP","floor":10},{"not_picked":["Heavy Blade","Searing Blow"],"picked":"Rampage","floor":12},{"not_picked":["Metallicize","Headbutt","Reckless Charge"],"picked":"SKIP","floor":14}],"player_experience":305514,"relics_obtained":[{"floor":7,"key":"Ornamental Fan"},{"floor":9,"key":"Gremlin Horn"}],"event_choices":[{"damage_healed":0,"gold_gain":0,"player_choice":"Bought 3 Potions","damage_taken":0,"max_hp_gain":0,"max_hp_loss":0,"event_name":"The Woman in Blue","floor":2,"gold_loss":0},{"damage_healed":0,"gold_gain":0,"player_choice":"Cursed","damage_taken":0,"max_hp_gain":0,"max_hp_loss":0,"event_name":"Wheel of Change","floor":4,"gold_loss":0,"cards_obtained":["Decay"]}],"is_beta":false,"boss_relics":[],"items_purged_floors":[13],"is_endless":false,"potions_floor_spawned":[1,10,14],"killed_by":"Hexaghost","ascension_level":5}}