{"host":"ljaiy5ygc2blx6r2","time":1613098091,"event":{"mods":["Act Like it!","Arknights","BaseMod","Better Vampires","Challenge The Spire","Colored Powertips","Conspire","Gensokyo","HornydragonMod","JesterMod","Koishi","Marisa（F雨　魔理沙）","Minty Spire (QoL Compilation)","Pale of the Ancients","Reimu（博丽灵梦）","Reliquary","Remilia（蕾米莉亚）","Replay The Spire","RumiaBox-露米娅的神秘盒子","SOS（斯巴达之子）","StSLib","TestMod","The Administrix","The Animator","The Bug Knight","The Cursed","The Gatherer","The IronCluck","The Runesmith","The Servant 0.9.4","UnlockEverythingMod","[IsaacMod]以撒尖塔","【功能Mod】聪明的最终Boss","【遗物卡牌】REMEMod","篝火指南"],"gold_per_floor":[109,119,119,134,134,59,14,32,114,129,149,156,168,181,181,285,285,297,297,297,141,155,155,155,155],"floor_reached":24,"language":"ZHS","playtime":905,"items_purged":["Poor:ReiMu"],"score":192,"play_id":"4facfbb7-11db-4ab2-b0f9-82f71b033417","local_time":"20210212104811","is_ascension_mode":false,"campfire_choices":[{"data":"BloodySeventeenLaser","floor":15,"key":"SMITH"},{"floor":23,"key":"REST"}],"circlet_count":0,"master_deck":["ats:Strike C","ats:Strike G","ats:Strike S","ats:Strike V","ats:Armor Crushing Shot","ats:Defend","ats:Defend","ats:Defend","ats:Defend","ats:Emotion Absorption","BloodySeventeenLaser+1","ats:Flexible Camouflage","ats:Phantom","ats:Overload","ats:Healing Drone","Pain","ats:Explosion Area Strengthen","ats:Burning Ground","ats:Hammer On","ats:Apocalypse","ats:Durian","ats:Steam Pump","ats:Shadow Raid","ats:Roar Of Ursus","ats:Soul Absorption","ats:Literary Storm"],"relics":["ats:Sanity","HushsDoor","REME_ComplimentaryCards","GuppysTail","testmod-FatalChain","NeowsBlessing","Baka","YidongShenshe:ReiMu","WarpedTongs","GodSword4","testmod-IncinerationGenerator","Gensokyo:DayTheSeaSplit","Void","testmod-IndustrialRevolution"],"acts_visited":["Exordium","Exordium"],"potions_floor_usage":[16,16,24,24],"damage_taken":[{"damage":0,"enemies":"Cultist","floor":1,"turns":1},{"damage":0,"enemies":"Jaw Worm","floor":2,"turns":1},{"damage":0,"enemies":"Small Slimes","floor":4,"turns":1},{"damage":7,"enemies":"3 Louse","floor":8,"turns":1},{"damage":1,"enemies":"Exordium Thugs","floor":10,"turns":1},{"damage":10,"enemies":"Lots of Slimes","floor":11,"turns":2},{"damage":3,"enemies":"2 Fungi Beasts","floor":12,"turns":3},{"damage":12,"enemies":"Blue Slaver","floor":13,"turns":3},{"damage":7,"enemies":"Lots of Slimes","floor":14,"turns":2},{"damage":52,"enemies":"Slime Boss","floor":16,"turns":7},{"damage":39,"enemies":"Gensokyo:CosmicMonolith","floor":18,"turns":4},{"damage":4,"enemies":"Gensokyo:Chomper","floor":22,"turns":3},{"damage":74,"enemies":"Gensokyo:3_Gloops","floor":24,"turns":5}],"seed_played":"6484446043538070008","potions_obtained":[{"floor":1,"key":"FearPotion"},{"floor":4,"key":"testmod-TimePotion"},{"floor":12,"key":"ats:Emergency Sanity Potion"},{"floor":16,"key":"LifebloodPotion"},{"floor":18,"key":"LiquidBronze"}],"is_trial":false,"path_per_floor":["M","M","?","M","?","R","$","M","T","M","M","M","M","M","R","B",null,"M","?","T","$","M","R","M"],"character_chosen":"DOCTOR_CLASS","items_purchased":["ats:Explosion Area Strengthen","testmod-IndustrialRevolution"],"campfire_rested":1,"item_purchase_floors":[7,21],"current_hp_per_floor":[72,72,72,72,72,72,72,65,65,64,55,65,57,50,50,14,75,48,48,48,48,48,70,0,0],"gold":155,"neow_bonus":"THREE_ENEMY_KILL","is_daily":false,"chose_seed":false,"campfire_upgraded":1,"win_rate":0.0,"timestamp":1613098091,"path_taken":["M","?","?","M","?","R","?","?","T","M","M","M","M","M","R","BOSS","M","?","?","$","M","R","M"],"items_purchased_type":["Card","Relic"],"build_version":"2020-12-22","purchased_purges":1,"victory":false,"max_hp_per_floor":[72,72,72,72,72,72,72,72,72,72,72,72,72,72,72,75,75,75,75,75,75,75,75,75,75],"card_choices":[{"not_picked":[],"picked":"Bomb","floor":0},{"not_picked":["ats:Directed Diagnosis","Bomb"],"picked":"ats:Flexible Camouflage","floor":1},{"not_picked":["ats:Shell Defense","ats:Ignite"],"picked":"ats:Phantom","floor":2},{"not_picked":["ats:Disruption Kick","ats:Shadow Raid"],"picked":"ats:Healing Drone","floor":4},{"not_picked":["ats:Poison Spread","ats:Consecutive Shot Auto"],"picked":"ats:Burning Ground","floor":8},{"not_picked":["ats:Flame Of Heaven","ats:Flexible Camouflage"],"picked":"ats:Hammer On","floor":10},{"not_picked":["ats:Curse Doll","ats:Assault Order"],"picked":"ats:Apocalypse","floor":11},{"not_picked":["ats:Assault Order","ats:Charging Defense"],"picked":"ats:Durian","floor":12},{"not_picked":["ats:Flame Of Heaven","ats:Cat Scratch"],"picked":"ats:Steam Pump","floor":13},{"not_picked":["ats:Cat Scratch","ats:Hammer On"],"picked":"ats:Shadow Raid","floor":14},{"not_picked":["ats:Disruption Kick","ats:Ambush"],"picked":"ats:Roar Of Ursus","floor":16},{"not_picked":["ats:Blood Oath+1","ats:Phantom"],"picked":"ats:Soul Absorption","floor":18},{"not_picked":["ats:Apocalypse","ats:Beaten Up+1"],"picked":"ats:Literary Storm","floor":22}],"player_experience":221159,"relics_obtained":[{"floor":1,"key":"Baka"},{"floor":9,"key":"GodSword4"},{"floor":20,"key":"Void"}],"event_choices":[{"damage_healed":0,"gold_gain":0,"player_choice":"带走神社","damage_taken":0,"relics_obtained":["YidongShenshe:ReiMu"],"max_hp_gain":0,"max_hp_loss":0,"event_name":"yidonshenshe","floor":3,"gold_loss":0,"cards_obtained":["Poor:ReiMu"]},{"damage_healed":0,"gold_gain":0,"player_choice":"Rummage","damage_taken":0,"relics_obtained":["WarpedTongs"],"max_hp_gain":0,"max_hp_loss":0,"event_name":"Accursed Blacksmith","floor":5,"gold_loss":0,"cards_obtained":["Pain"]}],"is_beta":false,"boss_relics":[{"not_picked":["testmod-Fanaticism","ChampionBelt"],"picked":"testmod-IncinerationGenerator"},{"not_picked":[]}],"items_purged_floors":[6],"is_endless":false,"potions_floor_spawned":[1,4,11,12,16,18],"killed_by":"Gensokyo:3_Gloops","ascension_level":0}}