{"host":"5zhjtp2pgwgfdund","time":1613106340,"event":{"mods":["2.2 Compatiblity","AchievementEnabler","Act Like it!","BaseMod","Colored Map","Colored Powertips","Downfall","Gensokyo","Infinite Spire","Minty Spire (QoL Compilation)","Replay The Spire","Shop Mod","StSLib","The Bug Knight","The Jungle"],"gold_per_floor":[99,118,133,151,104,118,118,148,158,158,158,168,168,168,178,273,273,273,286,286,286,298,298,352,352,365,379,413,136,136,152,167,270,270,270,290,337,353,369,369,369,369,369,369,369],"floor_reached":43,"language":"ENG","playtime":3585,"items_purged":[],"score":502,"play_id":"5898cd7d-b3a7-4023-8df7-54ccce815382","local_time":"20210212000540","is_ascension_mode":false,"campfire_choices":[{"data":"bronze:Replicate","floor":1,"key":"SMITH"},{"floor":11,"key":"REST"},{"data":"bronze:ChosenStrike","floor":18,"key":"SMITH"},{"data":"bronze:Branch","floor":23,"key":"SMITH"},{"data":"expansioncontent:QuickStudy","floor":30,"key":"SMITH"},{"data":"bronze:AlphaBuild","floor":35,"key":"SMITH"}],"circlet_count":0,"master_deck":["bronze:Defend","bronze:Defend","bronze:Defend","bronze:Defend","bronze:Replicate+1","bronze:Goto","bronze:Branch+1","bronze:ChosenStrike+1","bronze:WhirlingStrike","bronze:Return","bronze:ChosenStrike+1","bronze:DigitalCarnage+1","bronze:OilSpill","bronze:ForLoop","Pain","bronze:Iterate","bronze:SpaghettiCode","bronze:WhirlingStrike","Slimebound:Tackle+1","Slimebound:Tackle+1","Slimebound:Tackle+1","bronze:Overheat","bronze:Frontload","bronze:Branch","bronze:Frontload","bronze:WildBeam","expansioncontent:QuickStudy+1","bronze:ChosenStrike","bronze:Overload","bronze:ChosenStrike+1","bronze:AlphaBuild+1","bronze:Turbo+1","bronze:CloningBeam","bronze:Branch+1","expansioncontent:PrepareCrush","expansioncontent:Hexaburn","expansioncontent:InvincibleStrength"],"relics":["bronze:PlatinumCore","Divine Protection","CaptainsWheel","Gremlin Food","Gensokyo:LunaticRedEyes","Gensokyo:OccultBall","Akabeko","infinitespire:Broken Mirror","SacredBark","infinitespire:Joker Card","Molten Egg 2"],"acts_visited":["Gensokyo:Gensokyo","TheCity","TheBeyond"],"potions_floor_usage":[43],"damage_taken":[{"damage":4,"enemies":"Gensokyo:3_Fairies","floor":2,"turns":5},{"damage":2,"enemies":"Gensokyo:2_Kodama","floor":3,"turns":4},{"damage":0,"enemies":"Gensokyo:Python","floor":4,"turns":3},{"damage":12,"enemies":"Gensokyo:Gryphon_and_Rabbit","floor":6,"turns":5},{"damage":23,"enemies":"Gensokyo:Cirno","floor":8,"turns":5},{"damage":0,"enemies":"Gensokyo:LivingMonolith","floor":9,"turns":3},{"damage":0,"enemies":"Gensokyo:Kitsune","floor":12,"turns":2},{"damage":0,"enemies":"Gensokyo:VengefulSpirit","floor":15,"turns":2},{"damage":30,"enemies":"DF_ARCHETYPE_STREAMLINE","floor":16,"turns":8},{"damage":0,"enemies":"Chosen","floor":19,"turns":3},{"damage":0,"enemies":"Spheric Guardian","floor":22,"turns":1},{"damage":0,"enemies":"Cultist and Chosen","floor":26,"turns":4},{"damage":14,"enemies":"Snake Plant","floor":27,"turns":3},{"damage":0,"enemies":"Replay:Snechameleon","floor":28,"turns":4},{"damage":0,"enemies":"downfall:FleeingMerchant","floor":29,"turns":4},{"damage":0,"enemies":"Snecko","floor":31,"turns":4},{"damage":0,"enemies":"Centurion and Healer","floor":32,"turns":4},{"damage":12,"enemies":"WA_ARCHETYPE_CALM","floor":33,"turns":7},{"damage":0,"enemies":"3 Darklings","floor":36,"turns":4},{"damage":5,"enemies":"2 Orb Walkers","floor":37,"turns":3},{"damage":0,"enemies":"Orb Walker","floor":38,"turns":1},{"damage":0,"enemies":"Transient","floor":39,"turns":5},{"damage":80,"enemies":"Giant Head","floor":43,"turns":8}],"seed_played":"-1609147274035446507","potions_obtained":[{"floor":4,"key":"hexamod:SoulburnPotion"},{"floor":6,"key":"GamblersBrew"},{"floor":16,"key":"LifebloodPotion"},{"floor":26,"key":"Guardian:BlockOnCardUsePotion"},{"floor":28,"key":"Block Potion"},{"floor":31,"key":"Toxic Potion"}],"is_trial":false,"path_per_floor":["R","M","M","M","COS","M","T","E","M","?","R","M","?","?","M","B",null,"R","M","?","?","M","R","T","?","M","M","E","$","R","M","M","B",null,"R_BF","M","?","M","M","?","T","?","E"],"character_chosen":"THE_AUTOMATON","items_purchased":["expansioncontent:QuickStudy","bronze:ChosenStrike"],"campfire_rested":1,"item_purchase_floors":[29,29],"current_hp_per_floor":[77,73,71,71,71,59,59,36,36,36,59,59,59,59,59,29,77,77,77,77,77,77,77,77,77,77,63,63,63,63,63,63,51,77,77,77,72,72,72,62,62,62,0,0,0],"gold":369,"neow_bonus":"TEN_PERCENT_HP_BONUS","is_daily":false,"chose_seed":false,"campfire_upgraded":5,"win_rate":0.0,"timestamp":1613106340,"path_taken":["R","M","M","M","COS","M","T","E","M","?","R","M","?","?","M","BOSS","R","M","?","?","M","R","T","?","M","?","E","?","R","M","M","BOSS","R_BF","M","?","M","M","?","T","?","E"],"items_purchased_type":["Card","Card"],"build_version":"2020-12-22","purchased_purges":0,"victory":false,"max_hp_per_floor":[77,77,77,77,77,77,77,77,77,77,77,77,77,77,77,77,77,77,77,77,77,77,77,77,77,77,77,77,77,77,77,77,77,77,77,77,77,77,77,77,77,77,75,75,75],"card_choices":[{"not_picked":["bronze:OilSpill","bronze:FollowUp"],"picked":"bronze:Branch","floor":2},{"not_picked":["bronze:FollowUp","bronze:Repulsor"],"picked":"bronze:ChosenStrike","floor":3},{"not_picked":["bronze:Turbo","bronze:DelayedGuard"],"picked":"bronze:WhirlingStrike","floor":4},{"not_picked":["bronze:Deprecate","bronze:Philosophize"],"picked":"bronze:Return","floor":6},{"not_picked":["bronze:BugBarrage","bronze:CutThrough"],"picked":"bronze:HyperBeam","floor":8},{"not_picked":["bronze:ForLoop","bronze:Deprecate"],"picked":"bronze:ChosenStrike","floor":9},{"not_picked":["bronze:Repulsor","bronze:BuggyMess"],"picked":"bronze:DigitalCarnage","floor":10},{"not_picked":["bronze:BuggyMess","bronze:Frontload"],"picked":"bronze:OilSpill","floor":10},{"not_picked":["bronze:Overload","bronze:Deprecate"],"picked":"bronze:ForLoop","floor":12},{"not_picked":["bronze:DarkDash","bronze:DigitalCarnage"],"picked":"bronze:Iterate","floor":15},{"not_picked":["bronze:Verify","bronze:Mutator"],"picked":"bronze:SpaghettiCode","floor":16},{"not_picked":["bronze:ItsAFeature","bronze:Shield"],"picked":"bronze:WhirlingStrike","floor":19},{"not_picked":["bronze:BitShift","bronze:Turbo"],"picked":"bronze:Overheat","floor":22},{"not_picked":["bronze:WhirlingStrike","bronze:Safeguard"],"picked":"bronze:Frontload","floor":26},{"not_picked":["bronze:DelayedGuard","bronze:CutThrough"],"picked":"bronze:Branch","floor":27},{"not_picked":["bronze:Shield+1","bronze:ShipIt"],"picked":"bronze:Frontload","floor":28},{"not_picked":["bronze:Repair","bronze:GetLatest+1"],"picked":"bronze:WildBeam","floor":29},{"not_picked":["bronze:DelayedGuard","bronze:Repulsor"],"picked":"bronze:Overload","floor":31},{"not_picked":["bronze:Turbo","bronze:FineTuning"],"picked":"bronze:ChosenStrike+1","floor":32},{"not_picked":["bronze:HyperBeam","bronze:SpaghettiCode"],"picked":"bronze:AlphaBuild","floor":33},{"not_picked":["bronze:OilSpill","bronze:Frontload"],"picked":"bronze:Turbo+1","floor":36},{"not_picked":["bronze:BitShift","bronze:Branch"],"picked":"bronze:CloningBeam","floor":37},{"not_picked":["bronze:Repulsor+1","bronze:BitShift+1"],"picked":"bronze:Return","floor":38},{"not_picked":["bronze:BuggyMess+1","bronze:CutThrough+1"],"picked":"bronze:Branch+1","floor":39},{"not_picked":["expansioncontent:YouAreMine","expansioncontent:Hexaburn"],"picked":"expansioncontent:PrepareCrush","floor":40},{"not_picked":["expansioncontent:AwakenDeath","expansioncontent:YouAreMine"],"picked":"expansioncontent:Hexaburn","floor":40},{"not_picked":["Replay:SS_forest_2","expansioncontent:YouAreMine"],"picked":"expansioncontent:InvincibleStrength","floor":40}],"player_experience":147590,"relics_obtained":[{"floor":7,"key":"Divine Protection"},{"floor":8,"key":"CaptainsWheel"},{"floor":15,"key":"Gensokyo:OccultBall"},{"floor":16,"key":"Gensokyo:OccultBall"},{"floor":24,"key":"Akabeko"},{"floor":28,"key":"Gensokyo:OccultBall"},{"floor":28,"key":"infinitespire:Broken Mirror"},{"floor":33,"key":"Gensokyo:OccultBall"},{"floor":37,"key":"infinitespire:Joker Card"},{"floor":41,"key":"Molten Egg 2"}],"event_choices":[{"damage_healed":0,"gold_gain":0,"player_choice":"Fight","damage_taken":0,"max_hp_gain":0,"max_hp_loss":0,"event_name":"Mysterious Sphere","floor":37,"gold_loss":0},{"cards_removed":["bronze:Return"],"damage_healed":0,"gold_gain":0,"player_choice":"Removed Skill","damage_taken":0,"max_hp_gain":0,"max_hp_loss":0,"event_name":"Falling","floor":42,"gold_loss":0}],"is_beta":false,"boss_relics":[{"not_picked":["Runic Pyramid","Ring of Chaos"],"picked":"bronze:PlatinumCore"},{"not_picked":["Replay:Ancient Bell","Fusion Hammer"],"picked":"SacredBark"}],"items_purged_floors":[],"is_endless":false,"potions_floor_spawned":[4,6,16,26,28,31,32,38],"killed_by":"Giant Head","ascension_level":0}}