{"host":"zwb5naz29bygj01b","time":1613108315,"event":{"mods":["2.2 Compatiblity","AchievementEnabler","BaseMod","Bestiary","Better Altar","Better Match","Better Note","Better Sensory Stone","Better Skull","Better Third Choice","Better-Laid Plans","BetterRewards","Block Reminder","Card Forge","Colored Map","Colored Powertips","Custom Start","Dark Map","DeckTracker","Downfall","Filter the Spire","Hermit","Highlight Path","Minty Spire (QoL Compilation)","Practice Mode","Quick Restart","Random Character Button","Rare Cards Sparkle","Shade Mod","Spicy Shops","StSLib","The Bug Knight","The Cursed","The Disciple","The Hierophant","The IronCluck","Transform Curses"],"gold_per_floor":[109,74,3,20,20,20,46,46,46,70,83,83,83,118,118,118,118],"floor_reached":16,"language":"ENG","playtime":302,"items_purged":[],"score":199,"play_id":"cee9b10d-8689-40b9-b94d-6c42b3fec06e","local_time":"20210211233835","is_ascension_mode":true,"campfire_choices":[{"data":"Ragnarok","floor":6,"key":"SMITH"},{"floor":8,"key":"REST"},{"floor":13,"key":"REST"},{"data":"DevaForm","floor":15,"key":"SMITH"}],"circlet_count":0,"master_deck":["Strike_P","Strike_P","Strike_P","Strike_P","Defend_P","Defend_P","Defend_P","Defend_P","Eruption","Vigilance","Discovery","Ragnarok+1","Prostrate","Protect","Tantrum","Worship","ThirdEye","Worship","ThirdEye","DevaForm+1","BowlingBash"],"relics":["PureWater","Hammer of Thor","Seething Fire","Anvil of the Gods","Matryoshka","Blood Vial","Tiny Chest","Kunai","Pen Nib","Bottled Flame","Odd Mushroom","Oddly Smooth Stone","Bird Faced Urn","Shuriken"],"acts_visited":["Exordium"],"potions_floor_usage":[10,16],"damage_taken":[{"damage":5,"enemies":"Cultist","floor":1,"turns":4},{"damage":15,"enemies":"2 Louse","floor":4,"turns":2},{"damage":23,"enemies":"3 Sentries","floor":7,"turns":4},{"damage":0,"enemies":"The Mushroom Lair","floor":10,"turns":1},{"damage":0,"enemies":"Small Slimes","floor":11,"turns":2},{"damage":0,"enemies":"Gremlin Nob","floor":14,"turns":1},{"damage":79,"enemies":"The Guardian","floor":16,"turns":6}],"seed_played":"4802276108834451879","potions_obtained":[{"floor":4,"key":"AttackPotion"},{"floor":7,"key":"BottledMiracle"},{"floor":10,"key":"Fire Potion"}],"is_trial":false,"path_per_floor":["M","?","$","M","?","R","E","R","T","?","M","T","R","E","R","B"],"character_chosen":"WATCHER","items_purchased":["Matryoshka","Blood Vial","Discovery","Ragnarok","Prostrate","Tiny Chest","Protect","Worship"],"campfire_rested":2,"item_purchase_floors":[0,0,0,0,0,0,0,3],"current_hp_per_floor":[39,57,57,44,49,49,28,51,51,53,55,55,77,77,77,0,0],"gold":118,"neow_bonus":"","is_daily":false,"chose_seed":false,"campfire_upgraded":2,"win_rate":0.0,"timestamp":1613108315,"path_taken":["M","?","$","M","?","R","E","R","T","?","M","?","R","E","R","BOSS"],"items_purchased_type":["Relic","Relic","Card","Card","Card","Relic","Card","Card"],"build_version":"2020-12-22","purchased_purges":0,"victory":false,"max_hp_per_floor":[72,72,72,72,77,77,77,77,77,77,77,77,77,77,77,77,77],"card_choices":[{"not_picked":["ThirdEye","BattleHymn"],"picked":"Tantrum","floor":1},{"not_picked":["Weave","TalkToTheHand"],"picked":"ThirdEye","floor":4},{"not_picked":["EmptyBody","EmptyMind"],"picked":"Worship","floor":7},{"not_picked":["Consecrate","Study"],"picked":"ThirdEye","floor":10},{"not_picked":["CutThroughFate","Consecrate"],"picked":"DevaForm","floor":11},{"not_picked":["Vengeance","Brilliance"],"picked":"BowlingBash","floor":14}],"player_experience":48970,"relics_obtained":[{"floor":7,"key":"Kunai"},{"floor":9,"key":"Pen Nib"},{"floor":9,"key":"Bottled Flame"},{"floor":10,"key":"Odd Mushroom"},{"floor":12,"key":"Oddly Smooth Stone"},{"floor":12,"key":"Bird Faced Urn"},{"floor":14,"key":"Shuriken"}],"event_choices":[{"damage_healed":18,"gold_gain":0,"player_choice":"Healed","damage_taken":0,"max_hp_gain":0,"max_hp_loss":0,"event_name":"The Cleric","floor":2,"gold_loss":35},{"damage_healed":0,"gold_gain":0,"player_choice":"Donut","damage_taken":0,"max_hp_gain":5,"max_hp_loss":0,"event_name":"Big Fish","floor":5,"gold_loss":0},{"damage_healed":0,"gold_gain":0,"player_choice":"Fought Mushrooms","damage_taken":0,"max_hp_gain":0,"max_hp_loss":0,"event_name":"Mushrooms","floor":10,"gold_loss":0}],"is_beta":false,"boss_relics":[],"items_purged_floors":[],"is_endless":false,"potions_floor_spawned":[4,7,10],"killed_by":"The Guardian","ascension_level":2}}