{"host":"bg8va46pgqgvtzim","time":1613141349,"event":{"mods":["BaseMod","Minty Spire (QoL Compilation)","Quick Restart","StSLib","SuperFastMode"],"gold_per_floor":[20,33,46,59,59,78,78,117,168,168,268,294,317,242,266,276,315,338,350,364,364,364,471,471,493,172,172,172,194,194,219,253,272,272,321,339,358,358,391,415,446,446,554,581,601,621,648,663,675,734,757,816,816,841,841,741,771,794,828,847,857,857,883,902,902,932,952,952,952,952,952,952,61,95,95],"floor_reached":76,"language":"ZHS","playtime":8541,"items_purged":["Strike_B","Defend_B","Strike_B","FTL+1"],"score":2019,"play_id":"a4be4976-631f-41bb-9baa-9b9888f2b93b","local_time":"20210212224909","is_ascension_mode":true,"campfire_choices":[{"data":"Rip and Tear","floor":7.0,"key":"SMITH"},{"data":"Dualcast","floor":10.0,"key":"SMITH"},{"data":"Defragment","floor":21.0,"key":"SMITH"},{"data":"Zap","floor":22.0,"key":"SMITH"},{"data":"Skim","floor":30.0,"key":"SMITH"},{"floor":34.0,"key":"RECALL"},{"data":"Recycle","floor":38.0,"key":"SMITH"},{"data":"Hologram","floor":42.0,"key":"SMITH"},{"data":"Deep Breath","floor":53,"key":"SMITH"},{"data":"Recycle","floor":62,"key":"SMITH"},{"data":"Impatience","floor":68,"key":"SMITH"},{"data":"Reinforced Body","floor":69,"key":"SMITH"},{"data":"Seek","floor":72,"key":"SMITH"}],"circlet_count":0,"master_deck":["Defend_B","Defend_B","Defend_B","Zap+1","Dualcast+1","Reinforced Body+1","Skim+1","Gash","Defragment+1","Hologram+1","Fission+1","Coolheaded+1","Redo+1","Undo+1","Recycle+1","Capacitor","Seek+1","Steam+1","Scrape+1","Gash","Beam Cell+1","Purity","Impatience+1","Deep Breath+1","Recycle+1","Coolheaded+1","White Noise","White Noise+1"],"relics":["Cracked Core","Girya","FaceOfCleric","CeramicFish","Ancient Tea Set","The Courier","Bronze Scales","Nuclear Battery","War Paint","Medical Kit","MutagenicStrength","Nilry\u0027s Codex","Boot","Potion Belt","Calipers","Red Mask","Astrolabe","Pocketwatch","Ice Cream","Strawberry","Sundial","Akabeko","Vajra","Nunchaku","Pen Nib","Pear","DataDisk","Ornamental Fan","Bag of Marbles","Bag of Preparation","Pantograph","Incense Burner"],"acts_visited":["Exordium","TheCity","TheBeyond","TheEnding"],"potions_floor_usage":[59,75,75,75,75,75],"damage_taken":[{"damage":1.0,"enemies":"Jaw Worm","floor":1.0,"turns":3.0},{"damage":0.0,"enemies":"Cultist","floor":2.0,"turns":4.0},{"damage":0.0,"enemies":"2 Louse","floor":3.0,"turns":2.0},{"damage":2.0,"enemies":"Red Slaver","floor":4.0,"turns":4.0},{"damage":11.0,"enemies":"Exordium Wildlife","floor":6.0,"turns":5.0},{"damage":14.0,"enemies":"3 Sentries","floor":8.0,"turns":7.0},{"damage":1.0,"enemies":"Blue Slaver","floor":13.0,"turns":3.0},{"damage":0.0,"enemies":"Looter","floor":15.0,"turns":2.0},{"damage":0.0,"enemies":"Exordium Wildlife","floor":16.0,"turns":5.0},{"damage":3.0,"enemies":"Lagavulin","floor":17.0,"turns":11.0},{"damage":4.0,"enemies":"3 Louse","floor":19.0,"turns":2.0},{"damage":0.0,"enemies":"Looter","floor":20.0,"turns":3.0},{"damage":11.0,"enemies":"Slime Boss","floor":23.0,"turns":10.0},{"damage":5.0,"enemies":"Chosen","floor":25.0,"turns":4.0},{"damage":3.0,"enemies":"2 Thieves","floor":29.0,"turns":3.0},{"damage":0.0,"enemies":"Snake Plant","floor":31.0,"turns":3.0},{"damage":0.0,"enemies":"Book of Stabbing","floor":32.0,"turns":5.0},{"damage":5.0,"enemies":"3 Cultists","floor":33.0,"turns":5.0},{"damage":3.0,"enemies":"Cultist and Chosen","floor":36.0,"turns":5.0},{"damage":0.0,"enemies":"Shelled Parasite and Fungi","floor":37.0,"turns":5.0},{"damage":0.0,"enemies":"Gremlin Leader","floor":39.0,"turns":10.0},{"damage":0.0,"enemies":"Snecko","floor":40.0,"turns":7.0},{"damage":0.0,"enemies":"Masked Bandits","floor":41.0,"turns":5.0},{"damage":0.0,"enemies":"Collector","floor":43.0,"turns":9.0},{"damage":0.0,"enemies":"3 Shapes","floor":45.0,"turns":3.0},{"damage":0.0,"enemies":"Orb Walker","floor":46.0,"turns":4.0},{"damage":14.0,"enemies":"Sphere and 2 Shapes","floor":48.0,"turns":7.0},{"damage":7.0,"enemies":"Maw","floor":49.0,"turns":7.0},{"damage":2.0,"enemies":"2 Orb Walkers","floor":50.0,"turns":7.0},{"damage":0.0,"enemies":"Transient","floor":51.0,"turns":5.0},{"damage":0.0,"enemies":"Mind Bloom Boss Battle","floor":52.0,"turns":6.0},{"damage":0,"enemies":"Reptomancer","floor":54,"turns":5},{"damage":0,"enemies":"Giant Head","floor":57,"turns":6},{"damage":10,"enemies":"Reptomancer","floor":59,"turns":4},{"damage":0,"enemies":"Jaw Worm Horde","floor":60,"turns":3},{"damage":0,"enemies":"Sphere and 2 Shapes","floor":61,"turns":5},{"damage":0,"enemies":"Nemesis","floor":63,"turns":4},{"damage":0,"enemies":"Spire Growth","floor":64,"turns":4},{"damage":0,"enemies":"Giant Head","floor":66,"turns":2},{"damage":0,"enemies":"Writhing Mass","floor":67,"turns":5},{"damage":0,"enemies":"Time Eater","floor":70,"turns":6},{"damage":7,"enemies":"Shield and Spear","floor":74,"turns":5},{"damage":0,"enemies":"The Heart","floor":75,"turns":5}],"seed_played":"1957414729891381612","potions_obtained":[{"floor":1.0,"key":"PowerPotion"},{"floor":3.0,"key":"AttackPotion"},{"floor":6.0,"key":"Explosive Potion"},{"floor":8.0,"key":"GamblersBrew"},{"floor":16.0,"key":"BlessingOfTheForge"},{"floor":17.0,"key":"FearPotion"},{"floor":29.0,"key":"Energy Potion"},{"floor":32.0,"key":"SpeedPotion"},{"floor":36.0,"key":"Dexterity Potion"},{"floor":40.0,"key":"BlessingOfTheForge"},{"floor":41.0,"key":"EssenceOfDarkness"},{"floor":46.0,"key":"Dexterity Potion"},{"floor":49.0,"key":"FearPotion"},{"floor":60,"key":"LiquidMemories"}],"is_trial":false,"path_per_floor":["M","M","M","M","?","M","R","E","T","R","?","T","M","$","M","M","E","T","M","M","R","R","B",null,"M","$","?","?","M","R","M","E","M","R","T","M","M","R","E","M","?","R","B",null,"M","M","?","M","M","?","M","?","R","E","T","$","E","T","E","M","M","R","E","M","?","E","M","R","R","B",null,"R","$","E","B",null],"character_chosen":"DEFECT","items_purchased":["War Paint","Medical Kit","DataDisk","Ornamental Fan","Bag of Marbles","Bag of Preparation","Pantograph"],"campfire_rested":0,"item_purchase_floors":[26,26,73,73,73,73,73],"current_hp_per_floor":[74,74,74,72,72,62,62,49,49,49,49,49,49,49,50,51,49,49,46,47,47,47,37,84,80,80,80,64,62,62,63,64,60,60,60,58,59,59,60,61,62,62,63,95,96,97,87,74,68,67,68,69,69,77,77,77,78,78,69,70,71,71,72,73,73,84,85,85,85,86,129,129,129,123,131],"gold":95,"neow_bonus":"ONE_RARE_RELIC","is_daily":false,"chose_seed":false,"campfire_upgraded":12,"win_rate":0.0,"timestamp":1613141349,"path_taken":["M","M","M","M","?","?","R","E","?","R","?","T","M","$","M","?","E","?","M","M","R","R","BOSS","M","$","?","?","M","R","M","E","M","R","T","M","M","R","E","M","?","R","BOSS","M","M","?","M","M","?","M","?","R","E","?","$","E","T","E","?","M","R","E","M","?","E","M","R","R","BOSS","R","$","E","BOSS"],"items_purchased_type":["Relic","Relic","Relic","Relic","Relic","Relic","Relic"],"build_version":"2020-12-22","purchased_purges":4,"victory":true,"max_hp_per_floor":[75,75,75,75,75,76,76,77,77,77,77,77,78,78,79,80,81,81,82,83,83,83,84,84,85,85,85,85,86,86,87,88,89,89,89,90,91,91,92,93,94,94,95,95,96,97,97,98,99,100,101,102,102,110,110,110,111,111,112,113,114,114,115,116,116,127,128,128,128,129,129,129,129,130,131],"card_choices":[{"not_picked":["Leap","Force Field"],"picked":"Reinforced Body","floor":1.0},{"not_picked":["Scrape","Hologram"],"picked":"Rip and Tear","floor":2.0},{"not_picked":["Melter","Sweeping Beam","Storm"],"picked":"SKIP","floor":3.0},{"not_picked":["Scrape","Rebound"],"picked":"Skim","floor":4.0},{"not_picked":["Reinforced Body","Loop","Stack"],"picked":"SKIP","floor":6.0},{"not_picked":["Compile Driver","Steam"],"picked":"Glacier","floor":8.0},{"not_picked":["Chill","Undo"],"picked":"Gash","floor":13.0},{"not_picked":["White Noise","Sweeping Beam"],"picked":"Defragment","floor":15.0},{"not_picked":["Conserve Battery","Chill","Static Discharge"],"picked":"SKIP","floor":16.0},{"not_picked":["Barrage","Consume"],"picked":"Hologram","floor":17.0},{"not_picked":["Barrage","Compile Driver","Leap"],"picked":"SKIP","floor":19.0},{"not_picked":["Static Discharge","Rainbow","Self Repair"],"picked":"SKIP","floor":20.0},{"not_picked":["Seek","Thunder Strike"],"picked":"Fission","floor":23.0},{"not_picked":["Skim","Self Repair"],"picked":"Coolheaded+1","floor":25.0},{"not_picked":["Reinforced Body+1","Reprogram"],"picked":"Redo+1","floor":29.0},{"not_picked":["Compile Driver","Cold Snap"],"picked":"Undo+1","floor":31.0},{"not_picked":["Auto Shields","Thunder Strike","Beam Cell+1"],"picked":"SKIP","floor":32.0},{"not_picked":["Ball Lightning+1","Force Field","Rebound"],"picked":"SKIP","floor":33.0},{"not_picked":["BootSequence","Go for the Eyes","Rebound+1"],"picked":"SKIP","floor":36.0},{"not_picked":["Heatsinks","Rebound"],"picked":"Recycle","floor":37.0},{"not_picked":["Tempest+1","Lockon+1","Multi-Cast"],"picked":"SKIP","floor":39.0},{"not_picked":["Steam","Sweeping Beam"],"picked":"Capacitor","floor":40.0},{"not_picked":["Meteor Strike","Amplify"],"picked":"Seek","floor":43.0},{"not_picked":["Sweeping Beam+1","Leap+1"],"picked":"Gash","floor":45.0},{"not_picked":["Rebound+1","Hello World+1"],"picked":"Beam Cell+1","floor":46.0},{"not_picked":["Mind Blast","Dark Shackles"],"picked":"Purity","floor":47.0},{"not_picked":["Good Instincts","Magnetism"],"picked":"Impatience","floor":47.0},{"not_picked":["Good Instincts","HandOfGreed"],"picked":"Deep Breath","floor":47.0},{"not_picked":["Coolheaded+1","Barrage+1","Streamline"],"picked":"SKIP","floor":48.0},{"not_picked":["Coolheaded","Gash","Stack+1"],"picked":"SKIP","floor":49.0},{"not_picked":["BootSequence+1","Beam Cell"],"picked":"Recycle","floor":50.0},{"not_picked":["Go for the Eyes+1","Sweeping Beam"],"picked":"Coolheaded+1","floor":51.0},{"not_picked":["Leap+1","Beam Cell+1"],"picked":"White Noise","floor":52},{"not_picked":["Rainbow","Capacitor+1","Cold Snap+1"],"picked":"SKIP","floor":54},{"not_picked":["Aggregate+1","Ball Lightning+1","Compile Driver"],"picked":"SKIP","floor":57},{"not_picked":["Hologram+1","Gash+1","Lockon"],"picked":"SKIP","floor":59},{"not_picked":["Rebound+1","Beam Cell"],"picked":"White Noise+1","floor":60},{"not_picked":["Barrage+1","Meteor Strike","Stack"],"picked":"SKIP","floor":61},{"not_picked":["Cold Snap","Thunder Strike","Static Discharge"],"picked":"SKIP","floor":63},{"not_picked":["Conserve Battery","Static Discharge+1","Barrage"],"picked":"SKIP","floor":64},{"not_picked":["Scrape","Genetic Algorithm+1","Coolheaded+1"],"picked":"SKIP","floor":66},{"not_picked":["Glacier+1","Leap","Ball Lightning+1"],"picked":"SKIP","floor":67},{"not_picked":["Stack+1","Self Repair","Blizzard"],"picked":"SKIP","floor":74}],"player_experience":2433512,"relics_obtained":[{"floor":8.0,"key":"CeramicFish"},{"floor":12.0,"key":"Ancient Tea Set"},{"floor":17.0,"key":"The Courier"},{"floor":18.0,"key":"Bronze Scales"},{"floor":28.0,"key":"Nilry\u0027s Codex"},{"floor":32.0,"key":"Boot"},{"floor":35.0,"key":"Potion Belt"},{"floor":39.0,"key":"Calipers"},{"floor":41.0,"key":"Red Mask"},{"floor":50.0,"key":"Pocketwatch"},{"floor":52,"key":"Ice Cream"},{"floor":54,"key":"Strawberry"},{"floor":55,"key":"Sundial"},{"floor":57,"key":"Akabeko"},{"floor":58,"key":"Vajra"},{"floor":59,"key":"Nunchaku"},{"floor":63,"key":"Pen Nib"},{"floor":66,"key":"Pear"},{"floor":74,"key":"Incense Burner"}],"event_choices":[{"damage_healed":0.0,"max_hp_gain":0.0,"max_hp_loss":0.0,"gold_gain":0.0,"event_name":"FaceTrader","player_choice":"Trade","floor":5.0,"gold_loss":0.0,"damage_taken":0.0,"relics_obtained":["FaceOfCleric"]},{"damage_healed":0.0,"max_hp_gain":0.0,"max_hp_loss":0.0,"gold_gain":100.0,"event_name":"Golden Shrine","player_choice":"Pray","floor":11.0,"gold_loss":0.0,"damage_taken":0.0},{"damage_healed":0.0,"max_hp_gain":0.0,"max_hp_loss":0.0,"gold_gain":0.0,"event_name":"Drug Dealer","player_choice":"Inject Mutagens","floor":27.0,"gold_loss":0.0,"damage_taken":0.0,"relics_obtained":["MutagenicStrength"]},{"damage_healed":0.0,"max_hp_gain":0.0,"max_hp_loss":0.0,"gold_gain":0.0,"event_name":"Cursed Tome","player_choice":"Obtained Book","floor":28.0,"gold_loss":0.0,"damage_taken":16.0},{"damage_healed":0.0,"max_hp_gain":0.0,"max_hp_loss":0.0,"gold_gain":0.0,"event_name":"Masked Bandits","player_choice":"Fought Bandits","floor":41.0,"gold_loss":0.0,"damage_taken":0.0},{"damage_healed":0.0,"max_hp_gain":0.0,"max_hp_loss":0.0,"gold_gain":0.0,"event_name":"SensoryStone","player_choice":"Memory 3","floor":47.0,"gold_loss":0.0,"damage_taken":10.0},{"damage_healed":0.0,"max_hp_gain":0.0,"max_hp_loss":0.0,"gold_gain":0.0,"event_name":"Mysterious Sphere","player_choice":"Fight","floor":50.0,"gold_loss":0.0,"damage_taken":0.0},{"damage_healed":0.0,"max_hp_gain":0.0,"max_hp_loss":0.0,"gold_gain":0.0,"event_name":"MindBloom","player_choice":"Fight","floor":52.0,"gold_loss":0.0,"damage_taken":0.0},{"cards_removed":["Glacier"],"damage_healed":0,"gold_gain":0,"player_choice":"Removed Skill","damage_taken":0,"max_hp_gain":0,"max_hp_loss":0,"event_name":"Falling","floor":65,"gold_loss":0}],"is_beta":false,"boss_relics":[{"not_picked":["Tiny House","Runic Dome"],"picked":"Nuclear Battery"},{"not_picked":["SacredBark","Snecko Eye"],"picked":"Astrolabe"}],"items_purged_floors":[14,26,56,73],"is_endless":false,"potions_floor_spawned":[1,3,6,8,16,17,25,29,32,36,40,41,46,49,54,60,61,63,66,67],"ascension_level":1}}