{"host":"18wi9kpcl4eah7pe","time":1613156852,"event":{"mods":["BaseMod","Colored Powertips","Downfall","Minty Spire (QoL Compilation)","StSLib"],"gold_per_floor":[99,99,99,99,99,274,301,201,217,217,235,145,171,183,203,299,299,199,217,20,38,55,131,186,186,186,186],"floor_reached":25,"language":"ENG","playtime":862,"items_purged":["Doubt"],"score":259,"play_id":"20e9e9bf-45da-4dd0-82c6-4c5fe1cc72d4","local_time":"20210212130732","is_ascension_mode":true,"campfire_choices":[{"floor":1,"key":"RECALL"},{"data":"bronze:Overheat","floor":8,"key":"SMITH"},{"data":"bronze:Boost","floor":18,"key":"SMITH"}],"circlet_count":0,"master_deck":["bronze:Strike+1","bronze:Strike","bronze:Defend","bronze:Defend","bronze:Defend","bronze:Defend","bronze:Replicate+1","bronze:Goto","bronze:WhirlingStrike","bronze:Overheat+1","bronze:Repair+1","bronze:ChosenStrike","bronze:DelayedGuard","bronze:Fortify","bronze:Branch","bronze:Separator","bronze:Boost+1","bronze:BurnOut","bronze:Constructor","bronze:BuggyMess","bronze:Flail","bronze:ForceShield","bronze:Philosophize+1"],"relics":["bronze:BronzeCore","downfall:HeartsMalice","Potion Belt","downfall:HeartBlessingRed","Singing Bowl","Empty Cage","downfall:HeartBlessingGreen","Vajra","Matryoshka","Bottled Flame"],"acts_visited":["Exordium","TheCity"],"potions_floor_usage":[12,13,16,22,22],"damage_taken":[{"damage":0,"enemies":"2 Louse","floor":2,"turns":1},{"damage":0,"enemies":"Jaw Worm","floor":3,"turns":1},{"damage":0,"enemies":"Small Slimes","floor":4,"turns":1},{"damage":11,"enemies":"Blue Slaver","floor":9,"turns":4},{"damage":5,"enemies":"Gremlin Gang","floor":11,"turns":4},{"damage":0,"enemies":"downfall:FleeingMerchant","floor":12,"turns":4},{"damage":31,"enemies":"3 Sentries","floor":13,"turns":7},{"damage":11,"enemies":"Exordium Thugs","floor":14,"turns":2},{"damage":0,"enemies":"2 Fungi Beasts","floor":15,"turns":2},{"damage":24,"enemies":"WA_ARCHETYPE_RETAIN","floor":16,"turns":5},{"damage":4,"enemies":"Spheric Guardian","floor":19,"turns":4},{"damage":0,"enemies":"downfall:FleeingMerchant","floor":20,"turns":4},{"damage":24,"enemies":"Snecko","floor":21,"turns":5},{"damage":59,"enemies":"Shelled Parasite and Fungi","floor":22,"turns":6},{"damage":13,"enemies":"Centurion and Healer","floor":25,"turns":3}],"seed_played":"3687769130878902380","potions_obtained":[{"floor":9,"key":"GamblersBrew"},{"floor":11,"key":"LiquidBronze"},{"floor":13,"key":"ColorlessPotion"},{"floor":15,"key":"sneckomod:MuddlingPotion"},{"floor":21,"key":"Regen Potion"}],"is_trial":false,"path_per_floor":["R","M","M","M","?","?","T","R","M","?","M","$","E","M","M","B",null,"R","M","$","M","M","T","T","M"],"character_chosen":"THE_AUTOMATON","items_purchased":["Vajra","bronze:Flail"],"campfire_rested":0,"item_purchase_floors":[20,20],"current_hp_per_floor":[63,63,63,63,63,63,63,63,62,62,67,70,49,38,38,24,59,59,65,70,46,12,12,12,0,0,0],"gold":186,"neow_bonus":"THREE_ENEMY_KILL","is_daily":false,"chose_seed":false,"campfire_upgraded":2,"win_rate":0.0,"timestamp":1613156852,"path_taken":["R","M","M","M","?","?","T","R","M","?","M","?","E","M","M","BOSS","R","M","$","M","?","?","T","M"],"items_purchased_type":["Relic","Card"],"build_version":"2020-12-22","purchased_purges":1,"victory":false,"max_hp_per_floor":[70,70,70,70,70,70,70,70,70,70,70,70,70,70,70,70,70,70,70,70,70,70,70,70,70,70,70],"card_choices":[{"not_picked":["bronze:DarkDash","bronze:Iterate"],"picked":"bronze:WhirlingStrike","floor":2},{"not_picked":["bronze:Frontload","bronze:Optimize"],"picked":"bronze:Overheat","floor":3},{"not_picked":["bronze:BuggyMess","bronze:BitShift"],"picked":"bronze:Repair","floor":4},{"not_picked":["bronze:Branch","bronze:ClassDefault"],"picked":"bronze:ChosenStrike","floor":9},{"not_picked":["bronze:InfiniteBeams","bronze:Invalidate"],"picked":"bronze:DelayedGuard","floor":11},{"not_picked":["bronze:Shell","bronze:Backtrace"],"picked":"bronze:Fortify","floor":12},{"not_picked":["bronze:Mutator","bronze:Safeguard"],"picked":"bronze:Branch","floor":13},{"not_picked":["bronze:Shell","bronze:Repair"],"picked":"bronze:Separator","floor":14},{"not_picked":["bronze:OilSpill","bronze:ItsAFeature"],"picked":"bronze:Boost","floor":15},{"not_picked":["bronze:AlphaBuild","bronze:FindAndReplace"],"picked":"bronze:BurnOut","floor":16},{"not_picked":["bronze:Boost","bronze:WildBeam"],"picked":"bronze:Constructor","floor":19},{"not_picked":["bronze:WildBeam","bronze:ChosenStrike+1"],"picked":"bronze:BuggyMess","floor":20},{"not_picked":["bronze:Invalidate","bronze:Separator"],"picked":"bronze:ForceShield","floor":21},{"not_picked":["bronze:WhirlingStrike","bronze:BugBarrage"],"picked":"bronze:Philosophize+1","floor":22}],"player_experience":1022145,"relics_obtained":[{"floor":7,"key":"Potion Belt"},{"floor":13,"key":"Singing Bowl"},{"floor":23,"key":"Matryoshka"},{"floor":24,"key":"Bottled Flame"}],"event_choices":[],"is_beta":false,"boss_relics":[{"not_picked":["Snecko Eye","Fusion Hammer"],"picked":"Empty Cage"}],"items_purged_floors":[12],"is_endless":false,"potions_floor_spawned":[9,11,13,15,21],"killed_by":"Centurion and Healer","ascension_level":6}}