{"host":"ugys05tpep779cl6","time":1613123791,"event":{"mods":["AchievementEnabler","Aspiration","BaseMod","Beaked The Cultist","CatGirl Mod","Colored Powertips","HololiveMod","Lobotomy","Minty Spire (QoL Compilation)","Quick Restart","Replay The Spire","Spicy Shops","StSLib","The Druid"],"gold_per_floor":[114,133,143,154,173,198,208,236,260,271,289,307,318,348,348,443,443,456,456,467,131,230,230,262,273,273,273,298,316,316,346,346,346,346],"floor_reached":33,"language":"ENG","playtime":5218,"items_purged":["theCatGirl:Strike","theCatGirl:Strike"],"score":479,"play_id":"86595573-925c-4e81-9816-0c5763840c17","local_time":"20210212105631","is_ascension_mode":true,"campfire_choices":[{"data":"theCatGirl:SevenLives","floor":15.0,"key":"SMITH"},{"data":"theCatGirl:NeverGivingUp","floor":23.0,"key":"SMITH"},{"data":"theCatGirl:AccidentalSlap","floor":27,"key":"SMITH"},{"data":"theCatGirl:BleedingWounds","floor":32,"key":"SMITH"}],"circlet_count":0,"master_deck":["theCatGirl:Strike+1","theCatGirl:Strike+1","theCatGirl:Defend+1","theCatGirl:Defend+1","theCatGirl:Defend+1","theCatGirl:Defend+1","theCatGirl:ClawStrike","theCatGirl:Evasion","theCatGirl:ScratchFlurry","beaked:BloodRitual","theCatGirl:Claws","theCatGirl:SearchBackpack","theCatGirl:UnrelentingAssault","theCatGirl:Enrage","theCatGirl:SevenLives+1","theCatGirl:PerfectBlock","theCatGirl:AccidentalHeadbutt","theCatGirl:AccidentalSlap+1","theCatGirl:BloodScent","theCatGirl:Claws","theCatGirl:NeverGivingUp+1","theCatGirl:RageClaws","theCatGirl:BleedingWounds+1"],"relics":["theCatGirl:TrainedRelic","aspiration:Nostalgia","m_ByrdBlood","Regal Pillow","Pen Nib","Replay:Rubber Ducky","aspiration:EmptySkull","aspiration:PoetsPen_weak","Mirror","HornCleat","White Beast Statue","Replay:Accelerometer"],"acts_visited":["Exordium","TheCity"],"potions_floor_usage":[28,31,33,33,33],"damage_taken":[{"damage":10.0,"enemies":"Cultist","floor":1.0,"turns":5.0},{"damage":8.0,"enemies":"2 Louse","floor":2.0,"turns":3.0},{"damage":6.0,"enemies":"Jaw Worm","floor":3.0,"turns":5.0},{"damage":5.0,"enemies":"2 Fungi Beasts","floor":4.0,"turns":4.0},{"damage":3.0,"enemies":"Looter","floor":5.0,"turns":4.0},{"damage":48.0,"enemies":"Gremlin Nob","floor":6.0,"turns":5.0},{"damage":8.0,"enemies":"3 Louse","floor":7.0,"turns":3.0},{"damage":30.0,"enemies":"3 Sentries","floor":8.0,"turns":7.0},{"damage":4.0,"enemies":"Blue Slaver","floor":10.0,"turns":4.0},{"damage":5.0,"enemies":"Gremlin Gang","floor":11.0,"turns":3.0},{"damage":13.0,"enemies":"Exordium Thugs","floor":12.0,"turns":5.0},{"damage":8.0,"enemies":"Blue Slaver","floor":13.0,"turns":4.0},{"damage":0.0,"enemies":"Gremlin Nob","floor":14.0,"turns":4.0},{"damage":15.0,"enemies":"Fading Forest","floor":16.0,"turns":11.0},{"damage":13.0,"enemies":"3 Byrds","floor":18.0,"turns":5.0},{"damage":0.0,"enemies":"Spheric Guardian","floor":20.0,"turns":6.0},{"damage":57.0,"enemies":"Slavers","floor":24.0,"turns":7.0},{"damage":23,"enemies":"Centurion and Healer","floor":25,"turns":6},{"damage":0,"enemies":"Book of Stabbing","floor":28,"turns":5},{"damage":0,"enemies":"Chosen and Byrds","floor":29,"turns":4},{"damage":4,"enemies":"Gremlin Leader","floor":31,"turns":3},{"damage":31,"enemies":"Pondfish","floor":33,"turns":8}],"seed_played":"-9209287081182173004","potions_obtained":[{"floor":1.0,"key":"SneckoOil"},{"floor":3.0,"key":"SkillPotion"},{"floor":5.0,"key":"DuplicationPotion"},{"floor":8.0,"key":"Elixir"},{"floor":10.0,"key":"Languid Potion"},{"floor":14.0,"key":"Dexterity Potion"},{"floor":16.0,"key":"Fire Potion"},{"floor":25,"key":"DistilledChaos"},{"floor":28,"key":"Swift Potion"},{"floor":31,"key":"AttackPotion"}],"is_trial":false,"path_per_floor":["M","M","M","M","M","E","M","E","T","M","M","M","M","E","R","B",null,"M","?","M","$","?","R","E","M","T","R","E","M","?","E","R","B"],"character_chosen":"THE_CATGIRL","items_purchased":["theCatGirl:NeverGivingUp"],"campfire_rested":0,"item_purchase_floors":[21],"current_hp_per_floor":[66,64,64,65,68,32,30,18,18,20,21,14,12,18,18,63,68,61,61,67,67,67,67,25,13,13,13,21,27,27,29,29,0,0],"gold":346,"neow_bonus":"NOSTALGIA","is_daily":false,"chose_seed":false,"campfire_upgraded":4,"win_rate":0.0,"timestamp":1613123791,"path_taken":["M","M","?","M","M","E","M","E","T","M","M","?","M","E","R","BOSS","M","?","M","$","?","R","E","M","T","R","E","M","?","E","R","BOSS"],"items_purchased_type":["Card"],"build_version":"2020-12-22","purchased_purges":2,"victory":false,"max_hp_per_floor":[70,70,70,70,70,70,70,70,70,70,70,70,70,70,70,70,70,70,70,70,70,70,70,70,70,70,70,70,70,70,70,70,70,70],"card_choices":[{"not_picked":["theCatGirl:FinishingMove","beaked:BloodForTheGods","theCatGirl:Misfire"],"picked":"SKIP","floor":1.0},{"not_picked":["theCatGirl:ClenchYourTeeth","theCatGirl:PlayAround"],"picked":"theCatGirl:ScratchFlurry","floor":2.0},{"not_picked":["Massacre","beaked:DigDeeper","theCatGirl:TrainWreck"],"picked":"SKIP","floor":3.0},{"not_picked":["theCatGirl:BloodScent","theCatGirl:DecliningDefenses"],"picked":"beaked:BloodRitual","floor":4.0},{"not_picked":["theCatGirl:ThatWasntIt","theCatGirl:RecoveryBlow"],"picked":"theCatGirl:Claws","floor":5.0},{"not_picked":["beaked:Resilience","Massacre"],"picked":"theCatGirl:SearchBackpack","floor":6.0},{"not_picked":["theCatGirl:SpinningStrike","theCatGirl:PilingErrors"],"picked":"theCatGirl:UnrelentingAssault","floor":7.0},{"not_picked":["theCatGirl:TripLunge","Massacre"],"picked":"theCatGirl:Enrage","floor":8.0},{"not_picked":["beaked:BloodForTheGods","theCatGirl:TryingMyBest","theCatGirl:RecoveryBlow"],"picked":"SKIP","floor":10.0},{"not_picked":["theCatGirl:Claws","theCatGirl:RecoveryBlow"],"picked":"theCatGirl:SevenLives","floor":11.0},{"not_picked":["theCatGirl:KeepAlert","beaked:BloodRitual","beaked:DesperateSwing"],"picked":"SKIP","floor":12.0},{"not_picked":["theCatGirl:Stalk","theCatGirl:BodyBlow","theCatGirl:DecliningDefenses"],"picked":"SKIP","floor":13.0},{"not_picked":["beaked:DigDeeper","theCatGirl:LearnByMistake"],"picked":"theCatGirl:PerfectBlock","floor":14.0},{"not_picked":["Feed","Reaper"],"picked":"theCatGirl:AccidentalHeadbutt","floor":16.0},{"not_picked":["theCatGirl:KeepAlert+1","theCatGirl:PoisedStrike"],"picked":"theCatGirl:AccidentalSlap","floor":18.0},{"not_picked":["theCatGirl:ChangeOfPlans","theCatGirl:PoisedStrike"],"picked":"theCatGirl:Claws","floor":20.0},{"not_picked":["Massacre","theCatGirl:TryingMyBest","theCatGirl:Enrage"],"picked":"SKIP","floor":24.0},{"not_picked":["Massacre","beaked:BloodForTheGods","theCatGirl:Growl"],"picked":"SKIP","floor":25},{"not_picked":["theCatGirl:SmellFear+1","theCatGirl:PoisedStrike"],"picked":"theCatGirl:RageClaws","floor":28},{"not_picked":["theCatGirl:ThatWasntIt","ReplayTheSpireMod:Muscle Training","theCatGirl:SpinningStrike"],"picked":"SKIP","floor":29},{"not_picked":["theCatGirl:RecoveryBlow","Massacre"],"picked":"theCatGirl:BleedingWounds","floor":31}],"player_experience":745852,"relics_obtained":[{"floor":6.0,"key":"Regal Pillow"},{"floor":8.0,"key":"Pen Nib"},{"floor":9.0,"key":"Replay:Rubber Ducky"},{"floor":14.0,"key":"aspiration:EmptySkull"},{"floor":24.0,"key":"Mirror"},{"floor":26,"key":"HornCleat"},{"floor":28,"key":"White Beast Statue"},{"floor":31,"key":"Replay:Accelerometer"}],"event_choices":[{"damage_healed":0.0,"max_hp_gain":0.0,"max_hp_loss":0.0,"gold_gain":0.0,"event_name":"The Library","player_choice":"Read","floor":19.0,"gold_loss":0.0,"damage_taken":0.0,"cards_obtained":["theCatGirl:BloodScent"]},{"damage_healed":0.0,"max_hp_gain":0.0,"max_hp_loss":0.0,"gold_gain":99.0,"event_name":"Nest","player_choice":"Stole From Cult","floor":22.0,"gold_loss":0.0,"damage_taken":0.0},{"damage_healed":0,"gold_gain":0,"player_choice":"Simplicity","damage_taken":0,"max_hp_gain":0,"max_hp_loss":0,"event_name":"Back to Basics","floor":30,"gold_loss":0,"cards_upgraded":["theCatGirl:Strike","theCatGirl:Strike","theCatGirl:Defend","theCatGirl:Defend","theCatGirl:Defend","theCatGirl:Defend"]}],"is_beta":false,"boss_relics":[{"not_picked":["SlaversCollar","Replay:Grab Bag"],"picked":"aspiration:PoetsPen_weak"}],"items_purged_floors":[21,21],"is_endless":false,"potions_floor_spawned":[1,3,5,8,10,14,16,25,28,29,31],"killed_by":"Pondfish","ascension_level":5}}