{"host":"fbdlh90rovbiajun","time":1613147051,"event":{"mods":["AchievementEnabler","BaseMod","Colored Map","Minty Spire (QoL Compilation)","SuperFastMode"],"gold_per_floor":[115,38,57,132,307,307,407,424,451,470,470,470,488,270,270,270,270],"floor_reached":16,"language":"KOR","playtime":443,"items_purged":["Doubt"],"score":90,"play_id":"a0de73d9-f5b6-47a7-8f57-b66cac24cf88","local_time":"20210213012411","is_ascension_mode":false,"campfire_choices":[{"data":"Eruption","floor":6,"key":"SMITH"},{"data":"WheelKick","floor":12,"key":"SMITH"},{"data":"Vigilance","floor":15,"key":"SMITH"}],"circlet_count":0,"master_deck":["Strike_P","Strike_P","Strike_P","Strike_P","Defend_P","Defend_P","Defend_P","Eruption+1","Vigilance+1","Worship","WheelKick+1"],"relics":["PureWater","Regal Pillow","ClockworkSouvenir"],"acts_visited":["Exordium"],"potions_floor_usage":[],"damage_taken":[{"damage":24,"enemies":"2 Louse","floor":1,"turns":3},{"damage":0,"enemies":"Small Slimes","floor":3,"turns":2},{"damage":0,"enemies":"Cultist","floor":8,"turns":2},{"damage":15,"enemies":"Exordium Wildlife","floor":10,"turns":4},{"damage":12,"enemies":"2 Fungi Beasts","floor":13,"turns":2},{"damage":49,"enemies":"The Guardian","floor":16,"turns":3}],"seed_played":"-1037611185196818156","potions_obtained":[{"floor":3,"key":"DistilledChaos"},{"floor":10,"key":"Strength Potion"},{"floor":13,"key":"FearPotion"}],"is_trial":false,"path_per_floor":["M","$","M","?","?","R","?","M","T","M","?","R","M","$","R","B"],"character_chosen":"WATCHER","items_purchased":["WheelKick","ClockworkSouvenir"],"campfire_rested":0,"item_purchase_floors":[2,14],"current_hp_per_floor":[48,48,48,37,37,37,37,37,37,22,46,46,34,34,34,0,0],"gold":270,"neow_bonus":"TRANSFORM_CARD","is_daily":false,"chose_seed":false,"campfire_upgraded":3,"win_rate":0.0,"timestamp":1613147051,"path_taken":["M","$","M","?","?","R","?","?","T","M","?","R","M","$","R","BOSS"],"items_purchased_type":["Card","Relic"],"build_version":"2020-12-22","purchased_purges":1,"victory":false,"max_hp_per_floor":[72,72,72,72,72,72,72,72,72,72,72,72,72,72,72,72,72],"card_choices":[{"not_picked":["EmptyFist","CutThroughFate","CarveReality"],"picked":"SKIP","floor":1},{"not_picked":["Evaluate","Consecrate","FlyingSleeves"],"picked":"SKIP","floor":3},{"not_picked":["Perseverance","Halt","Tantrum"],"picked":"SKIP","floor":8},{"not_picked":["JustLucky","MasterReality","ClearTheMind"],"picked":"SKIP","floor":10},{"not_picked":["FlyingSleeves","WheelKick","Crescendo"],"picked":"SKIP","floor":13}],"player_experience":12276,"relics_obtained":[{"floor":9,"key":"Regal Pillow"}],"event_choices":[{"damage_healed":0,"gold_gain":75,"player_choice":"Gather Gold","damage_taken":11,"max_hp_gain":0,"max_hp_loss":0,"event_name":"World of Goop","floor":4,"gold_loss":0},{"damage_healed":0,"gold_gain":175,"player_choice":"AGREE","damage_taken":0,"max_hp_gain":0,"max_hp_loss":0,"event_name":"Liars Game","floor":5,"gold_loss":0,"cards_obtained":["Doubt"]},{"damage_healed":0,"gold_gain":100,"player_choice":"Pray","damage_taken":0,"max_hp_gain":0,"max_hp_loss":0,"event_name":"Golden Shrine","floor":7,"gold_loss":0},{"damage_healed":24,"gold_gain":0,"player_choice":"Banana","damage_taken":0,"max_hp_gain":0,"max_hp_loss":0,"event_name":"Big Fish","floor":11,"gold_loss":0}],"is_beta":false,"boss_relics":[],"items_purged_floors":[14],"is_endless":false,"potions_floor_spawned":[3,10,13],"killed_by":"The Guardian","ascension_level":0}}