{"host":"duy7hn61njv7ibc3","time":1613132741,"event":{"mods":["2.2 Compatiblity","AchievementEnabler","BaseMod","Colored Powertips","Faster Ascension Climbing","GifTheSpireLib","Minty Spire (QoL Compilation)","Permanent Neow","Quick Restart","Relic Filter","Remove Card Discount Mod","StSLib","Stuff the Spire","Uncapped"],"gold_per_floor":[113,78,78,92,92,118,136,169,242,276,276,295,328,358,358,448,448,464,479,529,542,1957,1957,1957],"floor_reached":23,"language":"ENG","playtime":1003,"items_purged":["Strike_P","Strike_P","Defend_P","Defend_P"],"score":638,"play_id":"d1163665-9245-4c87-ac8d-58342cb27d34","local_time":"20210212142541","is_ascension_mode":true,"campfire_choices":[{"data":"SandsOfTime","floor":15,"key":"SMITH"}],"circlet_count":0,"master_deck":["AscendersBane","Strike_P+1","Strike_P+1","Defend_P","Defend_P","Eruption","Vigilance+1","Worship","SandsOfTime+1","FlurryOfBlows","LessonLearned","FlurryOfBlows","Brilliance","Prostrate","LikeWater"],"relics":["PureWater","NeowsBlessing","StuffTheSpire:DarkSteelAnvil","Pen Nib","InkBottle","StuffTheSpire:SapphireSignet","Vajra","Golden Idol","Lantern","Odd Mushroom","VioletLotus","Oddly Smooth Stone","Chemical X","Juzu Bracelet"],"acts_visited":["Exordium","TheCity"],"potions_floor_usage":[8],"damage_taken":[{"damage":0,"enemies":"2 Louse","floor":1,"turns":1},{"damage":0,"enemies":"Small Slimes","floor":4,"turns":1},{"damage":0,"enemies":"Lagavulin","floor":6,"turns":1},{"damage":0,"enemies":"Cultist","floor":7,"turns":4},{"damage":0,"enemies":"Gremlin Nob","floor":8,"turns":3},{"damage":74,"enemies":"Lagavulin","floor":10,"turns":6},{"damage":0,"enemies":"Large Slime","floor":12,"turns":3},{"damage":35,"enemies":"3 Sentries","floor":13,"turns":5},{"damage":14,"enemies":"The Mushroom Lair","floor":14,"turns":6},{"damage":24,"enemies":"Hexaghost","floor":16,"turns":5},{"damage":66,"enemies":"Shell Parasite","floor":18,"turns":9},{"damage":35,"enemies":"2 Thieves","floor":19,"turns":4},{"damage":19,"enemies":"Snake Plant","floor":21,"turns":2},{"damage":7,"enemies":"Book of Stabbing","floor":23,"turns":1}],"seed_played":"8049306223080903586","potions_obtained":[{"floor":1,"key":"AttackPotion"},{"floor":8,"key":"Ancient Potion"},{"floor":10,"key":"PowerPotion"}],"is_trial":false,"path_per_floor":["M","?","?","M","?","E","M","E","T","E","?","M","E","?","R","B",null,"M","M","?","M","$","E"],"character_chosen":"WATCHER","items_purchased":["Oddly Smooth Stone","Chemical X","Juzu Bracelet","LikeWater"],"campfire_rested":0,"item_purchase_floors":[22,22,22,22],"current_hp_per_floor":[61,68,68,68,57,57,57,57,57,31,8,68,33,19,19,44,62,59,24,24,5,5,0,0],"gold":1957,"neow_bonus":"THREE_ENEMY_KILL","is_daily":false,"chose_seed":false,"campfire_upgraded":1,"win_rate":0.0,"timestamp":1613132741,"path_taken":["M","?","?","?","?","E","M","E","T","E","?","M","E","?","R","BOSS","M","M","?","M","$","E"],"items_purchased_type":["Relic","Relic","Relic","Card"],"build_version":"2020-12-22","purchased_purges":4,"victory":false,"max_hp_per_floor":[68,68,68,68,68,68,68,68,68,68,68,68,68,68,68,68,68,68,68,68,68,68,68,68],"card_choices":[{"not_picked":["DeceiveReality","Perseverance","FollowUp"],"picked":"SKIP","floor":1},{"not_picked":["Fasting2","PathToVictory"],"picked":"Worship","floor":4},{"not_picked":["FlyingSleeves","SignatureMove","ClearTheMind"],"picked":"SKIP","floor":6},{"not_picked":["CutThroughFate","PathToVictory","Conclude"],"picked":"SKIP","floor":7},{"not_picked":["Consecrate","CutThroughFate"],"picked":"SandsOfTime","floor":8},{"not_picked":["SpiritShield","EmptyFist","EmptyBody"],"picked":"SKIP","floor":10},{"not_picked":["CrushJoints","JustLucky"],"picked":"FlurryOfBlows","floor":12},{"not_picked":["ForeignInfluence","EmptyMind"],"picked":"LessonLearned","floor":13},{"not_picked":["EmptyFist","Fasting2"],"picked":"FlurryOfBlows","floor":14},{"not_picked":["Vault","MasterReality"],"picked":"Brilliance","floor":16},{"not_picked":["Collect","SashWhip"],"picked":"Prostrate","floor":18},{"not_picked":["FollowUp","FlyingSleeves","CarveReality"],"picked":"SKIP","floor":19},{"not_picked":["SashWhip+1","ClearTheMind","WheelKick"],"picked":"SKIP","floor":21}],"player_experience":50736,"relics_obtained":[{"floor":6,"key":"InkBottle"},{"floor":8,"key":"StuffTheSpire:SapphireSignet"},{"floor":10,"key":"Vajra"},{"floor":13,"key":"Lantern"},{"floor":14,"key":"Odd Mushroom"}],"event_choices":[{"damage_healed":17,"gold_gain":0,"player_choice":"Healed","damage_taken":0,"max_hp_gain":0,"max_hp_loss":0,"event_name":"The Cleric","floor":2,"gold_loss":35},{"damage_healed":0,"gold_gain":0,"player_choice":"Upgraded","damage_taken":0,"max_hp_gain":0,"max_hp_loss":0,"event_name":"Upgrade Shrine","floor":3,"gold_loss":0,"cards_upgraded":["Vigilance"]},{"damage_healed":0,"gold_gain":0,"player_choice":"Success","damage_taken":11,"relics_obtained":["Pen Nib"],"max_hp_gain":0,"max_hp_loss":0,"event_name":"Scrap Ooze","floor":5,"gold_loss":0},{"damage_healed":0,"gold_gain":0,"player_choice":"Take Damage","damage_taken":23,"relics_obtained":["Golden Idol"],"max_hp_gain":0,"max_hp_loss":0,"event_name":"Golden Idol","floor":11,"gold_loss":0},{"damage_healed":0,"gold_gain":0,"player_choice":"Fought Mushrooms","damage_taken":0,"max_hp_gain":0,"max_hp_loss":0,"event_name":"Mushrooms","floor":14,"gold_loss":0},{"damage_healed":0,"gold_gain":50,"player_choice":"Stole From Cult","damage_taken":0,"max_hp_gain":0,"max_hp_loss":0,"event_name":"Nest","floor":20,"gold_loss":0}],"is_beta":false,"boss_relics":[{"not_picked":["StuffTheSpire:ModemDavis","StuffTheSpire:RunicHypercube"],"picked":"VioletLotus"}],"items_purged_floors":[22,22,22,22],"is_endless":false,"potions_floor_spawned":[1,8,10,13],"killed_by":"Book of Stabbing","ascension_level":20}}