{"host":"mhzgc0zma59jtmoj","time":1613098592,"event":{"mods":["BaseMod","BetterRewards","Custom Start","Glutton Mod","Ironclad Rager","Minty Spire (QoL Compilation)","Replay The Spire","Somnambulant","StSLib","The Cursed","The Hierophant","The Jungle","Treasure Hunter"],"gold_per_floor":[109,384,394,14,28,62,74,93,93,128,140,159,159,234,234,333,333,348,263,263,263,283,283,283,283],"floor_reached":24,"language":"ENG","playtime":868,"items_purged":[],"score":245,"play_id":"c79fd0f3-d4e7-4fee-86e9-c2e1958c81fb","local_time":"20210211215632","is_ascension_mode":true,"campfire_choices":[{"floor":15,"key":"REST"},{"data":"Eruption","floor":23,"key":"SMITH"}],"circlet_count":0,"master_deck":["Eruption+1","Vigilance","ICR:CraneWing","ICR:CraneWing","Regret","Prostrate","BattleHymn","Prostrate","TalkToTheHand","Alpha","DevaForm","Injury","Decay","BattleHymn"],"relics":["PureWater","Replay:Purple Gloves","Girya","Peace Pipe","Letter Opener","Kintsugi","Meat on the Bone","Matryoshka"],"acts_visited":["Exordium","TheCity"],"potions_floor_usage":[16,16,24],"damage_taken":[{"damage":0,"enemies":"Jaw Worm","floor":1,"turns":2},{"damage":3,"enemies":"Cultist","floor":3,"turns":4},{"damage":2,"enemies":"2 Louse","floor":5,"turns":3},{"damage":31,"enemies":"Gremlin Nob","floor":6,"turns":5},{"damage":2,"enemies":"Exordium Thugs","floor":7,"turns":4},{"damage":3,"enemies":"Looter","floor":8,"turns":3},{"damage":6,"enemies":"Lagavulin","floor":10,"turns":5},{"damage":2,"enemies":"3 Louse","floor":11,"turns":3},{"damage":14,"enemies":"2 Fungi Beasts","floor":12,"turns":4},{"damage":6,"enemies":"Hexaghost","floor":16,"turns":5},{"damage":35,"enemies":"3 Byrds","floor":18,"turns":5},{"damage":13,"enemies":"Shell Parasite","floor":22,"turns":6},{"damage":41,"enemies":"Gremlin Leader","floor":24,"turns":3}],"seed_played":"4630259311551183841","potions_obtained":[{"floor":3,"key":"Swift Potion"},{"floor":7,"key":"LiquidBronze"},{"floor":10,"key":"DistilledChaos"}],"is_trial":false,"path_per_floor":["M","?","M","$","M","E","M","M","T","E","M","M","?","T","R","B",null,"M","?","T","?","M","R","E"],"character_chosen":"WATCHER","items_purchased":["Replay:Purple Gloves","BattleHymn"],"campfire_rested":1,"item_purchase_floors":[4,4],"current_hp_per_floor":[72,72,69,69,67,36,34,31,31,25,23,9,9,9,30,24,72,37,37,37,37,36,36,0,0],"gold":283,"neow_bonus":"WATCHER_MONK","is_daily":false,"chose_seed":false,"campfire_upgraded":1,"win_rate":0.0,"timestamp":1613098592,"path_taken":["M","?","?","$","M","E","M","M","T","E","M","M","?","?","R","BOSS","M","?","?","?","M","R","E"],"items_purchased_type":["Relic","Card"],"build_version":"2020-12-22","purchased_purges":0,"victory":false,"max_hp_per_floor":[72,72,72,72,72,72,72,72,72,72,72,72,72,72,72,72,72,72,72,72,72,72,72,72,72],"card_choices":[{"not_picked":["Consecrate","WaveOfTheHand","FollowUp"],"picked":"SKIP","floor":1},{"not_picked":["CrushJoints","PathToVictory"],"picked":"Prostrate","floor":3},{"not_picked":["Wireheading","CutThroughFate","FollowUp"],"picked":"SKIP","floor":5},{"not_picked":["Tantrum","DeceiveReality"],"picked":"Prostrate","floor":6},{"not_picked":["TH:CopperCoins","TH:CursedSword"],"picked":"SKIP","floor":6},{"not_picked":["FlyingSleeves","EmptyMind"],"picked":"TalkToTheHand","floor":7},{"not_picked":["Halt","ClearTheMind","CarveReality"],"picked":"SKIP","floor":8},{"not_picked":["TH:CursedSword","TH:DeckOfManyThings"],"picked":"SKIP","floor":9},{"not_picked":["TH:CursedSword","TH:PixieDust"],"picked":"SKIP","floor":10},{"not_picked":["FollowUp","CrushJoints","Replay:DivineShield"],"picked":"SKIP","floor":10},{"not_picked":["FlyingSleeves","Collect","Conclude"],"picked":"SKIP","floor":11},{"not_picked":["WheelKick","BowlingBash"],"picked":"Alpha","floor":12},{"not_picked":["TH:ElvenBoots","TH:CursedSword"],"picked":"SKIP","floor":14},{"not_picked":["SpiritShield","Replay:LoomingThreat"],"picked":"DevaForm","floor":16},{"not_picked":["Consecrate","FlyingSleeves+1","Swivel"],"picked":"SKIP","floor":18},{"not_picked":["TH:PixieDust","TH:DeckOfManyThings"],"picked":"SKIP","floor":20},{"not_picked":["PathToVictory+1","JustLucky","FlyingSleeves"],"picked":"SKIP","floor":22}],"player_experience":269397,"relics_obtained":[{"floor":6,"key":"Girya"},{"floor":10,"key":"Peace Pipe"},{"floor":14,"key":"Letter Opener"},{"floor":20,"key":"Matryoshka"}],"event_choices":[{"damage_healed":0,"gold_gain":275,"player_choice":"Desecrate","damage_taken":0,"max_hp_gain":0,"max_hp_loss":0,"event_name":"Golden Shrine","floor":2,"gold_loss":0,"cards_obtained":["Regret"]},{"damage_healed":0,"gold_gain":0,"player_choice":"Obtained Relic","damage_taken":0,"relics_obtained":["Meat on the Bone"],"max_hp_gain":0,"max_hp_loss":0,"event_name":"Addict","floor":19,"gold_loss":85},{"damage_healed":0,"gold_gain":0,"player_choice":"Read","damage_taken":0,"max_hp_gain":0,"max_hp_loss":0,"event_name":"The Library","floor":21,"gold_loss":0,"cards_obtained":["BattleHymn"]}],"is_beta":false,"boss_relics":[{"not_picked":["Replay:Wanted Poster","Painkiller Herb"],"picked":"Kintsugi"}],"items_purged_floors":[],"is_endless":false,"potions_floor_spawned":[3,7,10,11,12],"killed_by":"Gremlin Leader","ascension_level":1}}