{"host":"soyfmymeou4emntr","time":1613105003,"event":{"mods":["BaseMod","Minty Spire (QoL Compilation)","Permanent Neow","Relic Sorter","Relic Stats","StSLib"],"gold_per_floor":[111,131,142,63,82,82,99,134,134,163,163,163,177,195,195,272,272,286,305,330,163,179,198,198,218,218,218,250,250,264,222,222,296,296,309,323,368,37,53,83,83,83,83],"floor_reached":42,"language":"ENG","playtime":6626,"items_purged":[],"score":974,"play_id":"e0d647ce-ca9b-42b6-a066-bb9d59f2c5c0","local_time":"20210211214323","is_ascension_mode":true,"campfire_choices":[{"data":"Uppercut","floor":6.0,"key":"SMITH"},{"data":"True Grit","floor":12.0,"key":"SMITH"},{"floor":15.0,"key":"REST"},{"floor":24.0,"key":"REST"},{"floor":27.0,"key":"REST"},{"floor":32.0,"key":"REST"},{"data":"Rupture","floor":41.0,"key":"SMITH"}],"circlet_count":0,"master_deck":["AscendersBane","Bash","CurseOfTheBell","Uppercut+1","Shrug It Off","Reckless Charge+1","Cleave","True Grit+1","Disarm+1","Battle Trance","Feel No Pain","Headbutt","Feel No Pain","Offering","Pummel","Heavy Blade","Rupture+1","Dual Wield","Sword Boomerang","Intimidate","Double Tap","Dropkick","Ghostly Armor","Rupture","Flame Barrier+1","Inflame","Flame Barrier+1","Fire Breathing","Reaper","Fire Breathing","Combust","Reaper","Power Through+1","True Grit+1","Burning Pact","Burning Pact","Feel No Pain","Fiend Fire"],"relics":["Calling Bell","Ancient Tea Set","Ornamental Fan","Mango","Blood Vial","Bag of Marbles","Whetstone","Pandora\u0027s Box","White Beast Statue","Mummified Hand","Singing Bowl","Coffee Dripper","Turnip","DollysMirror","Juzu Bracelet"],"acts_visited":["Exordium","TheCity","TheBeyond"],"potions_floor_usage":[42,42],"damage_taken":[{"damage":7.0,"enemies":"Cultist","floor":1.0,"turns":4.0},{"damage":7.0,"enemies":"2 Louse","floor":2.0,"turns":4.0},{"damage":2.0,"enemies":"Jaw Worm","floor":3.0,"turns":4.0},{"damage":4.0,"enemies":"Looter","floor":5.0,"turns":2.0},{"damage":0.0,"enemies":"2 Fungi Beasts","floor":7.0,"turns":2.0},{"damage":14.0,"enemies":"Lagavulin","floor":8.0,"turns":7.0},{"damage":22.0,"enemies":"Gremlin Nob","floor":10.0,"turns":4.0},{"damage":5.0,"enemies":"Large Slime","floor":13.0,"turns":4.0},{"damage":0.0,"enemies":"Exordium Wildlife","floor":14.0,"turns":2.0},{"damage":40.0,"enemies":"Hexaghost","floor":16.0,"turns":13.0},{"damage":6.0,"enemies":"Chosen","floor":18.0,"turns":6.0},{"damage":16.0,"enemies":"Shell Parasite","floor":19.0,"turns":5.0},{"damage":23.0,"enemies":"Snake Plant","floor":22.0,"turns":4.0},{"damage":30.0,"enemies":"Centurion and Healer","floor":23.0,"turns":12.0},{"damage":6.0,"enemies":"Chosen and Byrds","floor":25.0,"turns":7.0},{"damage":33.0,"enemies":"Gremlin Leader","floor":28.0,"turns":9.0},{"damage":14.0,"enemies":"Snake Plant","floor":30.0,"turns":3.0},{"damage":76.0,"enemies":"Champ","floor":33.0,"turns":13.0},{"damage":15.0,"enemies":"3 Shapes","floor":35.0,"turns":7.0},{"damage":22.0,"enemies":"Orb Walker","floor":36.0,"turns":3.0},{"damage":52.0,"enemies":"2 Orb Walkers","floor":37.0,"turns":6.0},{"damage":9.0,"enemies":"Sphere and 2 Shapes","floor":39.0,"turns":6.0},{"damage":57.0,"enemies":"Giant Head","floor":40.0,"turns":6.0},{"damage":21,"enemies":"Reptomancer","floor":42,"turns":3}],"seed_played":"1725825791899893269","potions_obtained":[{"floor":1.0,"key":"LiquidBronze"},{"floor":2.0,"key":"LiquidMemories"},{"floor":10.0,"key":"SpeedPotion"},{"floor":25.0,"key":"Weak Potion"},{"floor":28.0,"key":"FearPotion"},{"floor":30.0,"key":"BloodPotion"},{"floor":33.0,"key":"SkillPotion"},{"floor":35.0,"key":"CultistPotion"},{"floor":36.0,"key":"Strength Potion"},{"floor":37.0,"key":"DistilledChaos"},{"floor":39.0,"key":"CultistPotion"},{"floor":40.0,"key":"GamblersBrew"}],"is_trial":false,"path_per_floor":["M","M","M","$","M","R","M","E","T","E","?","R","M","M","R","B",null,"M","M","T","$","M","M","R","M","T","R","E","T","M","$","R","B",null,"M","M","?","$","M","E","R","E"],"character_chosen":"IRONCLAD","items_purchased":["Cleave","True Grit","Inflame","DuplicationPotion","Combust","Burning Pact","DollysMirror","Feel No Pain"],"campfire_rested":4,"item_purchase_floors":[4,4,21,21,31,38,38,38],"current_hp_per_floor":[75,68,66,66,62,62,62,48,48,28,28,28,25,27,53,15,71,67,53,53,53,32,4,30,26,26,52,56,56,52,52,79,43,79,86,87,47,47,60,19,19,0,0],"gold":83,"neow_bonus":"BOSS_RELIC","is_daily":false,"chose_seed":false,"campfire_upgraded":3,"win_rate":0.0,"timestamp":1613105003,"path_taken":["M","?","M","$","M","R","M","E","T","E","?","R","M","M","R","BOSS","M","?","?","$","M","M","R","M","T","R","E","?","M","$","R","BOSS","M","M","?","$","M","E","R","E"],"items_purchased_type":["Card","Card","Card","Potion","Card","Card","Relic","Card"],"build_version":"2020-12-22","purchased_purges":0,"victory":false,"max_hp_per_floor":[89,89,89,89,89,89,89,89,89,89,89,89,89,89,89,89,89,89,89,89,89,89,89,89,89,89,89,89,89,91,91,91,91,91,91,91,93,93,95,95,95,95,95],"relic_stats":{"Blood Vial":36,"Singing Bowl":6,"counters":[24,136],"Ornamental Fan":[108],"Mummified Hand":[72],"Pandora\u0027s Box":["Pummel","Heavy Blade","Rupture","Dual Wield","Sword Boomerang","Intimidate","Double Tap","Dropkick","Ghostly Armor"],"Turnip":[5],"Juzu Bracelet":0,"Whetstone":["Strike_R","Reckless Charge"],"obtain_stats":[{"Singing Bowl":29,"Mango":0,"Juzu Bracelet":40,"Whetstone":10,"Ancient Tea Set":0,"Burning Blood":0,"White Beast Statue":26,"Calling Bell":0,"Blood Vial":8,"Ornamental Fan":0,"Mummified Hand":28,"DollysMirror":38,"Pandora\u0027s Box":17,"Turnip":37,"Bag of Marbles":9,"Coffee Dripper":34},{"Singing Bowl":16,"Mango":0,"Juzu Bracelet":23,"Whetstone":7,"Ancient Tea Set":0,"Burning Blood":0,"White Beast Statue":15,"Calling Bell":0,"Blood Vial":6,"Ornamental Fan":0,"Mummified Hand":16,"DollysMirror":21,"Pandora\u0027s Box":10,"Turnip":21,"Bag of Marbles":6,"Coffee Dripper":18},{"Singing Bowl":89,"Mango":0,"Juzu Bracelet":133,"Whetstone":27,"Ancient Tea Set":0,"Burning Blood":0,"White Beast Statue":80,"Calling Bell":0,"Blood Vial":23,"Ornamental Fan":0,"Mummified Hand":89,"DollysMirror":121,"Pandora\u0027s Box":46,"Turnip":121,"Bag of Marbles":23,"Coffee Dripper":105}]},"card_choices":[{"not_picked":["Heavy Blade","Feel No Pain"],"picked":"Uppercut","floor":1.0},{"not_picked":["Flex","True Grit"],"picked":"Shrug It Off","floor":2.0},{"not_picked":["Perfected Strike","Armaments"],"picked":"Reckless Charge","floor":3.0},{"not_picked":["Havoc","Evolve"],"picked":"Disarm","floor":5.0},{"not_picked":["Dual Wield","Dropkick"],"picked":"Battle Trance","floor":7.0},{"not_picked":["Dual Wield","Carnage"],"picked":"Feel No Pain","floor":8.0},{"not_picked":["Ghostly Armor","Flex"],"picked":"Headbutt","floor":10.0},{"not_picked":["Pommel Strike","Warcry","Thunderclap"],"picked":"SKIP","floor":13.0},{"not_picked":["Shrug It Off","Thunderclap"],"picked":"Feel No Pain","floor":14.0},{"not_picked":["Bludgeon","Demon Form"],"picked":"Offering","floor":16.0},{"not_picked":["Uppercut","Pommel Strike"],"picked":"Rupture","floor":18.0},{"not_picked":["Hemokinesis","Iron Wave"],"picked":"Flame Barrier+1","floor":19.0},{"not_picked":["Pommel Strike","Searing Blow"],"picked":"Flame Barrier+1","floor":22.0},{"not_picked":["Anger","Havoc"],"picked":"Fire Breathing","floor":23.0},{"not_picked":["Burning Pact","Perfected Strike+1"],"picked":"Reaper","floor":25.0},{"not_picked":["Pummel","True Grit"],"picked":"Fire Breathing","floor":28.0},{"not_picked":["Clash","Iron Wave+1","Ghostly Armor"],"picked":"Singing Bowl","floor":30.0},{"not_picked":["Exhume","Impervious"],"picked":"Reaper","floor":33.0},{"not_picked":["Infernal Blade","Perfected Strike"],"picked":"Power Through+1","floor":35.0},{"not_picked":["Twin Strike","Flex"],"picked":"True Grit+1","floor":36.0},{"not_picked":["Warcry","Armaments","Wild Strike"],"picked":"Singing Bowl","floor":37.0},{"not_picked":["Clash","Pummel","Body Slam"],"picked":"Singing Bowl","floor":39.0},{"not_picked":["Clothesline","Wild Strike"],"picked":"Fiend Fire","floor":40.0}],"player_experience":3248907,"relics_obtained":[{"floor":0.0,"key":"Ancient Tea Set"},{"floor":0.0,"key":"Ornamental Fan"},{"floor":0.0,"key":"Mango"},{"floor":8.0,"key":"Blood Vial"},{"floor":9.0,"key":"Bag of Marbles"},{"floor":10.0,"key":"Whetstone"},{"floor":26.0,"key":"White Beast Statue"},{"floor":28.0,"key":"Mummified Hand"},{"floor":29.0,"key":"Singing Bowl"},{"floor":37.0,"key":"Turnip"},{"floor":40.0,"key":"Juzu Bracelet"}],"event_choices":[{"damage_healed":0.0,"max_hp_gain":0.0,"max_hp_loss":0.0,"gold_gain":0.0,"event_name":"Upgrade Shrine","player_choice":"Upgraded","floor":11.0,"gold_loss":0.0,"damage_taken":0.0,"cards_upgraded":["Disarm"]},{"damage_healed":0.0,"max_hp_gain":0.0,"max_hp_loss":0.0,"gold_gain":0.0,"event_name":"Mysterious Sphere","player_choice":"Fight","floor":37.0,"gold_loss":0.0,"damage_taken":0.0}],"is_beta":false,"boss_relics":[{"not_picked":["Philosopher\u0027s Stone","SlaversCollar"],"picked":"Pandora\u0027s Box"},{"not_picked":["SacredBark","Busted Crown"],"picked":"Coffee Dripper"}],"items_purged_floors":[],"is_endless":false,"potions_floor_spawned":[1,2,8,10,25,28,30,33,35,36,37,39,40],"killed_by":"Reptomancer","ascension_level":20}}