{"host":"df48i9djcn92c5sx","time":1613139650,"event":{"mods":["Act Like it!","Arknights","BaseMod","Decade(王小明)","Downfall","Gensokyo","Marisa（F雨　魔理沙）","Minty Spire (QoL Compilation)","READ ME - Guardian Mod","READ ME - Snecko Mod","Reimu（博丽灵梦）","Remilia（蕾米莉亚）","Shop Mod","StSLib","The Jungle","The Servant 0.9.4"],"gold_per_floor":[113,113,113,127,202,202,202,202,228,252,252,264,290,309,309,385,385,399,410,422,422,132,132,166,166,166,166,123,140,157,204,204,204,204],"floor_reached":33,"language":"ZHS","playtime":850,"items_purged":["Strike_G"],"score":487,"play_id":"4fb9a72b-0b17-4d7b-b9a1-9b313f6fd266","local_time":"20210212222050","is_ascension_mode":true,"campfire_choices":[{"data":"Neutralize","floor":6.0,"key":"SMITH"},{"data":"Noxious Fumes","floor":8.0,"key":"SMITH"},{"data":"Riddle With Holes","floor":11.0,"key":"SMITH"},{"data":"A Thousand Cuts","floor":15.0,"key":"SMITH"},{"floor":23,"key":"REST"},{"floor":25,"key":"REST"},{"floor":32,"key":"REST"}],"circlet_count":0,"master_deck":["AscendersBane","Strike_G","Strike_G","Strike_G","Strike_G","Defend_G","Defend_G","Defend_G","Defend_G","Defend_G","Survivor","Neutralize+1","Riddle With Holes+1","Noxious Fumes+1","Blur+1","Noxious Fumes","A Thousand Cuts+1","Malaise+1","Backstab","Envenom","Deadly Poison+1","Deadly Poison+1","Neutralize+1","Leg Sweep+1","Backflip+1","Terror+1"],"relics":["Ring of the Snake","NeowsBlessing","Toxic Egg 2","Omamori","Snake Skull","Art of War","Runic Dome","Regal Pillow","Du-Vu Doll","Bottled Lightning","Lantern"],"acts_visited":["Exordium","TheCity"],"potions_floor_usage":[18,20,24,30,33],"damage_taken":[{"damage":0.0,"enemies":"2 Louse","floor":1.0,"turns":1.0},{"damage":0.0,"enemies":"Jaw Worm","floor":4.0,"turns":1.0},{"damage":0.0,"enemies":"Cultist","floor":12.0,"turns":1.0},{"damage":10.0,"enemies":"3 Sentries","floor":13.0,"turns":6.0},{"damage":10.0,"enemies":"Exordium Wildlife","floor":14.0,"turns":4.0},{"damage":8.0,"enemies":"The Guardian","floor":16.0,"turns":8.0},{"damage":4,"enemies":"Shell Parasite","floor":18,"turns":6},{"damage":36,"enemies":"Spheric Guardian","floor":19,"turns":7},{"damage":14,"enemies":"3 Cultists","floor":20,"turns":5},{"damage":20,"enemies":"Book of Stabbing","floor":24,"turns":6},{"damage":12,"enemies":"Centurion and Healer","floor":29,"turns":7},{"damage":5,"enemies":"Chosen and Byrds","floor":30,"turns":4},{"damage":68,"enemies":"Champ","floor":33,"turns":9}],"seed_played":"-8137136455043769701","potions_obtained":[{"floor":1.0,"key":"Fire Potion"},{"floor":4.0,"key":"Strength Potion"},{"floor":13.0,"key":"Fire Potion"},{"floor":16.0,"key":"Ancient Potion"},{"floor":19,"key":"Dexterity Potion"},{"floor":20,"key":"Weak Potion"},{"floor":29,"key":"SkillPotion"},{"floor":30,"key":"Poison Potion"}],"is_trial":false,"path_per_floor":["M","?","T","M","?","R","?","R","T","T","R","M","E","M","R","B",null,"M","M","M","?","$","R","E","R","T","?","$","M","M","T","R","B"],"character_chosen":"THE_SILENT","items_purchased":["Regal Pillow","Deadly Poison+1","Leg Sweep+1"],"campfire_rested":3,"item_purchase_floors":[22,22,28],"current_hp_per_floor":[59,59,59,59,48,48,66,66,66,66,66,66,56,46,46,38,59,55,19,5,5,5,39,19,53,53,53,53,41,36,36,66,0,0],"gold":204,"neow_bonus":"THREE_ENEMY_KILL","is_daily":false,"chose_seed":false,"campfire_upgraded":4,"win_rate":0.0,"timestamp":1613139650,"path_taken":["M","?","?","?","?","R","?","R","T","?","R","M","E","M","R","BOSS","M","M","M","?","$","R","E","R","T","?","$","?","M","?","R","BOSS"],"items_purchased_type":["Relic","Card","Card"],"build_version":"2020-12-22","purchased_purges":1,"victory":false,"max_hp_per_floor":[66,66,66,66,66,66,66,66,66,66,66,66,66,66,66,66,66,66,66,66,66,66,66,66,66,66,66,66,66,66,66,66,66,66],"card_choices":[{"not_picked":["Reflex","Acrobatics"],"picked":"Riddle With Holes","floor":1.0},{"not_picked":["Leg Sweep+1","Acrobatics+1"],"picked":"Noxious Fumes","floor":4.0},{"not_picked":["Bane","Predator"],"picked":"Blur+1","floor":12.0},{"not_picked":["Concentrate+1","Blur+1"],"picked":"Noxious Fumes","floor":13.0},{"not_picked":["Deflect+1","Skewer"],"picked":"A Thousand Cuts","floor":14.0},{"not_picked":["Grand Finale","Tools of the Trade"],"picked":"Malaise+1","floor":16.0},{"not_picked":["Deflect+1","Dagger Spray"],"picked":"Backstab","floor":18},{"not_picked":["Setup+1","Sucker Punch","Outmaneuver+1"],"picked":"SKIP","floor":19},{"not_picked":["Distraction+1","All Out Attack"],"picked":"Envenom","floor":20},{"not_picked":["Setup+1","Slice"],"picked":"Deadly Poison+1","floor":24},{"not_picked":["Dodge and Roll+1","Acrobatics+1"],"picked":"Backflip+1","floor":29},{"not_picked":["Poisoned Stab","Caltrops"],"picked":"Terror+1","floor":30}],"player_experience":1535529,"relics_obtained":[{"floor":3.0,"key":"Toxic Egg 2"},{"floor":9.0,"key":"Omamori"},{"floor":10.0,"key":"Snake Skull"},{"floor":13.0,"key":"Art of War"},{"floor":24,"key":"Du-Vu Doll"},{"floor":26,"key":"Bottled Lightning"},{"floor":31,"key":"Lantern"}],"event_choices":[{"damage_healed":0.0,"max_hp_gain":0.0,"max_hp_loss":0.0,"gold_gain":0.0,"event_name":"Liars Game","player_choice":"Ignored","floor":2.0,"gold_loss":0.0,"damage_taken":0.0},{"damage_healed":0.0,"max_hp_gain":0.0,"max_hp_loss":0.0,"gold_gain":75.0,"event_name":"World of Goop","player_choice":"Gather Gold","floor":5.0,"gold_loss":0.0,"damage_taken":11.0},{"damage_healed":22.0,"max_hp_gain":0.0,"max_hp_loss":0.0,"gold_gain":0.0,"event_name":"Big Fish","player_choice":"Banana","floor":7.0,"gold_loss":0.0,"damage_taken":0.0},{"damage_healed":0,"gold_gain":0,"player_choice":"Copied","damage_taken":0,"max_hp_gain":0,"max_hp_loss":0,"event_name":"Duplicator","floor":27,"gold_loss":0,"cards_obtained":["Neutralize"]}],"is_beta":false,"boss_relics":[{"not_picked":["RedLine:ReiMu","WristBlade"],"picked":"Runic Dome"}],"items_purged_floors":[22],"is_endless":false,"potions_floor_spawned":[1,4,13,16,19,20,29,30],"killed_by":"Champ","ascension_level":17}}