{"host":"j019w4cyowrad0mf","time":1613117468,"event":{"mods":["2.2 Compatiblity","Act Like it!","Arknights","BaseMod","CapriCore","Gensokyo","HololiveMod","Marisa????????","Minty Spire (QoL Compilation)","Rare Cards Sparkle","Reimu??????","StSLib","Waifu the Spire"],"gold_per_floor":[85,102,102,128,21,52,52,52,52,52,52,387,403,423,423,555,555,577,527,549,278,313,351,168,168,168,199,199,199,525,539,539,658,658,677,700,221,232,257,587,606,606,606,606,606,606,821,846,846,889,889,889,246,279,286],"floor_reached":56,"language":"ENG","playtime":4677,"items_purged":["Hololive_Strike","Hololive_DiamondStrike+1"],"score":1953,"play_id":"1adff81a-809b-4a1d-b068-6b1e8eef49bd","local_time":"20210212001108","is_ascension_mode":true,"campfire_choices":[{"data":"Hololive_CallSpadeEcho","floor":7,"key":"SMITH"},{"data":"Hololive_CallCivia","floor":11,"key":"SMITH"},{"data":"Hololive_CallShiroganeNoel","floor":15,"key":"SMITH"},{"floor":28,"key":"RECALL"},{"data":"Hololive_HuntDinosaur","floor":32,"key":"SMITH"},{"data":"Gensokyo:ShootingStar","floor":42,"key":"SMITH"},{"data":"Hololive_RevenueBasedLive","floor":49,"key":"SMITH"},{"data":"Hololive_HighAtkLowDef","floor":52,"key":"SMITH"}],"circlet_count":0,"master_deck":["Hololive_ILoveYou","Hololive_CallSpadeEcho+1","Hololive_CallNatsuiroMatsuri","Hololive_CallAyundaRisu","Hololive_CallShiranuiFlare+1","Hololive_CallAkaiHaato","Hololive_HuntDinosaur+1","Hololive_CallCivia+1","Hololive_CocoNews","Hololive_CallShiroganeNoel+1","Hololive_RevenueBasedLive+1","Hololive_CallNekomataOkayu","Hololive_CallTsunomakiWatame","Hololive_DurableLive","Hololive_CallYuzukiChoco+1","Hololive_CallFriendA","Hololive_CallInugamiKorone","Hololive_Teleport","Hololive_Yoholoon","Hololive_CallMomosuzuNene+17","Hololive_CallMurasakiShion+1","Hololive_CallShirakamiFubuki+1","Gensokyo:ShootingStar+1","Hololive_DurableLive","Hololive_CallAkaiHaato+1","Hololive_SummonFox+1","Hololive_CallHoshimachiSuisei","Hololive_Drill","Gensokyo:ManorOfTheDishes","Hololive_CallUruhaRushia","Hololive_DurableLive","Hololive_CallShiranuiFlare+1","Hololive_CallRoboco+1","Hololive_HighAtkLowDef+1","Hololive_Breathe+1"],"relics":["Hololive_TheStar","StoneCalendar","Pen Nib","Matryoshka","Gensokyo:Mercy","Meat on the Bone","Lantern","Empty Cage","Bag of Preparation","Frozen Eye","Gensokyo:SongOfSouls","RuthlessExorcism:ReiMu","Torii","Unceasing Top","Gensokyo:RedStar","Astrolabe","Bottled Lightning","Letter Opener","Nunchaku","Bottled Flame","Bronze Scales","Happy Flower","Mango"],"acts_visited":["Exordium","Gensokyo:Gensokyo","Gensokyo:Gensokyoer","TheEnding"],"potions_floor_usage":[4,18,54,55,55,55],"damage_taken":[{"damage":0,"enemies":"Gensokyo:Python","floor":1,"turns":3},{"damage":0,"enemies":"Gensokyo:Gryphon","floor":2,"turns":4},{"damage":0,"enemies":"Gensokyo:3_Fairies","floor":4,"turns":5},{"damage":0,"enemies":"Gensokyo:Mamizou","floor":6,"turns":5},{"damage":0,"enemies":"Gensokyo:Cirno","floor":12,"turns":6},{"damage":0,"enemies":"Gensokyo:3_Kodama","floor":13,"turns":4},{"damage":0,"enemies":"Gensokyo:Gryphon_and_Rabbit","floor":14,"turns":4},{"damage":0,"enemies":"Gensokyo:Reimu","floor":16,"turns":8},{"damage":3,"enemies":"Gensokyo:3_Dogs","floor":18,"turns":6},{"damage":0,"enemies":"Gensokyo:AngelMirror","floor":20,"turns":3},{"damage":0,"enemies":"Gensokyo:Chomper_and_Gloop","floor":22,"turns":5},{"damage":0,"enemies":"Gensokyo:Koishi","floor":23,"turns":4},{"damage":0,"enemies":"Gensokyo:Reisen","floor":27,"turns":6},{"damage":0,"enemies":"Gensokyo:3_Gloops","floor":30,"turns":4},{"damage":0,"enemies":"Gensokyo:Monolith_and_Dog","floor":31,"turns":3},{"damage":0,"enemies":"Gensokyo:Eiki","floor":33,"turns":9},{"damage":0,"enemies":"Gensokyo:AncientGuardian","floor":35,"turns":4},{"damage":0,"enemies":"Gensokyo:3_Bats","floor":36,"turns":4},{"damage":0,"enemies":"Gensokyo:Sharpion","floor":38,"turns":2},{"damage":0,"enemies":"Gensokyo:AtlasGolem","floor":39,"turns":4},{"damage":0,"enemies":"Gensokyo:Marisa","floor":40,"turns":7},{"damage":1,"enemies":"Gensokyo:4_Bats","floor":41,"turns":3},{"damage":0,"enemies":"Gensokyo:3_Boulders","floor":47,"turns":4},{"damage":0,"enemies":"Gensokyo:AtlasGolem","floor":48,"turns":3},{"damage":0,"enemies":"Gensokyo:Yuyuko","floor":50,"turns":7},{"damage":14,"enemies":"Shield and Spear","floor":54,"turns":5},{"damage":13,"enemies":"The Heart","floor":55,"turns":11}],"seed_played":"-4626558414206416688","potions_obtained":[{"floor":2,"key":"PowerPotion"},{"floor":4,"key":"Fruit Juice"},{"floor":14,"key":"LiquidMemories"},{"floor":18,"key":"Weak Potion"},{"floor":23,"key":"Regen Potion"},{"floor":33,"key":"Block Potion"},{"floor":54,"key":"Fire Potion"}],"is_trial":false,"path_per_floor":["M","M","?","M","COS","E","R","?","T","?","R","E","M","M","R","B",null,"M","?","M","$","M","E","COS","?","T","E","R","?","M","M","R","B",null,"M","M","COS","M","M","E","M","R","T","?","?","?","M","M","R","B",null,"R","$","E","B",null],"character_chosen":"Hololive_HololiveCharacter","items_purchased":["Hololive_CallInugamiKorone","Hololive_Teleport","Hololive_Yoholoon","Bottled Flame","Bronze Scales","Happy Flower"],"campfire_rested":0,"item_purchase_floors":[21,21,21,53,53,53],"current_hp_per_floor":[32,32,32,37,37,37,37,37,37,37,37,37,37,37,37,37,39,36,43,43,43,43,43,43,43,43,43,43,43,43,43,43,47,47,47,47,47,47,47,47,46,46,46,46,46,39,39,39,39,39,45,45,45,45,46],"gold":286,"neow_bonus":"THREE_CARDS","is_daily":false,"chose_seed":false,"campfire_upgraded":7,"win_rate":0.0,"timestamp":1613117468,"path_taken":["M","M","?","M","COS","E","R","?","T","?","R","E","?","M","R","BOSS","M","?","M","$","M","E","COS","?","T","E","R","?","?","M","R","BOSS","M","M","COS","M","M","E","M","R","T","?","?","?","?","M","R","BOSS","R","$","E","BOSS"],"items_purchased_type":["Card","Card","Card","Relic","Relic","Relic"],"build_version":"2020-12-22","purchased_purges":2,"victory":true,"max_hp_per_floor":[35,35,35,40,40,40,40,40,40,40,40,40,40,40,40,40,40,40,47,47,47,47,47,47,47,47,47,47,47,47,47,47,47,47,47,47,47,47,47,47,47,47,47,47,47,47,47,47,47,47,47,47,47,61,61],"card_choices":[{"not_picked":["Hololive_DevilCharm","Hololive_Breathe"],"picked":"Hololive_HuntDinosaur","floor":0},{"not_picked":["Hololive_CocoNews","Hololive_Yoholoon","Hololive_Breathe"],"picked":"Hololive_CallCivia","floor":1},{"not_picked":["Hololive_Breathe","Hololive_Sequa","Hololive_CallYukihanaLamy"],"picked":"Hololive_CocoNews","floor":2},{"not_picked":["Hololive_Psychosis","Hololive_CallYukihanaLamy","Hololive_CallDoris"],"picked":"Hololive_CallShiroganeNoel","floor":4},{"not_picked":["Hololive_RevenueBasedLive+1","Hololive_OvertimeWork+1","Hololive_Psychosis+1"],"picked":"Hololive_CocoNews+1","floor":6},{"not_picked":["Hololive_DiamondStrike","Hololive_SummonFox","Hololive_FlyingPonyTail"],"picked":"Hololive_RevenueBasedLive","floor":6},{"not_picked":["Hololive_CallYukihanaLamy","Hololive_OvertimeWork","Hololive_AWSL"],"picked":"Hololive_CallNekomataOkayu","floor":12},{"not_picked":["Hololive_Drill","Hololive_Trident","Hololive_SummonFox","Hololive_CallRosalyn"],"picked":"SKIP","floor":13},{"not_picked":["Hololive_CallUruhaRushia","Hololive_Rebound","Hololive_CallAyundaRisu"],"picked":"Hololive_CallTsunomakiWatame","floor":14},{"not_picked":["Hololive_Recruit","Hololive_OpenUp","Hololive_ASMR"],"picked":"Hololive_DurableLive","floor":16},{"not_picked":["Hololive_Yoholoon","Hololive_Trident","Hololive_Rebound"],"picked":"Hololive_CallYuzukiChoco+1","floor":18},{"not_picked":["Hololive_OvertimeWork","Hololive_LuckPotion","Hololive_RevenueBasedLive"],"picked":"Hololive_CallFriendA","floor":20},{"not_picked":["Hololive_CallRosalyn+1","Hololive_CallTsunomakiWatame","Hololive_Sequa","Hololive_OvertimeWork"],"picked":"SKIP","floor":22},{"not_picked":["Hololive_Yoholoon","Hololive_CallYuzukiChoco","Hololive_CallTokoyamiTowa"],"picked":"Hololive_CallMomosuzuNene+1","floor":23},{"not_picked":["Hololive_Drill+1","Hololive_CallRoboco","Hololive_HuntDinosaur"],"picked":"Hololive_CallMurasakiShion+1","floor":27},{"not_picked":["Hololive_CallOzoraSubaru+1","Hololive_Breathe","Hololive_FlyingPonyTail"],"picked":"Hololive_BringToTrial","floor":30},{"not_picked":["Hololive_CandyCastle","Hololive_CallOzoraSubaru","Hololive_CallShiroganeNoel"],"picked":"Hololive_CallShirakamiFubuki+1","floor":31},{"not_picked":[],"picked":"Gensokyo:ShootingStar","floor":33},{"not_picked":["Hololive_ASMR","Hololive_WolfAndLamb","Hololive_Rebirth"],"picked":"Hololive_DurableLive","floor":33},{"not_picked":["Hololive_Psychosis","Hololive_CallMinatoAqua+1","Hololive_LuckPotion"],"picked":"Hololive_CallHoshimachiSuisei","floor":35},{"not_picked":["Hololive_HuntDinosaur+1","Hololive_CallYuzukiChoco+1","Hololive_CocoNews+1"],"picked":"Hololive_Drill","floor":36},{"not_picked":["Hololive_CallMomosuzuNene","Hololive_ManjiGathering+1","Hololive_Breathe"],"picked":"Hololive_CallUruhaRushia","floor":38},{"not_picked":["Hololive_CallRosalyn","Hololive_CallShiroganeNoel","Hololive_CallYukihanaLamy+1"],"picked":"Hololive_DurableLive","floor":39},{"not_picked":["Hololive_Trident+1","Hololive_Rebound","Hololive_SoulCatcher"],"picked":"Hololive_CallShiranuiFlare+1","floor":40},{"not_picked":["Hololive_CallMoonaHoshinova","Hololive_StrengthChampion","Hololive_SoulCatcher","Hololive_Trident"],"picked":"SKIP","floor":41},{"not_picked":["Hololive_Trident+1","Hololive_LuckPotion+1","Hololive_CallAkaiHaato"],"picked":"Hololive_CallRoboco+1","floor":47},{"not_picked":["Hololive_OvertimeWork+1","Hololive_LuckPotion","Hololive_CallFriendA"],"picked":"Hololive_HighAtkLowDef","floor":48},{"not_picked":["Hololive_CallHoushouMarine","Hololive_HuntDinosaur+1","Hololive_Trident"],"picked":"Hololive_Breathe+1","floor":54}],"player_experience":349237,"relics_obtained":[{"floor":6,"key":"StoneCalendar"},{"floor":9,"key":"Matryoshka"},{"floor":12,"key":"Meat on the Bone"},{"floor":23,"key":"Bag of Preparation"},{"floor":26,"key":"RuthlessExorcism:ReiMu"},{"floor":26,"key":"Torii"},{"floor":27,"key":"Unceasing Top"},{"floor":40,"key":"Letter Opener"},{"floor":43,"key":"Nunchaku"},{"floor":54,"key":"Mango"}],"event_choices":[],"is_beta":false,"boss_relics":[{"not_picked":["SlaversCollar","RedLine:ReiMu"],"picked":"Empty Cage"},{"not_picked":["Philosopher\u0027s Stone","Runic Pyramid"],"picked":"Astrolabe"}],"items_purged_floors":[21,53],"is_endless":false,"potions_floor_spawned":[2,4,14,18,23,27,33,38,39,47,54],"ascension_level":7}}