{"host":"wrdw6zkxuilnr6rg","time":1612706240,"event":{"mods":["BaseMod","Bestiary","Colored Powertips","Highlight Path","Minty Spire (QoL Compilation)","Quick Restart","Relic Stats","StSLib"],"gold_per_floor":[113,35,35,110,123,148,148,148,148,164,164,164,175,155,155,155,155],"floor_reached":16,"language":"ENG","playtime":239,"items_purged":[],"score":215,"play_id":"c91d0267-14ab-464d-b290-ea18ed266cb3","local_time":"20210207165720","is_ascension_mode":true,"campfire_choices":[{"data":"Eruption","floor":7,"key":"SMITH"},{"data":"Nirvana","floor":12,"key":"SMITH"},{"data":"Doubt","floor":15,"key":"PURGE"}],"circlet_count":0,"master_deck":["AscendersBane","Strike_P","Strike_P","Strike_P","Strike_P","Defend_P","Defend_P+1","Defend_P","Defend_P+1","Eruption+1","Vigilance","CutThroughFate","CarveReality","Nirvana+1","Wireheading","Halt","EmptyFist"],"relics":["PureWater","NeowsBlessing","War Paint","InkBottle","Peace Pipe"],"acts_visited":["Exordium"],"potions_floor_usage":[16,16,16],"damage_taken":[{"damage":0,"enemies":"Small Slimes","floor":1,"turns":1},{"damage":0,"enemies":"2 Louse","floor":5,"turns":1},{"damage":0,"enemies":"3 Sentries","floor":6,"turns":1},{"damage":0,"enemies":"Cultist","floor":10,"turns":1},{"damage":7,"enemies":"3 Louse","floor":13,"turns":4},{"damage":0,"enemies":"Slime Boss","floor":16,"turns":4}],"seed_played":"2072273783350103070","potions_obtained":[{"floor":5,"key":"Dexterity Potion"},{"floor":13,"key":"BlessingOfTheForge"},{"floor":14,"key":"EntropicBrew"}],"is_trial":false,"path_per_floor":["M","$","?","?","M","E","R","?","T","M","?","R","M","?","R","B"],"character_chosen":"WATCHER","items_purchased":["CarveReality"],"campfire_rested":0,"item_purchase_floors":[2],"current_hp_per_floor":[61,61,61,50,50,50,50,15,15,15,15,15,8,8,8,8,8],"gold":155,"neow_bonus":"THREE_ENEMY_KILL","is_daily":false,"chose_seed":false,"campfire_upgraded":2,"win_rate":0.0,"timestamp":1612706240,"path_taken":["M","$","?","?","M","E","R","?","T","M","?","R","?","?","R","BOSS"],"items_purchased_type":["Card"],"build_version":"2020-12-22","purchased_purges":0,"victory":false,"max_hp_per_floor":[68,68,68,68,68,68,68,68,68,68,68,68,68,68,68,68,68],"relic_stats":{"Peace Pipe":2,"counters":[6,12],"War Paint":["Defend_P","Defend_P"],"obtain_stats":[{"Peace Pipe":9,"NeowsBlessing":0,"PureWater":0,"War Paint":6,"InkBottle":8},{"Peace Pipe":3,"NeowsBlessing":0,"PureWater":0,"War Paint":3,"InkBottle":3},{"Peace Pipe":3,"NeowsBlessing":0,"PureWater":0,"War Paint":3,"InkBottle":3}],"InkBottle":[3]},"card_choices":[{"not_picked":["Crescendo","FollowUp"],"picked":"CutThroughFate","floor":1},{"not_picked":["SashWhip","LikeWater"],"picked":"Nirvana","floor":5},{"not_picked":["Evaluate","JustLucky"],"picked":"Wireheading","floor":6},{"not_picked":["Consecrate","Wireheading"],"picked":"Halt","floor":10},{"not_picked":["FlyingSleeves","FlurryOfBlows"],"picked":"EmptyFist","floor":13}],"player_experience":1416244,"relics_obtained":[{"floor":6,"key":"War Paint"},{"floor":9,"key":"Peace Pipe"}],"event_choices":[{"damage_healed":0,"gold_gain":0,"player_choice":"Leave","damage_taken":0,"max_hp_gain":0,"max_hp_loss":0,"event_name":"The Cleric","floor":3,"gold_loss":0},{"damage_healed":0,"gold_gain":75,"player_choice":"Gather Gold","damage_taken":11,"max_hp_gain":0,"max_hp_loss":0,"event_name":"World of Goop","floor":4,"gold_loss":0},{"damage_healed":0,"gold_gain":0,"player_choice":"Success","damage_taken":35,"relics_obtained":["InkBottle"],"max_hp_gain":0,"max_hp_loss":0,"event_name":"Scrap Ooze","floor":8,"gold_loss":0},{"damage_healed":0,"gold_gain":0,"player_choice":"1 cards matched","damage_taken":0,"max_hp_gain":0,"max_hp_loss":0,"event_name":"Match and Keep!","floor":11,"gold_loss":0,"cards_obtained":["Doubt"]},{"damage_healed":0,"gold_gain":0,"player_choice":"Bought 1 Potion","damage_taken":0,"max_hp_gain":0,"max_hp_loss":0,"event_name":"The Woman in Blue","floor":14,"gold_loss":0}],"is_beta":false,"boss_relics":[],"items_purged_floors":[],"is_endless":false,"potions_floor_spawned":[5,13],"killed_by":"Slime Boss","ascension_level":15}}