{"host":"18wi9kpcl4eah7pe","time":1613154439,"event":{"mods":["BaseMod","Colored Powertips","Downfall","Minty Spire (QoL Compilation)","StSLib"],"gold_per_floor":[99,114,114,133,233,250,250,260,174,174,194,94,94,94,105,205,205,205,221,321,331,343,343,343,343,343,343],"floor_reached":25,"language":"ENG","playtime":811,"items_purged":[],"score":261,"play_id":"eb028a7d-c02f-4d8a-9341-1b46cd1fd6b1","local_time":"20210212122719","is_ascension_mode":true,"campfire_choices":[{"floor":1,"key":"RECALL"},{"floor":12,"key":"REST"},{"floor":18,"key":"REST"}],"circlet_count":0,"master_deck":["bronze:Strike","bronze:Strike","bronze:Strike","bronze:Strike","bronze:Defend","bronze:Defend","bronze:Defend","bronze:Defend","bronze:Replicate","bronze:Goto","bronze:Shield","bronze:Shell","bronze:Invalidate","bronze:Philosophize","bronze:Optimize","bronze:FineTuning","bronze:Repulsor","bronze:BugBarrage","bronze:GetLatest+1","bronze:Iterate","bronze:InfiniteLoop","bronze:DelayedSlice+1","bronze:Philosophize","Pride","bronze:CutThrough","bronze:Flail+1"],"relics":["bronze:PlatinumCore","Matryoshka","Dream Catcher","Blood Vial","Sundial","Gremlin Horn","downfall:HeartBlessingRed","Blue Candle"],"acts_visited":["Exordium","TheCity"],"potions_floor_usage":[11,15,16],"damage_taken":[{"damage":0,"enemies":"Small Slimes","floor":2,"turns":4},{"damage":2,"enemies":"Jaw Worm","floor":4,"turns":5},{"damage":0,"enemies":"2 Louse","floor":6,"turns":3},{"damage":17,"enemies":"2 Fungi Beasts","floor":8,"turns":4},{"damage":0,"enemies":"downfall:FleeingMerchant","floor":9,"turns":4},{"damage":34,"enemies":"Exordium Wildlife","floor":11,"turns":4},{"damage":0,"enemies":"3 Louse","floor":15,"turns":3},{"damage":43,"enemies":"IC_STATUS_ARCHETYPE","floor":16,"turns":7},{"damage":0,"enemies":"Chosen","floor":19,"turns":4},{"damage":10,"enemies":"Sentry and Sphere","floor":21,"turns":3},{"damage":48,"enemies":"Cultist and Chosen","floor":22,"turns":5},{"damage":20,"enemies":"Snake Plant","floor":25,"turns":1}],"seed_played":"-6322576087096719359","potions_obtained":[{"floor":2,"key":"SneckoOil"},{"floor":11,"key":"Block Potion"},{"floor":15,"key":"LiquidBronze"},{"floor":21,"key":"PowerPotion"}],"is_trial":false,"path_per_floor":["R","M","?","M","?","M","T","M","$","T","M","R","?","?","M","B",null,"R","M","?","M","M","T","T","M"],"character_chosen":"THE_AUTOMATON","items_purchased":["bronze:Repulsor"],"campfire_rested":2,"item_purchase_floors":[9],"current_hp_per_floor":[63,63,51,49,49,49,49,34,36,36,4,25,48,48,50,9,55,70,70,70,60,14,14,14,0,0,0],"gold":343,"neow_bonus":"THREE_CARDS","is_daily":false,"chose_seed":false,"campfire_upgraded":0,"win_rate":0.0,"timestamp":1613154439,"path_taken":["R","M","?","M","?","M","T","M","$","?","M","R","?","?","M","BOSS","R","M","?","M","M","?","T","M"],"items_purchased_type":["Card"],"build_version":"2020-12-22","purchased_purges":0,"victory":false,"max_hp_per_floor":[70,70,70,70,70,70,70,70,70,70,70,70,70,70,70,70,70,70,70,70,70,70,70,70,70,70,70],"card_choices":[{"not_picked":["bronze:Invalidate","bronze:Turbo"],"picked":"bronze:Shield","floor":0},{"not_picked":["bronze:Return","bronze:Branch"],"picked":"bronze:Shell","floor":2},{"not_picked":["bronze:Turbo","bronze:ForLoop"],"picked":"bronze:Invalidate","floor":4},{"not_picked":["bronze:NullPointer","bronze:Shield"],"picked":"bronze:Philosophize","floor":6},{"not_picked":["bronze:BronzeOrb","bronze:OilSpill"],"picked":"bronze:Optimize","floor":8},{"not_picked":["bronze:MaxOutput","bronze:DelayedGuard"],"picked":"bronze:FineTuning","floor":9},{"not_picked":["bronze:Invalidate","bronze:Shield"],"picked":"bronze:BugBarrage","floor":11},{"not_picked":["bronze:Iterate","bronze:BronzeOrb"],"picked":"bronze:GetLatest","floor":12},{"not_picked":["bronze:BitShift","bronze:Backtrace"],"picked":"bronze:Iterate","floor":15},{"not_picked":["bronze:HyperBeam","bronze:Virus"],"picked":"bronze:InfiniteLoop","floor":16},{"not_picked":["bronze:Return+1","bronze:Invalidate"],"picked":"bronze:DelayedSlice+1","floor":18},{"not_picked":["bronze:Turbo","bronze:Shell"],"picked":"bronze:Philosophize","floor":19},{"not_picked":["bronze:Deprecate","bronze:Return+1"],"picked":"bronze:CutThrough","floor":21},{"not_picked":["bronze:Invalidate","bronze:BronzeOrb"],"picked":"bronze:Flail+1","floor":22}],"player_experience":1019948,"relics_obtained":[{"floor":7,"key":"Dream Catcher"},{"floor":7,"key":"Blood Vial"},{"floor":10,"key":"Sundial"},{"floor":10,"key":"Gremlin Horn"},{"floor":24,"key":"Blue Candle"}],"event_choices":[{"damage_healed":0,"gold_gain":0,"player_choice":"Success","damage_taken":12,"relics_obtained":["Matryoshka"],"max_hp_gain":0,"max_hp_loss":0,"event_name":"Scrap Ooze","floor":3,"gold_loss":0},{"damage_healed":23,"gold_gain":0,"player_choice":"Banana","damage_taken":0,"max_hp_gain":0,"max_hp_loss":0,"event_name":"Big Fish","floor":13,"gold_loss":0},{"damage_healed":0,"gold_gain":0,"player_choice":"Grow","damage_taken":0,"max_hp_gain":0,"max_hp_loss":0,"event_name":"Living Wall","floor":14,"gold_loss":0,"cards_upgraded":["bronze:GetLatest"]}],"is_beta":false,"boss_relics":[{"not_picked":["Busted Crown","SacredBark"],"picked":"bronze:PlatinumCore"}],"items_purged_floors":[],"is_endless":false,"potions_floor_spawned":[2,11,15,21],"killed_by":"Snake Plant","ascension_level":7}}