{"host":"ewns8ifhbubwkcum","time":1613154917,"event":{"mods":["BaseMod","Block Reminder","Colored Map","Colored Powertips","Downfall","Highlight Path","Minty Spire (QoL Compilation)","Permanent Neow","Quick Restart","Random Character Button","StSLib"],"gold_per_floor":[119,79,95,20,34,34,47,47,47,47,0,13,13,48,48,153,153,171,190,26,126,141,141,141],"floor_reached":23,"language":"ENG","playtime":1086,"items_purged":["Strike_P"],"score":277,"play_id":"420e93e3-1356-4278-8231-6238bcc43bbc","local_time":"20210212123517","is_ascension_mode":true,"campfire_choices":[{"data":"Apotheosis","floor":6,"key":"SMITH"},{"data":"BattleHymn","floor":8,"key":"SMITH"},{"floor":15,"key":"REST"}],"circlet_count":0,"master_deck":["Strike_P","Strike_P","Strike_P+1","Defend_P","Defend_P","Defend_P","Defend_P","Eruption","Vigilance","Apotheosis+1","Conclude","Perseverance","Crescendo+1","BattleHymn+1","EmptyBody","Wireheading","MasterReality","JustLucky+1","Collect","LessonLearned","ThirdEye+1"],"relics":["PureWater","CaptainsWheel","hexamod:Sixitude","Black Star"],"acts_visited":["Exordium","TheCity"],"potions_floor_usage":[3,16,19,22,23,23],"damage_taken":[{"damage":0,"enemies":"2 Louse","floor":1,"turns":3},{"damage":0,"enemies":"Cultist","floor":3,"turns":2},{"damage":2,"enemies":"Jaw Worm","floor":5,"turns":4},{"damage":0,"enemies":"Red Slaver","floor":7,"turns":6},{"damage":5,"enemies":"2 Fungi Beasts","floor":12,"turns":3},{"damage":10,"enemies":"Gremlin Nob","floor":14,"turns":4},{"damage":16,"enemies":"Hexaghost","floor":16,"turns":7},{"damage":3,"enemies":"Spheric Guardian","floor":18,"turns":4},{"damage":21,"enemies":"3 Byrds","floor":19,"turns":4},{"damage":10,"enemies":"Cultist and Chosen","floor":22,"turns":4},{"damage":29,"enemies":"Book of Stabbing","floor":23,"turns":3}],"seed_played":"4516929200507073600","potions_obtained":[{"floor":2,"key":"Block Potion"},{"floor":2,"key":"sneckomod:MuddlingPotion"},{"floor":2,"key":"CultistPotion"},{"floor":3,"key":"DuplicationPotion"},{"floor":14,"key":"GamblersBrew"},{"floor":16,"key":"SneckoOil"},{"floor":19,"key":"EssenceOfSteel"}],"is_trial":false,"path_per_floor":["M","?","M","$","M","R","M","R","T","?","$","M","?","E","R","B",null,"M","M","$","?","M","E"],"character_chosen":"WATCHER","items_purchased":["EmptyBody","LessonLearned"],"campfire_rested":1,"item_purchase_floors":[11,20],"current_hp_per_floor":[47,47,47,47,45,45,45,45,45,31,31,26,26,16,37,21,59,56,35,35,35,25,0,0],"gold":141,"neow_bonus":"RANDOM_COLORLESS_2","is_daily":false,"chose_seed":false,"campfire_upgraded":2,"win_rate":0.0,"timestamp":1613154917,"path_taken":["M","?","M","?","M","R","M","R","T","?","?","?","?","E","R","BOSS","M","?","?","?","?","E"],"items_purchased_type":["Card","Card"],"build_version":"2020-12-22","purchased_purges":1,"victory":false,"max_hp_per_floor":[72,72,72,72,72,72,72,72,72,72,72,72,72,72,72,72,72,72,72,72,72,72,72,72],"card_choices":[{"not_picked":["Sadistic Nature","The Bomb"],"picked":"Apotheosis","floor":0},{"not_picked":["BowlingBash","Evaluate"],"picked":"Conclude","floor":1},{"not_picked":["EmptyBody","PathToVictory"],"picked":"Perseverance","floor":3},{"not_picked":["FlurryOfBlows","FlyingSleeves"],"picked":"Crescendo","floor":5},{"not_picked":["WheelKick","Swivel"],"picked":"BattleHymn","floor":7},{"not_picked":["BowlingBash","Crescendo","EmptyMind"],"picked":"SKIP","floor":12},{"not_picked":["FlurryOfBlows","EmptyFist"],"picked":"Wireheading","floor":14},{"not_picked":["Blasphemy","Brilliance"],"picked":"MasterReality","floor":16},{"not_picked":["Vengeance","EmptyBody+1"],"picked":"JustLucky+1","floor":18},{"not_picked":["JustLucky","CrushJoints"],"picked":"Collect","floor":19},{"not_picked":["JustLucky","ClearTheMind"],"picked":"ThirdEye+1","floor":22}],"player_experience":1211829,"relics_obtained":[{"floor":14,"key":"hexamod:Sixitude"}],"event_choices":[{"damage_healed":0,"gold_gain":0,"player_choice":"Bought 3 Potions","damage_taken":0,"max_hp_gain":0,"max_hp_loss":0,"event_name":"The Woman in Blue","floor":2,"gold_loss":0},{"damage_healed":0,"gold_gain":0,"player_choice":"Entered Light","damage_taken":14,"max_hp_gain":0,"max_hp_loss":0,"event_name":"Shining Light","floor":10,"gold_loss":0,"cards_upgraded":["Strike_P","Crescendo"]},{"damage_healed":0,"gold_gain":0,"player_choice":"Gave Potion","damage_taken":0,"relics_obtained":["CaptainsWheel"],"max_hp_gain":0,"max_hp_loss":0,"event_name":"WeMeetAgain","floor":13,"gold_loss":0},{"damage_healed":0,"gold_gain":100,"player_choice":"Pray","damage_taken":0,"max_hp_gain":0,"max_hp_loss":0,"event_name":"Golden Shrine","floor":21,"gold_loss":0}],"is_beta":false,"boss_relics":[{"not_picked":["SlaversCollar","Cursed Key"],"picked":"Black Star"}],"items_purged_floors":[4],"is_endless":false,"potions_floor_spawned":[3,12,14,16,19],"killed_by":"Book of Stabbing","ascension_level":9}}