{"host":"Jedit","time":1613171631,"event":{"mods":["BaseMod","Minty Spire (QoL Compilation)","Relic Stats","StSLib"],"gold_per_floor":[118,136,155,155,167,167,186,186,186],"floor_reached":8,"language":"ENG","playtime":273,"items_purged":[],"score":100,"play_id":"6e3664c8-cf42-40a5-ad74-41f6f5c4fbbe","local_time":"20210212231351","is_ascension_mode":true,"campfire_choices":[{"data":"BowlingBash","floor":6,"key":"SMITH"}],"circlet_count":0,"master_deck":["AscendersBane","Strike_P","Strike_P","Strike_P","Strike_P","Defend_P","Defend_P","Defend_P","Eruption","Vigilance","BowlingBash+1","Evaluate","ClearTheMind","EmptyFist","FearNoEvil"],"relics":["Runic Dome"],"acts_visited":["Exordium"],"potions_floor_usage":[8],"damage_taken":[{"damage":0,"enemies":"2 Louse","floor":1,"turns":4},{"damage":0,"enemies":"Small Slimes","floor":2,"turns":3},{"damage":0,"enemies":"Cultist","floor":3,"turns":4},{"damage":23,"enemies":"Gremlin Gang","floor":5,"turns":4},{"damage":3,"enemies":"Exordium Wildlife","floor":7,"turns":3},{"damage":42,"enemies":"Gremlin Nob","floor":8,"turns":4}],"seed_played":"-4828016307798802200","potions_obtained":[{"floor":7,"key":"Block Potion"}],"is_trial":false,"path_per_floor":["M","M","M","?","M","R","M","E"],"character_chosen":"WATCHER","items_purchased":[],"campfire_rested":0,"item_purchase_floors":[],"current_hp_per_floor":[61,61,61,54,31,31,28,0,0],"gold":186,"neow_bonus":"BOSS_RELIC","is_daily":false,"chose_seed":false,"campfire_upgraded":1,"win_rate":0.0,"timestamp":1613171631,"path_taken":["M","M","M","?","M","R","M","E"],"items_purchased_type":[],"build_version":"2020-12-18","purchased_purges":0,"victory":false,"max_hp_per_floor":[68,68,68,68,68,68,68,68,68],"relic_stats":{"counters":[6,22],"obtain_stats":[{"Runic Dome":0,"PureWater":0},{"Runic Dome":0,"PureWater":0},{"Runic Dome":0,"PureWater":0}]},"card_choices":[{"not_picked":["FollowUp","SandsOfTime"],"picked":"BowlingBash","floor":1},{"not_picked":["FlyingSleeves","ThirdEye"],"picked":"Evaluate","floor":2},{"not_picked":["WreathOfFlame","Collect"],"picked":"ClearTheMind","floor":3},{"not_picked":["PathToVictory","JustLucky"],"picked":"EmptyFist","floor":5},{"not_picked":["Weave","LikeWater"],"picked":"FearNoEvil","floor":7}],"player_experience":3481301,"relics_obtained":[],"event_choices":[{"cards_removed":["Defend_P"],"damage_healed":0,"gold_gain":0,"player_choice":"Card Removal","damage_taken":7,"max_hp_gain":0,"max_hp_loss":0,"event_name":"Golden Wing","floor":4,"gold_loss":0}],"is_beta":true,"boss_relics":[],"items_purged_floors":[],"is_endless":false,"potions_floor_spawned":[7],"killed_by":"Gremlin Nob","ascension_level":20}}