{"host":"5hsgormuu0lj4iiq","time":1613092164,"event":{"mods":["AchievementEnabler","BaseMod","Colored Map","Colored Powertips","Minty Spire (QoL Compilation)","Quick Restart","Relic Stats","SuperFastMode","everything is the same but u backflip on backflip","slay the spire mod where everything is the same but ironclad has a cowboy hat"],"gold_per_floor":[109,109,109,37,212,247,247,263,341,361,361,381,412,433,433,554,554,570,570,485,137,62,95,95,134,134,134,134],"floor_reached":27,"language":"ENG","playtime":601,"items_purged":["Strike_G"],"score":409,"play_id":"eddfe457-c3f8-4df4-803a-87176169bc62","local_time":"20210211200924","is_ascension_mode":true,"campfire_choices":[{"data":"Bouncing Flask","floor":7,"key":"SMITH"},{"floor":15,"key":"REST"},{"data":"Crippling Poison","floor":24,"key":"SMITH"}],"circlet_count":0,"master_deck":["Strike_G","Strike_G","Strike_G","Defend_G","Defend_G","Defend_G","Defend_G","Survivor","Neutralize","Quick Slash","Bouncing Flask+1","Doubt","Backflip","Blade Dance","Cloak And Dagger","Quick Slash","Crippling Poison+1","Blade Dance","Glass Knife","Backstab+1","Deadly Poison","Accuracy","Dagger Spray","Catalyst+1","Leg Sweep"],"relics":["Ring of the Snake","NeowsBlessing","Golden Idol","Kunai","Mercury Hourglass","Eternal Feather","Sozu","Nilry\u0027s Codex","CaptainsWheel","Akabeko","Pear","Regal Pillow","Bronze Scales"],"acts_visited":["Exordium","TheCity"],"potions_floor_usage":[25,27],"damage_taken":[{"damage":0,"enemies":"2 Louse","floor":1,"turns":1},{"damage":0,"enemies":"Lagavulin","floor":6,"turns":1},{"damage":0,"enemies":"Jaw Worm","floor":8,"turns":1},{"damage":2,"enemies":"Small Slimes","floor":10,"turns":3},{"damage":7,"enemies":"2 Fungi Beasts","floor":12,"turns":3},{"damage":27,"enemies":"Gremlin Nob","floor":13,"turns":5},{"damage":9,"enemies":"Exordium Wildlife","floor":14,"turns":4},{"damage":17,"enemies":"Slime Boss","floor":16,"turns":12},{"damage":0,"enemies":"3 Byrds","floor":18,"turns":4},{"damage":35,"enemies":"Book of Stabbing","floor":23,"turns":5},{"damage":21,"enemies":"Slavers","floor":25,"turns":4},{"damage":17,"enemies":"Book of Stabbing","floor":27,"turns":5}],"seed_played":"-849340482117438072","potions_obtained":[{"floor":6,"key":"SpeedPotion"},{"floor":13,"key":"Poison Potion"}],"is_trial":false,"path_per_floor":["M","?","?","$","?","E","R","M","T","M","?","M","E","M","R","B",null,"M","?","?","$","?","E","R","E","T","E"],"character_chosen":"THE_SILENT","items_purchased":["Bouncing Flask","Deadly Poison","Akabeko","Accuracy","Dagger Spray"],"campfire_rested":1,"item_purchase_floors":[4,21,21,21,21],"current_hp_per_floor":[63,63,68,68,68,68,68,68,68,66,59,52,25,16,49,32,61,61,45,45,45,45,20,32,11,11,0,0],"gold":134,"neow_bonus":"THREE_ENEMY_KILL","is_daily":false,"chose_seed":false,"campfire_upgraded":2,"win_rate":0.0,"timestamp":1613092164,"path_taken":["M","?","?","$","?","E","R","M","T","?","?","M","E","M","R","BOSS","M","?","?","$","?","E","R","E","T","E"],"items_purchased_type":["Card","Card","Relic","Card","Card"],"build_version":"2020-12-22","purchased_purges":1,"victory":false,"max_hp_per_floor":[70,65,70,70,70,70,70,70,70,70,70,70,70,70,70,70,70,70,70,70,70,70,80,80,80,80,80,80],"relic_stats":{"Sozu":1,"Regal Pillow":0,"counters":[12,46],"Golden Idol":70,"Bronze Scales":[30],"Eternal Feather":24,"Kunai":[25],"obtain_stats":[{"Regal Pillow":25,"Pear":23,"NeowsBlessing":0,"Golden Idol":2,"Nilry\u0027s Codex":19,"Eternal Feather":13,"Akabeko":21,"Mercury Hourglass":9,"Sozu":17,"CaptainsWheel":20,"Bronze Scales":26,"Kunai":6,"Ring of the Snake":0},{"Regal Pillow":11,"Pear":10,"NeowsBlessing":0,"Golden Idol":1,"Nilry\u0027s Codex":9,"Eternal Feather":6,"Akabeko":9,"Mercury Hourglass":3,"Sozu":8,"CaptainsWheel":9,"Bronze Scales":11,"Kunai":2,"Ring of the Snake":0},{"Regal Pillow":41,"Pear":37,"NeowsBlessing":0,"Golden Idol":1,"Nilry\u0027s Codex":32,"Eternal Feather":13,"Akabeko":32,"Mercury Hourglass":3,"Sozu":29,"CaptainsWheel":32,"Bronze Scales":41,"Kunai":2,"Ring of the Snake":0}],"Ring of the Snake":[24],"Mercury Hourglass":[198]},"card_choices":[{"not_picked":["Bane","All Out Attack"],"picked":"Quick Slash","floor":1},{"not_picked":["Slice","Skewer"],"picked":"Backflip","floor":6},{"not_picked":["Choke","Wraith Form v2"],"picked":"Blade Dance","floor":8},{"not_picked":["Tactician","Accuracy"],"picked":"Cloak And Dagger","floor":10},{"not_picked":["Finisher","Outmaneuver"],"picked":"Quick Slash","floor":12},{"not_picked":["Finisher","Sucker Punch"],"picked":"Crippling Poison","floor":13},{"not_picked":["Backstab","Dodge and Roll"],"picked":"Blade Dance","floor":14},{"not_picked":["Burst","Wraith Form v2"],"picked":"Glass Knife","floor":16},{"not_picked":["Deadly Poison","Bane"],"picked":"Backstab+1","floor":18},{"not_picked":["Flying Knee","Deadly Poison"],"picked":"Catalyst+1","floor":23},{"not_picked":["Choke","Underhanded Strike"],"picked":"Leg Sweep","floor":25}],"player_experience":732570,"relics_obtained":[{"floor":6,"key":"Kunai"},{"floor":9,"key":"Mercury Hourglass"},{"floor":13,"key":"Eternal Feather"},{"floor":19,"key":"Nilry\u0027s Codex"},{"floor":23,"key":"Pear"},{"floor":25,"key":"Regal Pillow"},{"floor":26,"key":"Bronze Scales"}],"event_choices":[{"damage_healed":0,"gold_gain":0,"player_choice":"Lose Max HP","damage_taken":0,"relics_obtained":["Golden Idol"],"max_hp_gain":0,"max_hp_loss":5,"event_name":"Golden Idol","floor":2,"gold_loss":0},{"damage_healed":0,"gold_gain":0,"player_choice":"Donut","damage_taken":0,"max_hp_gain":5,"max_hp_loss":0,"event_name":"Big Fish","floor":3,"gold_loss":0},{"damage_healed":0,"gold_gain":175,"player_choice":"AGREE","damage_taken":0,"max_hp_gain":0,"max_hp_loss":0,"event_name":"Liars Game","floor":5,"gold_loss":0,"cards_obtained":["Doubt"]},{"cards_removed":["Strike_G"],"damage_healed":0,"gold_gain":0,"player_choice":"Card Removal","damage_taken":7,"max_hp_gain":0,"max_hp_loss":0,"event_name":"Golden Wing","floor":11,"gold_loss":0},{"damage_healed":0,"gold_gain":0,"player_choice":"Obtained Book","damage_taken":16,"max_hp_gain":0,"max_hp_loss":0,"event_name":"Cursed Tome","floor":19,"gold_loss":0},{"damage_healed":0,"gold_gain":0,"player_choice":"Obtained Relic","damage_taken":0,"relics_obtained":["CaptainsWheel"],"max_hp_gain":0,"max_hp_loss":0,"event_name":"Addict","floor":20,"gold_loss":85},{"cards_removed":["Defend_G"],"damage_healed":0,"gold_gain":0,"player_choice":"Gave Gold","damage_taken":0,"max_hp_gain":0,"max_hp_loss":0,"event_name":"Beggar","floor":22,"gold_loss":75}],"is_beta":false,"boss_relics":[{"not_picked":["HoveringKite","Runic Dome"],"picked":"Sozu"}],"items_purged_floors":[21],"is_endless":false,"potions_floor_spawned":[6,13,25],"killed_by":"Book of Stabbing","ascension_level":9}}