{"host":"jqkewjmybebgw3gd","time":1613134316,"event":{"mods":["AchievementEnabler","BaseMod","Colored Map","DeckTracker","Keyboard Shortcuts","Minty Spire (QoL Compilation)","StSLib","SuperFastMode"],"gold_per_floor":[109,123,139,64,37,37,70,70,70,84,84,98,98,98,98,202,202,218,218,218,118,129,163,163,193,193,193,64,80,80,93,93,189,189,204,220,234,254,304,304,304],"floor_reached":40,"language":"KOR","playtime":1971,"items_purged":["Strike_B","Strike_B"],"score":447,"play_id":"a34fe177-7f8c-4bd1-a757-65885550b089","local_time":"20210212215156","is_ascension_mode":true,"campfire_choices":[{"floor":6.0,"key":"REST"},{"data":"Dualcast","floor":8.0,"key":"SMITH"},{"floor":11.0,"key":"DIG"},{"floor":15.0,"key":"DIG"},{"floor":24.0,"key":"REST"},{"floor":27.0,"key":"REST"},{"floor":30.0,"key":"DIG"},{"floor":32,"key":"RECALL"}],"circlet_count":0,"master_deck":["Strike_B","Defend_B","Defend_B+1","Zap","Dualcast+1","Lockon","Consume","Melter","Leap+1","Steam","Biased Cognition","Chill","Seek","Turbo","Tempest","Coolheaded","Stack+1","Capacitor","Core Surge+1","Electrodynamics+1","Static Discharge+1","Tempest","Cold Snap+1","Ball Lightning+1"],"relics":["Cracked Core","Shovel","Du-Vu Doll","Anchor","War Paint","Black Star","Sundial","Eternal Feather","Tiny Chest","Orichalcum","Vajra","Molten Egg 2","FossilizedHelix","Empty Cage","Torii"],"acts_visited":["Exordium","TheCity","TheBeyond"],"potions_floor_usage":[33,39,40],"damage_taken":[{"damage":1.0,"enemies":"Cultist","floor":1.0,"turns":3.0},{"damage":10.0,"enemies":"Small Slimes","floor":2.0,"turns":2.0},{"damage":6.0,"enemies":"Jaw Worm","floor":3.0,"turns":2.0},{"damage":19.0,"enemies":"Gremlin Nob","floor":7.0,"turns":4.0},{"damage":2.0,"enemies":"Large Slime","floor":10.0,"turns":3.0},{"damage":1.0,"enemies":"Lots of Slimes","floor":12.0,"turns":4.0},{"damage":22.0,"enemies":"Hexaghost","floor":16.0,"turns":8.0},{"damage":13.0,"enemies":"Shell Parasite","floor":18.0,"turns":7.0},{"damage":0.0,"enemies":"Chosen","floor":22.0,"turns":4.0},{"damage":28.0,"enemies":"Book of Stabbing","floor":23.0,"turns":6.0},{"damage":44.0,"enemies":"Slavers","floor":25.0,"turns":14.0},{"damage":2.0,"enemies":"Sentry and Sphere","floor":29.0,"turns":4.0},{"damage":0,"enemies":"Centurion and Healer","floor":31,"turns":6},{"damage":15,"enemies":"Collector","floor":33,"turns":7},{"damage":7,"enemies":"Orb Walker","floor":35,"turns":4},{"damage":8,"enemies":"3 Darklings","floor":36,"turns":5},{"damage":22,"enemies":"Jaw Worm Horde","floor":37,"turns":4},{"damage":19,"enemies":"Sphere and 2 Shapes","floor":38,"turns":4},{"damage":6,"enemies":"Mind Bloom Boss Battle","floor":39,"turns":5},{"damage":27,"enemies":"Giant Head","floor":40,"turns":6}],"seed_played":"3911012450730184195","potions_obtained":[{"floor":1.0,"key":"Strength Potion"},{"floor":2.0,"key":"CultistPotion"},{"floor":3.0,"key":"EntropicBrew"},{"floor":10.0,"key":"FocusPotion"},{"floor":18.0,"key":"CultistPotion"},{"floor":23.0,"key":"EntropicBrew"},{"floor":29.0,"key":"Block Potion"},{"floor":38,"key":"Dexterity Potion"}],"is_trial":false,"path_per_floor":["M","M","M","$","$","R","E","R","T","M","R","M","?","?","R","B",null,"M","?","?","$","M","E","R","E","T","R","$","M","R","M","R","B",null,"M","M","M","M","?","E"],"character_chosen":"DEFECT","items_purchased":["Leap","Tempest","Coolheaded"],"campfire_rested":3,"item_purchase_floors":[5,28,28],"current_hp_per_floor":[53,43,37,37,37,59,40,40,40,38,38,37,62,62,62,40,75,62,48,48,48,48,20,53,9,9,42,42,40,49,49,61,46,80,73,65,43,24,18,0,0],"gold":304,"neow_bonus":"ONE_RARE_RELIC","is_daily":false,"chose_seed":false,"campfire_upgraded":1,"win_rate":0.0,"timestamp":1613134316,"path_taken":["M","M","M","?","$","R","E","R","T","M","R","?","?","?","R","BOSS","M","?","?","$","M","E","R","E","T","R","$","M","R","M","R","BOSS","M","M","M","?","?","E"],"items_purchased_type":["Card","Card","Card"],"build_version":"2020-12-22","purchased_purges":2,"victory":false,"max_hp_per_floor":[75,75,75,75,75,75,75,75,75,75,75,75,75,75,75,75,75,75,80,80,80,80,80,80,80,80,80,80,80,80,80,80,80,80,80,80,80,80,80,80,80],"card_choices":[{"not_picked":["Storm","Barrage"],"picked":"Lockon","floor":1.0},{"not_picked":["Stack","Coolheaded"],"picked":"Consume","floor":2.0},{"not_picked":["Compile Driver","Steam"],"picked":"Melter","floor":3.0},{"not_picked":["Skim","Scrape","Compile Driver"],"picked":"SKIP","floor":7.0},{"not_picked":["Blizzard","Rebound"],"picked":"Steam","floor":10.0},{"not_picked":["Go for the Eyes","Barrage","Consume"],"picked":"SKIP","floor":12.0},{"not_picked":["Buffer","Amplify"],"picked":"Biased Cognition","floor":16.0},{"not_picked":["Redo+1","Compile Driver"],"picked":"Chill","floor":18.0},{"not_picked":["Heatsinks","Barrage","Streamline"],"picked":"SKIP","floor":22.0},{"not_picked":["Consume","Barrage+1"],"picked":"Seek","floor":23.0},{"not_picked":["Stack","Sunder"],"picked":"Turbo","floor":25.0},{"not_picked":["Auto Shields","Recycle"],"picked":"Stack+1","floor":29.0},{"not_picked":["Rip and Tear+1","Streamline+1"],"picked":"Capacitor","floor":31},{"not_picked":["Streamline+1","Gash+1","Stack"],"picked":"SKIP","floor":35},{"not_picked":["Conserve Battery+1","Loop+1"],"picked":"Static Discharge+1","floor":36},{"not_picked":["Compile Driver+1","Force Field+1"],"picked":"Tempest","floor":37},{"not_picked":["Compile Driver+1","Sweeping Beam+1"],"picked":"Cold Snap+1","floor":38},{"not_picked":["Tempest+1","Stack+1"],"picked":"Ball Lightning+1","floor":39}],"player_experience":527709,"relics_obtained":[{"floor":7.0,"key":"Du-Vu Doll"},{"floor":11.0,"key":"Anchor"},{"floor":15.0,"key":"War Paint"},{"floor":20.0,"key":"Sundial"},{"floor":23.0,"key":"Eternal Feather"},{"floor":23.0,"key":"Tiny Chest"},{"floor":25.0,"key":"Orichalcum"},{"floor":25.0,"key":"Vajra"},{"floor":26.0,"key":"Molten Egg 2"},{"floor":30.0,"key":"FossilizedHelix"},{"floor":39,"key":"Torii"}],"event_choices":[{"damage_healed":25.0,"max_hp_gain":0.0,"max_hp_loss":0.0,"gold_gain":0.0,"event_name":"Big Fish","player_choice":"Banana","floor":13.0,"gold_loss":0.0,"damage_taken":0.0},{"cards_removed":["Strike_B"],"damage_healed":0.0,"max_hp_gain":0.0,"max_hp_loss":0.0,"gold_gain":0.0,"event_name":"Living Wall","player_choice":"Forget","floor":14.0,"gold_loss":0.0,"damage_taken":0.0},{"damage_healed":0.0,"max_hp_gain":5.0,"max_hp_loss":0.0,"gold_gain":0.0,"event_name":"Forgotten Altar","player_choice":"Shed Blood","floor":19.0,"gold_loss":0.0,"damage_taken":19.0},{"damage_healed":0.0,"max_hp_gain":0.0,"max_hp_loss":0.0,"gold_gain":0.0,"event_name":"Wheel of Change","player_choice":"Relic","floor":20.0,"gold_loss":0.0,"damage_taken":0.0},{"damage_healed":0,"gold_gain":0,"player_choice":"Fight","damage_taken":0,"max_hp_gain":0,"max_hp_loss":0,"event_name":"MindBloom","floor":39,"gold_loss":0}],"is_beta":false,"boss_relics":[{"not_picked":["FrozenCore","Sozu"],"picked":"Black Star"},{"not_picked":["Philosopher\u0027s Stone","Runic Dome"],"picked":"Empty Cage"}],"items_purged_floors":[4,21],"is_endless":false,"potions_floor_spawned":[1,2,3,10,18,23,29,31,38],"killed_by":"Giant Head","ascension_level":1}}