{"host":"4gr5irrdjh39ysed","time":1613094209,"event":{"mods":["AchievementEnabler","BaseMod","Colored Map","Downfall","Hermit","Minty Spire (QoL Compilation)","Random Character Button","StSLib","The Construct","The Cursed","The Disciple","The Hierophant","The Mystic","The Necromancer","The Runesmith"],"gold_per_floor":[116,116,133,6,17,43,43,62,362,387,387,399,399,417,417,495,495,513,90,107,117,117,117,117,136,212,222,257,37,66,85,85,164,164,176,187,37,0,18,46,64,64,64,90,47,67,81,97,97,97,97],"floor_reached":52,"language":"ENG","playtime":2824,"items_purged":["Pain","Defend_G","Defend_G","Defend_G"],"score":1986,"play_id":"2a8d4c8a-2553-4829-a2b6-a6bbc105a06d","local_time":"20210211184329","is_ascension_mode":true,"campfire_choices":[{"floor":7,"key":"RECALL"},{"data":"Die Die Die","floor":11,"key":"SMITH"},{"data":"Blade Dance","floor":15,"key":"SMITH"},{"floor":23,"key":"REST"},{"floor":32,"key":"REST"},{"floor":49,"key":"REST"}],"circlet_count":0,"master_deck":["AscendersBane","Strike_G","Strike_G","Strike_G","Strike_G","Strike_G","Defend_G","Defend_G","Survivor","Neutralize","Bouncing Flask","Blade Dance+1","Blade Dance","Slice","Die Die Die+1","Noxious Fumes","Flechettes","Cloak And Dagger","Noxious Fumes","Venomology","Flying Knee","Corpse Explosion","Terror","Accuracy","Bane","J.A.X.","Ghostly","Ghostly","Ghostly","Terror","Caltrops","Enlightenment","Setup","Dagger Spray","Phantasmal Killer","Catalyst","Tactician","Predator","Die Die Die","Catalyst","Poisoned Stab+1","Tactician","Dagger Throw+1"],"relics":["Ring of the Snake","NeowsBlessing","WarpedTongs","Turnip","Old Coin","Gambling Chip","Pocketwatch","Fusion Hammer","Letter Opener","Slimebound:StickyStick","Dream Catcher","construct:WeddingRing","Red Mask","Strawberry","Boot","Paper Crane"],"acts_visited":["Exordium","TheCity","TheBeyond"],"potions_floor_usage":[10,16,16,16,18,21,21,25,25,28,30,31,33,33,35,39,40,41,41,44,47,47,48,48,50,50,51],"damage_taken":[{"damage":0,"enemies":"Small Slimes","floor":1,"turns":1},{"damage":1,"enemies":"Cultist","floor":3,"turns":1},{"damage":0,"enemies":"Jaw Worm","floor":5,"turns":1},{"damage":21,"enemies":"Gremlin Nob","floor":6,"turns":4},{"damage":21,"enemies":"Exordium Wildlife","floor":8,"turns":3},{"damage":15,"enemies":"3 Sentries","floor":10,"turns":4},{"damage":0,"enemies":"2 Fungi Beasts","floor":12,"turns":1},{"damage":0,"enemies":"Lots of Slimes","floor":14,"turns":1},{"damage":768,"enemies":"Hexaghost","floor":16,"turns":8},{"damage":24,"enemies":"Shell Parasite","floor":18,"turns":4},{"damage":12,"enemies":"Chosen","floor":20,"turns":3},{"damage":24,"enemies":"Snake Plant","floor":21,"turns":3},{"damage":61,"enemies":"Cultist and Chosen","floor":25,"turns":5},{"damage":12,"enemies":"Centurion and Healer","floor":27,"turns":4},{"damage":27,"enemies":"Slavers","floor":28,"turns":4},{"damage":45,"enemies":"Gremlin Leader","floor":30,"turns":6},{"damage":27,"enemies":"Snake Plant","floor":31,"turns":2},{"damage":33,"enemies":"Collector","floor":33,"turns":9},{"damage":4,"enemies":"3 Darklings","floor":35,"turns":4},{"damage":1,"enemies":"Orb Walker","floor":36,"turns":3},{"damage":28,"enemies":"Spire Growth","floor":39,"turns":4},{"damage":102,"enemies":"Reptomancer","floor":40,"turns":6},{"damage":67,"enemies":"Transient","floor":41,"turns":6},{"damage":39,"enemies":"Nemesis","floor":44,"turns":4},{"damage":22,"enemies":"4 Shapes","floor":46,"turns":3},{"damage":60,"enemies":"Sphere and 2 Shapes","floor":47,"turns":4},{"damage":1,"enemies":"Writhing Mass","floor":48,"turns":3},{"damage":246,"enemies":"Awakened One","floor":50,"turns":11},{"damage":91,"enemies":"Donu and Deca","floor":51,"turns":7}],"seed_played":"-832954445475569454","potions_obtained":[{"floor":1,"key":"Strength Potion"},{"floor":8,"key":"hexamod:SoulburnPotion"},{"floor":10,"key":"hexamod:SoulburnPotion"},{"floor":14,"key":"EntropicBrew"},{"floor":16,"key":"EntropicBrew"},{"floor":27,"key":"SneckoOil"},{"floor":30,"key":"DuplicationPotion"},{"floor":31,"key":"hexamod:SoulburnPotion"},{"floor":40,"key":"champ:CounterPotion"},{"floor":41,"key":"Weak Potion"},{"floor":47,"key":"GhostInAJar"},{"floor":48,"key":"sneckomod:MuddlingPotion"}],"is_trial":false,"path_per_floor":["M","?","M","$","M","E","R","M","T","E","R","M","?","M","R","B",null,"M","$","M","M","?","R","?","M","T","M","E","$","E","M","R","B",null,"M","M","$","?","M","E","M","?","T","E","$","M","M","M","R","B","B",null],"character_chosen":"THE_SILENT","items_purchased":["Blade Dance","Corpse Explosion","Terror","Accuracy","Enlightenment","Catalyst"],"campfire_rested":3,"item_purchase_floors":[4,19,19,19,29,45],"current_hp_per_floor":[2059,2059,2058,2058,2058,2037,2037,2016,2016,2001,2001,2001,1996,1996,1996,1228,1857,1833,1833,1821,1797,1797,2066,1033,972,972,960,933,933,888,861,1033,1000,1025,1021,1020,1020,1020,992,897,830,830,830,791,791,769,721,720,1032,786,695],"gold":97,"neow_bonus":"THREE_ENEMY_KILL","is_daily":false,"chose_seed":false,"campfire_upgraded":2,"win_rate":0.0,"timestamp":1613094209,"path_taken":["M","?","M","?","M","E","R","M","T","E","R","M","?","M","R","BOSS","M","$","M","M","?","R","?","M","T","M","E","?","E","M","R","BOSS","M","M","$","?","M","E","M","?","T","E","$","?","M","M","R","BOSS","BOSS"],"items_purchased_type":["Card","Card","Card","Card","Card","Card"],"build_version":"2020-12-22","purchased_purges":4,"victory":true,"max_hp_per_floor":[2066,2066,2066,2066,2066,2066,2066,2066,2066,2066,2066,2066,2066,2066,2066,2066,2066,2066,2066,2066,2066,2066,2066,1033,1033,1033,1033,1033,1033,1033,1033,1033,1033,1033,1033,1033,1033,1033,1033,1040,1040,1040,1040,1040,1040,1040,1040,1040,1040,1040,1040],"card_choices":[{"not_picked":["Prepared","Crippling Poison"],"picked":"Bouncing Flask","floor":1},{"not_picked":["Masterful Stab","Dodge and Roll"],"picked":"Blade Dance","floor":3},{"not_picked":["Prepared","Deflect"],"picked":"Slice","floor":5},{"not_picked":["Cloak And Dagger","Backstab"],"picked":"Die Die Die","floor":6},{"not_picked":["Blur","PiercingWail"],"picked":"Noxious Fumes","floor":8},{"not_picked":["Escape Plan","Prepared"],"picked":"Flechettes","floor":10},{"not_picked":["Heel Hook","Quick Slash"],"picked":"Cloak And Dagger","floor":12},{"not_picked":["Backflip","Deflect"],"picked":"Noxious Fumes","floor":14},{"not_picked":["Wraith Form v2","Malaise"],"picked":"Venomology","floor":16},{"not_picked":["Quick Slash","Dagger Throw"],"picked":"Flying Knee","floor":18},{"not_picked":["Cloak And Dagger","Deflect","Footwork"],"picked":"SKIP","floor":20},{"not_picked":["Dagger Throw","Footwork"],"picked":"Bane","floor":21},{"not_picked":["Prepared","Slice"],"picked":"Terror","floor":25},{"not_picked":["Malaise","Blade Dance","Flying Knee"],"picked":"SKIP","floor":27},{"not_picked":["Sucker Punch","Poisoned Stab"],"picked":"Caltrops","floor":28},{"not_picked":["Backflip","Outmaneuver"],"picked":"Setup","floor":30},{"not_picked":["Bane","Prepared","Sucker Punch"],"picked":"SKIP","floor":31},{"not_picked":["Underhanded Strike","Outmaneuver"],"picked":"Dagger Spray","floor":32},{"not_picked":["A Thousand Cuts","Night Terror"],"picked":"Phantasmal Killer","floor":33},{"not_picked":["Dagger Spray","Prepared+1"],"picked":"Catalyst","floor":35},{"not_picked":["Concentrate+1","Slice","Blade Dance"],"picked":"SKIP","floor":36},{"not_picked":["Sucker Punch","Well Laid Plans+1"],"picked":"Tactician","floor":39},{"not_picked":["Dagger Throw","Footwork"],"picked":"Predator","floor":40},{"not_picked":["Deadly Poison","Heel Hook","PiercingWail"],"picked":"SKIP","floor":41},{"not_picked":["Outmaneuver","Leg Sweep"],"picked":"Die Die Die","floor":44},{"not_picked":["Prepared+1","Deadly Poison"],"picked":"Poisoned Stab+1","floor":46},{"not_picked":["Leg Sweep+1","Blade Dance"],"picked":"Tactician","floor":47},{"not_picked":["PiercingWail","Prepared"],"picked":"Dagger Throw+1","floor":48}],"player_experience":352232,"relics_obtained":[{"floor":6,"key":"Turnip"},{"floor":9,"key":"Old Coin"},{"floor":10,"key":"Gambling Chip"},{"floor":26,"key":"Letter Opener"},{"floor":28,"key":"Slimebound:StickyStick"},{"floor":30,"key":"Dream Catcher"},{"floor":40,"key":"Strawberry"},{"floor":43,"key":"Boot"},{"floor":44,"key":"Paper Crane"}],"event_choices":[{"damage_healed":0,"gold_gain":0,"player_choice":"Rummage","damage_taken":0,"relics_obtained":["WarpedTongs"],"max_hp_gain":0,"max_hp_loss":0,"event_name":"Accursed Blacksmith","floor":2,"gold_loss":0,"cards_obtained":["Pain"]},{"damage_healed":0,"gold_gain":0,"player_choice":"Success","damage_taken":5,"relics_obtained":["Pocketwatch"],"max_hp_gain":0,"max_hp_loss":0,"event_name":"Scrap Ooze","floor":13,"gold_loss":0},{"damage_healed":0,"gold_gain":0,"player_choice":"Obtain J.A.X.","damage_taken":0,"max_hp_gain":0,"max_hp_loss":0,"event_name":"Drug Dealer","floor":22,"gold_loss":0,"cards_obtained":["J.A.X."]},{"damage_healed":0,"gold_gain":0,"player_choice":"Became a Ghost","damage_taken":0,"max_hp_gain":0,"max_hp_loss":1033,"event_name":"Ghosts","floor":24,"gold_loss":0,"cards_obtained":["Ghostly","Ghostly","Ghostly"]},{"damage_healed":0,"gold_gain":0,"player_choice":"Paid","damage_taken":0,"relics_obtained":["Red Mask"],"max_hp_gain":0,"max_hp_loss":0,"event_name":"Tomb of Lord Red Mask","floor":38,"gold_loss":37},{"damage_healed":0,"gold_gain":0,"player_choice":"Ignored","damage_taken":0,"max_hp_gain":0,"max_hp_loss":0,"event_name":"WeMeetAgain","floor":42,"gold_loss":0}],"is_beta":false,"boss_relics":[{"not_picked":["construct:ClawGrip","Pandora\u0027s Box"],"picked":"Fusion Hammer"},{"not_picked":["Velvet Choker","Tiny House"],"picked":"construct:WeddingRing"}],"items_purged_floors":[4,19,29,37],"is_endless":false,"potions_floor_spawned":[1,8,10,14,16,20,27,30,31,40,41,47,48],"ascension_level":20}}