{"host":"bf5upntvbdompq33","time":1613106230,"event":{"mods":["BaseMod","Colored Map","Colored Powertips","Curses Come First","Minty Spire (QoL Compilation)","StSLib","The Dragon Tamer","The Hierophant","The Marked","The Mystic","The Servant 0.9.4"],"gold_per_floor":[117,134,134,134,37,37,67,67,67,86,106,106,126,154,154,154,154],"floor_reached":16,"language":"ENG","playtime":630,"items_purged":[],"score":230,"play_id":"aa762c22-8c30-4438-8fb5-e9b3ff69709d","local_time":"20210211220350","is_ascension_mode":true,"campfire_choices":[{"data":"Bludgeon","floor":6,"key":"SMITH"},{"data":"Rupture","floor":12,"key":"SMITH"},{"floor":15,"key":"REST"}],"circlet_count":0,"master_deck":["AscendersBane","Strike_R","Strike_R","Strike_R","Strike_R","Defend_R","Defend_R","Defend_R+1","Defend_R+1","Bash","Combust","Bludgeon+1","Spot Weakness","Headbutt","Battle Trance","Rupture+1","Shockwave","Inflame"],"relics":["Burning Blood","NeowsBlessing","Gambling Chip","Bag of Preparation","Shuriken","Bottled Lightning"],"acts_visited":["Exordium"],"potions_floor_usage":[14,14],"damage_taken":[{"damage":0,"enemies":"2 Louse","floor":1,"turns":1},{"damage":0,"enemies":"Small Slimes","floor":2,"turns":1},{"damage":0,"enemies":"3 Sentries","floor":7,"turns":1},{"damage":6,"enemies":"Jaw Worm","floor":10,"turns":3},{"damage":2,"enemies":"Large Slime","floor":11,"turns":3},{"damage":17,"enemies":"2 Fungi Beasts","floor":13,"turns":3},{"damage":19,"enemies":"Gremlin Nob","floor":14,"turns":4},{"damage":45,"enemies":"The Guardian","floor":16,"turns":8}],"seed_played":"3438176105601704682","potions_obtained":[{"floor":2,"key":"Block Potion"},{"floor":11,"key":"Explosive Potion"},{"floor":14,"key":"Ancient Potion"}],"is_trial":false,"path_per_floor":["M","M","?","?","$","R","E","?","T","M","M","R","M","E","R","B"],"character_chosen":"IRONCLAD","items_purchased":["Spot Weakness","Headbutt"],"campfire_rested":1,"item_purchase_floors":[5,5],"current_hp_per_floor":[74,75,60,42,42,42,48,41,41,41,45,45,34,21,43,0,0],"gold":154,"neow_bonus":"THREE_ENEMY_KILL","is_daily":false,"chose_seed":false,"campfire_upgraded":2,"win_rate":0.0,"timestamp":1613106230,"path_taken":["M","M","?","?","$","R","E","?","T","M","M","R","?","E","R","BOSS"],"items_purchased_type":["Card","Card"],"build_version":"2020-12-22","purchased_purges":0,"victory":false,"max_hp_per_floor":[75,75,75,75,75,75,75,75,75,75,75,75,75,75,75,75,75],"card_choices":[{"not_picked":["Flex","Clothesline"],"picked":"Combust","floor":1},{"not_picked":["Heavy Blade","Sword Boomerang"],"picked":"Bludgeon","floor":2},{"not_picked":["True Grit","Heavy Blade"],"picked":"Battle Trance","floor":7},{"not_picked":["Heavy Blade","Inflame"],"picked":"Rupture","floor":10},{"not_picked":["Entrench","Shrug It Off"],"picked":"Shockwave","floor":11},{"not_picked":["True Grit","Burning Pact","Blood for Blood"],"picked":"SKIP","floor":13},{"not_picked":["Barricade","Juggernaut"],"picked":"Inflame","floor":14}],"player_experience":1554523,"relics_obtained":[{"floor":7,"key":"Bag of Preparation"},{"floor":9,"key":"Shuriken"},{"floor":14,"key":"Bottled Lightning"}],"event_choices":[{"damage_healed":0,"gold_gain":0,"player_choice":"Entered Light","damage_taken":15,"max_hp_gain":0,"max_hp_loss":0,"event_name":"Shining Light","floor":3,"gold_loss":0,"cards_upgraded":["Defend_R","Defend_R"]},{"damage_healed":0,"gold_gain":0,"player_choice":"Success","damage_taken":18,"relics_obtained":["Gambling Chip"],"max_hp_gain":0,"max_hp_loss":0,"event_name":"Scrap Ooze","floor":4,"gold_loss":0},{"cards_removed":["Strike_R"],"damage_healed":0,"gold_gain":0,"player_choice":"Card Removal","damage_taken":7,"max_hp_gain":0,"max_hp_loss":0,"event_name":"Golden Wing","floor":8,"gold_loss":0}],"is_beta":false,"boss_relics":[],"items_purged_floors":[],"is_endless":false,"potions_floor_spawned":[2,11,13,14],"killed_by":"The Guardian","ascension_level":14}}