{"host":"fnndj664xgd3vavt","time":1613157710,"event":{"mods":["AchievementEnabler","BaseMod","Colored Powertips","DeckTracker","Downfall","Highlight Path","Infinite Spire","Marisa????????","Minty Spire (QoL Compilation)","Quick Restart","Random Character Button","Replay The Spire","StSLib","The Servant 0.9.4"],"gold_per_floor":[99,115,134,150,150,150,150,162,188,188,88,106,123,138,150,150,150,150],"floor_reached":16,"language":"ENG","playtime":635,"items_purged":[],"score":106,"play_id":"c70fa07f-3cc5-49c6-9f68-718e2e8e2600","local_time":"20210212142150","is_ascension_mode":false,"campfire_choices":[{"floor":1,"key":"DIG"},{"data":"hexamod:Firestarter","floor":6,"key":"SMITH"},{"floor":11,"key":"RECALL"}],"circlet_count":0,"master_deck":["hexamod:Strike","hexamod:Strike","hexamod:Strike","hexamod:Defend","hexamod:Defend","hexamod:Defend","hexamod:Defend","hexamod:Sear","hexamod:Float+1","hexamod:FirstSeal","hexamod:Firestarter+1","hexamod:HexaLevel","hexamod:Firestarter+1","hexamod:Incineration","hexamod:SpectralAdrenaline"],"relics":["hexamod:SpiritBrand","infinitespire:BottledMercury","Centennial Puzzle","downfall:HeartBlessingBlue"],"acts_visited":["Exordium"],"potions_floor_usage":[14],"damage_taken":[{"damage":0,"enemies":"Small Slimes","floor":2,"turns":3},{"damage":0,"enemies":"Cultist","floor":3,"turns":3},{"damage":6,"enemies":"Jaw Worm","floor":4,"turns":3},{"damage":7,"enemies":"Exordium Wildlife","floor":8,"turns":6},{"damage":21,"enemies":"Lagavulin","floor":9,"turns":6},{"damage":14,"enemies":"Exordium Thugs","floor":12,"turns":5},{"damage":4,"enemies":"2 Fungi Beasts","floor":13,"turns":3},{"damage":30,"enemies":"Exordium Thugs","floor":14,"turns":4},{"damage":13,"enemies":"Lots of Slimes","floor":15,"turns":3},{"damage":35,"enemies":"WA_ARCHETYPE_RETAIN","floor":16,"turns":4}],"seed_played":"-8829540609949505659","potions_obtained":[{"floor":8,"key":"LiquidBronze"},{"floor":12,"key":"Fire Potion"},{"floor":15,"key":"Swift Potion"}],"is_trial":false,"path_per_floor":["R","M","M","M","?","R","T","M","E","?","R","M","M","M","M","B"],"character_chosen":"THE_SPIRIT","items_purchased":[],"campfire_rested":0,"item_purchase_floors":[],"current_hp_per_floor":[70,70,70,70,70,70,70,70,56,56,66,59,62,39,26,0,0,0],"gold":150,"neow_bonus":"UPGRADE_CARD","is_daily":false,"chose_seed":false,"campfire_upgraded":1,"win_rate":0.0,"timestamp":1613157710,"path_taken":["R","M","M","M","?","R","T","?","E","?","R","?","M","M","M","BOSS"],"items_purchased_type":[],"build_version":"2020-12-22","purchased_purges":0,"victory":false,"max_hp_per_floor":[70,70,70,70,70,70,70,70,70,70,80,80,80,80,80,80,80,80],"card_choices":[{"not_picked":["hexamod:DynamicBlow","hexamod:FastForward","hexamod:NightmareStrike"],"picked":"SKIP","floor":2},{"not_picked":["hexamod:PowerFromBeyond","hexamod:HeatMetal"],"picked":"hexamod:FirstSeal","floor":3},{"not_picked":["hexamod:AdvancingGuard","hexamod:SpectersWail"],"picked":"hexamod:Firestarter","floor":4},{"not_picked":["hexamod:Hexaguard","hexamod:NightmareStrike","hexamod:FirstSeal"],"picked":"SKIP","floor":8},{"not_picked":["hexamod:HeatShield","hexamod:SpectersWail"],"picked":"hexamod:HexaLevel","floor":9},{"not_picked":["hexamod:EtherealExpedition","hexamod:GhostLash"],"picked":"hexamod:Incineration","floor":12},{"not_picked":["hexamod:AdvancingGuard","hexamod:Haunt","hexamod:RetreatToShadows"],"picked":"SKIP","floor":13},{"not_picked":["hexamod:NightmareStrike","hexamod:ShieldOfDarkness"],"picked":"hexamod:SpectralAdrenaline","floor":14},{"not_picked":["hexamod:AdvancingGuard","hexamod:GhostOfSpireFuture","hexamod:Hexaguard"],"picked":"SKIP","floor":15}],"player_experience":310361,"relics_obtained":[{"floor":1,"key":"infinitespire:BottledMercury"},{"floor":9,"key":"Centennial Puzzle"}],"event_choices":[{"cards_removed":["hexamod:Strike"],"damage_healed":0,"gold_gain":0,"player_choice":"Offered Basic","damage_taken":0,"max_hp_gain":0,"max_hp_loss":0,"event_name":"Bonfire Elementals","floor":5,"gold_loss":0}],"is_beta":false,"boss_relics":[],"items_purged_floors":[],"is_endless":false,"potions_floor_spawned":[8,12,15],"killed_by":"WA_ARCHETYPE_RETAIN","ascension_level":0}}