{"host":"bbmxo8e8cdq8htg1","time":1613112955,"event":{"mods":["AchievementEnabler","BaseMod","Better Match","Better Third Choice","BetterRewards","Colored Powertips","DeckTracker","Dota2Spire","Mimic Mod","Minty Spire (QoL Compilation)","Permanent Neow","Quick Restart","Rare Cards Sparkle","Relic Stats","Replay The Spire","Shop Mod","Spicy Shops","StSLib","SuperFastMode","The Blue Laboratory","The Forsaken","The Jungle"],"gold_per_floor":[113,113,128,128,142,169,169,169,169],"floor_reached":8,"language":"ENG","playtime":254,"items_purged":[],"score":64,"play_id":"88a7755e-0c70-4a2d-b702-d46e335a059a","local_time":"20210212095555","is_ascension_mode":true,"campfire_choices":[{"floor":7,"key":"REST"}],"circlet_count":0,"master_deck":["Strike_R","Strike_R","Strike_R","Strike_R","Strike_R","Defend_R+1","Defend_R","Defend_R+1","Bash","Heavy Blade+1","Reaper"],"relics":["Burning Blood","Dota2Spire:PhaseBoots"],"acts_visited":["Exordium"],"potions_floor_usage":[6,8],"damage_taken":[{"damage":14,"enemies":"Jaw Worm","floor":1,"turns":3},{"damage":0,"enemies":"Small Slimes","floor":3,"turns":3},{"damage":2,"enemies":"2 Louse","floor":5,"turns":3},{"damage":54,"enemies":"3 Sentries","floor":6,"turns":8},{"damage":50,"enemies":"Lagavulin","floor":8,"turns":6}],"seed_played":"-3501767292278833111","potions_obtained":[{"floor":3,"key":"Elixir"},{"floor":6,"key":"AttackPotion"}],"is_trial":false,"path_per_floor":["M","?","M","?","M","E","R","E"],"character_chosen":"IRONCLAD","items_purchased":[],"campfire_rested":1,"item_purchase_floors":[],"current_hp_per_floor":[72,56,62,62,66,18,42,0,0],"gold":169,"neow_bonus":"REMOVE_CARD","is_daily":false,"chose_seed":false,"campfire_upgraded":0,"win_rate":0.0,"timestamp":1613112955,"path_taken":["M","?","M","?","M","E","R","E"],"items_purchased_type":[],"build_version":"2020-12-22","purchased_purges":0,"victory":false,"max_hp_per_floor":[80,80,80,80,80,80,80,80,80],"relic_stats":{"counters":[5,23],"obtain_stats":[{"Burning Blood":0,"Dota2Spire:PhaseBoots":6},{"Burning Blood":0,"Dota2Spire:PhaseBoots":4},{"Burning Blood":0,"Dota2Spire:PhaseBoots":17}],"Burning Blood":24},"card_choices":[{"not_picked":["Defy Death","Metallicize"],"picked":"Heavy Blade","floor":1},{"not_picked":["Warcry","Disarm","Rupture"],"picked":"SKIP","floor":3},{"not_picked":["Disarm","Twin Strike","Burning Pact"],"picked":"SKIP","floor":5},{"not_picked":["Sentinel","Life Link"],"picked":"Reaper","floor":6}],"player_experience":12622,"relics_obtained":[{"floor":6,"key":"Dota2Spire:PhaseBoots"}],"event_choices":[{"damage_healed":72,"gold_gain":0,"player_choice":"Upgrade","damage_taken":16,"max_hp_gain":0,"max_hp_loss":80,"event_name":"betterThird:BetterShining","floor":2,"gold_loss":0,"cards_upgraded":["Defend_R","Defend_R"]},{"damage_healed":0,"gold_gain":0,"player_choice":"Grow","damage_taken":0,"max_hp_gain":0,"max_hp_loss":0,"event_name":"Living Wall","floor":4,"gold_loss":0,"cards_upgraded":["Heavy Blade"]}],"is_beta":false,"boss_relics":[],"items_purged_floors":[],"is_endless":false,"potions_floor_spawned":[3,6],"killed_by":"Lagavulin","ascension_level":3}}