{"host":"dl909bjyolgrn2uw","time":1613169405,"event":{"mods":["2.2 Compatiblity","AlwaysNeverKeys","BaseMod","Bestiary","Better Altar","Better Note","Better Sensory Stone","Better Skull","Better Third Choice","Better Vampires","Better-Laid Plans","BetterRewards","Colored Powertips","Curses Come First","Disable Question Mark Monsters","Displayed Cursed Tome","Emptier Cage","Evolution","Minty Spire (QoL Compilation)","Morshu Shopkeeper","Permanent Neow","Quick Restart","Rare Cards Sparkle","Relic Stats","Shop Mod","Spicy Shops","StSLib","SuperFastMode","Transform Curses"],"gold_per_floor":[117,137,20,37,56,84,96,121,121,121,121,71,71,106,106,206,206,216,232,246,246,260,275,295,324,324,357,375,10,10,22,22,127,127,143,143,154,169,180,206,206,231,256,268,300,354,119,134,134,134,134,134,12,37,37],"floor_reached":56,"language":"ENG","playtime":4957,"items_purged":["Strike_B","Strike_B","Strike_B","Defend_B","Parasite"],"score":2666,"play_id":"e3e2f3c9-8397-4c38-9976-e9186b9276b8","local_time":"20210212163645","is_ascension_mode":true,"campfire_choices":[{"data":"Consume","floor":10,"key":"SMITH"},{"data":"Seek","floor":13,"key":"SMITH"},{"data":"Barrage","floor":15,"key":"SMITH"},{"floor":30,"key":"RECALL"},{"floor":32,"key":"REST"},{"floor":41,"key":"REST"},{"floor":49,"key":"REST"},{"floor":52,"key":"REST"}],"circlet_count":0,"master_deck":["AscendersBane","Defend_B","Defend_B","Zap","Dualcast","Barrage+1","Defragment+1","Rebound","Cold Snap","Seek+1","Self Repair+1","Capacitor+1","Static Discharge+1","Sweeping Beam","Consume+1","Adrenaline","Biased Cognition+1","BootSequence+1","Hologram+1","Undo+1","Necronomicurse","Force Field+1","Sunder","Genetic Algorithm+1","Loop+1","Heatsinks+1","Echo Form+1","Biased Cognition+1","Echo Form+1","Meteor Strike","Loop+1","Turbo+1","Double Energy+1","Coolheaded+1","Coolheaded+1","Electrodynamics+1","Defragment+1","Loop+1","Coolheaded+1"],"relics":["Cracked Core","EVO:Axolotl","Prayer Wheel","Singing Bowl","Strange Spoon","ClockworkSouvenir","OrangePellets","CaptainsWheel","Membership Card","Frozen Egg 2","Bronze Scales","Pantograph","Potion Belt","Anchor","InkBottle","Strawberry","Mercury Hourglass","PreservedInsect","The Courier","Fusion Hammer","Necronomicon","Kunai","Akabeko","DollysMirror","War Paint","Torii","Snecko Eye","Gremlin Horn","Art of War","DataDisk","Question Card","Bird Faced Urn","Bag of Preparation","Lantern","Runic Capacitor","Centennial Puzzle","Bottled Tornado"],"acts_visited":["Exordium","TheCity","TheBeyond","TheEnding"],"potions_floor_usage":[8,8,16,16,33,33,45,54],"damage_taken":[{"damage":1,"enemies":"Cultist","floor":1,"turns":3},{"damage":1,"enemies":"2 Louse","floor":2,"turns":2},{"damage":0,"enemies":"Small Slimes","floor":4,"turns":2},{"damage":0,"enemies":"Red Slaver","floor":5,"turns":3},{"damage":8,"enemies":"Gremlin Nob","floor":6,"turns":4},{"damage":2,"enemies":"Exordium Wildlife","floor":7,"turns":2},{"damage":6,"enemies":"3 Sentries","floor":8,"turns":5},{"damage":10,"enemies":"Lagavulin","floor":14,"turns":5},{"damage":27,"enemies":"Hexaghost","floor":16,"turns":4},{"damage":2,"enemies":"2 Thieves","floor":18,"turns":3},{"damage":0,"enemies":"Chosen","floor":19,"turns":3},{"damage":7,"enemies":"Snake Plant","floor":20,"turns":3},{"damage":10,"enemies":"3 Cultists","floor":22,"turns":5},{"damage":12,"enemies":"Sentry and Sphere","floor":23,"turns":5},{"damage":0,"enemies":"Centurion and Healer","floor":24,"turns":8},{"damage":0,"enemies":"Book of Stabbing","floor":25,"turns":5},{"damage":0,"enemies":"Gremlin Leader","floor":27,"turns":6},{"damage":0,"enemies":"Snecko","floor":28,"turns":4},{"damage":0,"enemies":"3 Cultists","floor":31,"turns":4},{"damage":9,"enemies":"Automaton","floor":33,"turns":7},{"damage":21,"enemies":"Orb Walker","floor":35,"turns":4},{"damage":0,"enemies":"3 Darklings","floor":37,"turns":4},{"damage":0,"enemies":"Jaw Worm Horde","floor":38,"turns":6},{"damage":0,"enemies":"Writhing Mass","floor":39,"turns":9},{"damage":35,"enemies":"Nemesis","floor":40,"turns":5},{"damage":0,"enemies":"Giant Head","floor":42,"turns":7},{"damage":0,"enemies":"Sphere and 2 Shapes","floor":44,"turns":7},{"damage":0,"enemies":"Reptomancer","floor":45,"turns":3},{"damage":0,"enemies":"2 Orb Walkers","floor":46,"turns":5},{"damage":0,"enemies":"Spire Growth","floor":48,"turns":3},{"damage":0,"enemies":"Donu and Deca","floor":50,"turns":5},{"damage":18,"enemies":"Shield and Spear","floor":54,"turns":4},{"damage":0,"enemies":"The Heart","floor":55,"turns":6}],"seed_played":"-7015255762379990306","potions_obtained":[{"floor":2,"key":"LiquidBronze"},{"floor":4,"key":"BlessingOfTheForge"},{"floor":8,"key":"DuplicationPotion"},{"floor":14,"key":"ColorlessPotion"},{"floor":16,"key":"Explosive Potion"},{"floor":19,"key":"Energy Potion"},{"floor":20,"key":"SkillPotion"},{"floor":24,"key":"AttackPotion"},{"floor":35,"key":"SpeedPotion"},{"floor":37,"key":"Energy Potion"},{"floor":44,"key":"Fruit Juice"},{"floor":45,"key":"SkillPotion"}],"is_trial":false,"path_per_floor":["M","M","$","M","M","E","M","E","T","R","?","$","R","E","R","B",null,"M","M","M","?","M","M","M","E","T","E","M","$","R","M","R","B",null,"M","?","M","M","M","E","R","E","T","M","E","?","$","M","R","B",null,"R","$","E","B",null],"character_chosen":"DEFECT","items_purchased":["Prayer Wheel","Singing Bowl","Strange Spoon","ClockworkSouvenir","OrangePellets","CaptainsWheel","Membership Card","Frozen Egg 2","Bronze Scales","Pantograph","Potion Belt","Anchor","DollysMirror","War Paint","Torii","Bag of Preparation","Lantern","Loop+1","Runic Capacitor","Centennial Puzzle"],"campfire_rested":4,"item_purchase_floors":[0,0,0,0,0,0,0,0,0,0,0,3,29,29,29,47,47,47,53,53],"current_hp_per_floor":[67,68,68,70,70,72,81,88,88,88,76,76,76,78,78,73,86,90,94,96,80,80,80,92,94,94,102,104,104,104,108,108,99,106,109,109,114,116,116,83,118,118,118,120,125,125,122,126,126,126,126,126,126,126,126],"gold":37,"neow_bonus":"","is_daily":false,"chose_seed":false,"campfire_upgraded":3,"win_rate":0.0,"timestamp":1613169405,"path_taken":["M","M","$","M","M","E","M","E","T","R","?","$","R","E","R","BOSS","M","M","M","?","M","M","M","E","T","E","M","$","R","M","R","BOSS","M","?","M","M","?","E","R","E","T","M","E","?","$","M","R","BOSS","R","$","E","BOSS"],"items_purchased_type":["Relic","Relic","Relic","Relic","Relic","Relic","Relic","Relic","Relic","Relic","Relic","Relic","Relic","Relic","Relic","Relic","Relic","Card","Relic","Relic"],"build_version":"2020-12-22","purchased_purges":5,"victory":true,"max_hp_per_floor":[75,77,77,79,79,79,81,88,88,88,88,88,88,90,90,90,90,90,94,96,96,96,98,100,102,102,102,104,104,104,108,108,108,108,112,112,114,116,116,118,118,118,118,120,125,125,122,126,126,126,126,126,126,126,126],"relic_stats":{"Singing Bowl":42,"Torii":3,"Gremlin Horn":[9,9],"counters":[123,539],"PreservedInsect":1275,"Bag of Preparation":[262],"War Paint":["Force Field","Genetic Algorithm"],"Question Card":4,"Mercury Hourglass":[485],"Strange Spoon":[51],"OrangePellets":[52],"Centennial Puzzle":[54],"Bronze Scales":[497],"Pantograph":70,"Bird Faced Urn":[40],"Snecko Eye":[219,225,177,176],"Prayer Wheel":19,"Necronomicon":[16],"Art of War":[15],"Kunai":[13],"obtain_stats":[{"Ice Cream":19,"Gremlin Horn":9,"Vajra":5,"Runic Capacitor":53,"EVO:Axolotl":0,"Bottled Tornado":54,"Blood Vial":12,"Centennial Puzzle":44,"Lizard Tail":13,"HornCleat":27,"DollysMirror":29,"Strawberry":8,"MealTicket":7,"Prayer Wheel":0,"Fusion Hammer":17,"Necronomicon":20,"Kunai":25,"Happy Flower":54,"Oddly Smooth Stone":19,"Velvet Choker":34,"Eternal Feather":47,"Pen Nib":24,"Letter Opener":26,"War Paint":9,"Question Card":45,"Akabeko":47,"Du-Vu Doll":12,"Runic Dome":0,"OrangePellets":0,"Shuriken":9,"Bronze Scales":0,"Bird Faced Urn":46,"Snecko Eye":17,"Pandora\u0027s Box":34,"Unceasing Top":26,"Lantern":13,"Singing Bowl":9,"Torii":29,"Mango":14,"Juzu Bracelet":8,"Bag of Preparation":47,"Ancient Tea Set":0,"ClockworkSouvenir":0,"Dream Catcher":12,"Nunchaku":44,"Mummified Hand":39,"Pantograph":7,"WingedGreaves":26,"Chemical X":39,"Cracked Core":0,"InkBottle":6,"Potion Belt":0,"Lee\u0027s Waffle":44,"Inserter":17,"Golden Idol":7,"PreservedInsect":31,"The Courier":14,"Orichalcum":31,"Odd Mushroom":10,"Frozen Egg 2":0,"Medical Kit":53,"Mercury Hourglass":9,"Strange Spoon":0,"Anchor":0,"CaptainsWheel":13,"DataDisk":40,"Orrery":19,"Coffee Dripper":0,"Art of War":27,"Membership Card":19,"Toy Ornithopter":53},{"Ice Cream":12,"Gremlin Horn":24,"Vajra":37,"Runic Capacitor":121,"EVO:Axolotl":0,"Bottled Tornado":122,"Blood Vial":39,"Centennial Puzzle":56,"Lizard Tail":67,"HornCleat":46,"DollysMirror":108,"Strawberry":97,"MealTicket":6,"Prayer Wheel":90,"Fusion Hammer":41,"Necronomicon":12,"Kunai":106,"Happy Flower":89,"Oddly Smooth Stone":42,"Velvet Choker":50,"Eternal Feather":59,"Pen Nib":14,"Letter Opener":14,"War Paint":37,"Question Card":118,"Akabeko":86,"Du-Vu Doll":8,"Runic Dome":1,"OrangePellets":90,"Shuriken":66,"Bronze Scales":90,"Bird Faced Urn":119,"Snecko Eye":69,"Pandora\u0027s Box":77,"Unceasing Top":45,"Lantern":67,"Singing Bowl":6,"Torii":108,"Mango":27,"Juzu Bracelet":24,"Bag of Preparation":119,"Ancient Tea Set":18,"ClockworkSouvenir":90,"Dream Catcher":26,"Nunchaku":56,"Mummified Hand":81,"Pantograph":66,"WingedGreaves":73,"Chemical X":81,"Cracked Core":0,"InkBottle":95,"Potion Belt":90,"Lee\u0027s Waffle":56,"Inserter":28,"Golden Idol":37,"PreservedInsect":76,"The Courier":98,"Orichalcum":17,"Odd Mushroom":38,"Frozen Egg 2":90,"Medical Kit":88,"Mercury Hourglass":97,"Strange Spoon":90,"Anchor":61,"CaptainsWheel":67,"DataDisk":82,"Orrery":42,"Coffee Dripper":0,"Art of War":15,"Membership Card":12,"Toy Ornithopter":88},{"Ice Cream":38,"Gremlin Horn":75,"Vajra":139,"Runic Capacitor":530,"EVO:Axolotl":0,"Bottled Tornado":534,"Blood Vial":145,"Centennial Puzzle":228,"Lizard Tail":291,"HornCleat":173,"DollysMirror":462,"Strawberry":412,"MealTicket":19,"Prayer Wheel":391,"Fusion Hammer":153,"Necronomicon":38,"Kunai":452,"Happy Flower":383,"Oddly Smooth Stone":156,"Velvet Choker":195,"Eternal Feather":248,"Pen Nib":45,"Letter Opener":45,"War Paint":139,"Question Card":517,"Akabeko":370,"Du-Vu Doll":23,"Runic Dome":1,"OrangePellets":391,"Shuriken":287,"Bronze Scales":391,"Bird Faced Urn":522,"Snecko Eye":298,"Pandora\u0027s Box":336,"Unceasing Top":168,"Lantern":291,"Singing Bowl":19,"Torii":462,"Mango":90,"Juzu Bracelet":75,"Bag of Preparation":522,"Ancient Tea Set":58,"ClockworkSouvenir":391,"Dream Catcher":86,"Nunchaku":228,"Mummified Hand":353,"Pantograph":287,"WingedGreaves":315,"Chemical X":353,"Cracked Core":0,"InkBottle":405,"Potion Belt":391,"Lee\u0027s Waffle":228,"Inserter":101,"Golden Idol":139,"PreservedInsect":327,"The Courier":417,"Orichalcum":55,"Odd Mushroom":142,"Frozen Egg 2":391,"Medical Kit":381,"Mercury Hourglass":412,"Strange Spoon":391,"Anchor":271,"CaptainsWheel":291,"DataDisk":356,"Orrery":156,"Coffee Dripper":0,"Art of War":48,"Membership Card":38,"Toy Ornithopter":381}],"InkBottle":[64]},"card_choices":[{"not_picked":["Coolheaded","Sweeping Beam"],"picked":"Defragment+1","floor":1},{"not_picked":["Coolheaded","Gash"],"picked":"Rebound","floor":1},{"not_picked":["Steam","Capacitor+1"],"picked":"Cold Snap","floor":2},{"not_picked":["Chaos","Melter","Beam Cell"],"picked":"Singing Bowl","floor":2},{"not_picked":["Redo","Go for the Eyes"],"picked":"Seek","floor":4},{"not_picked":["Conserve Battery","Chaos","Redo"],"picked":"Singing Bowl","floor":4},{"not_picked":["Leap","Rebound"],"picked":"Self Repair+1","floor":5},{"not_picked":["Go for the Eyes","Hologram"],"picked":"Capacitor+1","floor":5},{"not_picked":["Doom and Gloom","Turbo"],"picked":"Static Discharge+1","floor":6},{"not_picked":["Auto Shields","Compile Driver","Melter"],"picked":"Singing Bowl","floor":7},{"not_picked":["Turbo","Beam Cell"],"picked":"Sweeping Beam","floor":7},{"not_picked":["Melter","Auto Shields"],"picked":"Consume","floor":8},{"not_picked":["Turbo","Consume","Sunder"],"picked":"Singing Bowl","floor":14},{"not_picked":["Echo Form+1","Machine Learning+1"],"picked":"Biased Cognition+1","floor":16},{"not_picked":["Static Discharge+1","FTL"],"picked":"BootSequence+1","floor":18},{"not_picked":["Redo","Ball Lightning+1"],"picked":"Hologram+1","floor":18},{"not_picked":["Compile Driver","Auto Shields","Sweeping Beam"],"picked":"Singing Bowl","floor":19},{"not_picked":["Leap","All For One","Streamline"],"picked":"Singing Bowl","floor":19},{"not_picked":["Auto Shields","Leap+1"],"picked":"Undo+1","floor":20},{"not_picked":["Stack","Hologram+1","Go for the Eyes"],"picked":"Singing Bowl","floor":20},{"not_picked":["Conserve Battery","Ball Lightning"],"picked":"Force Field","floor":22},{"not_picked":["Steam+1","Sweeping Beam+1"],"picked":"Sunder","floor":22},{"not_picked":["Sunder+1","Go for the Eyes","Barrage"],"picked":"Singing Bowl","floor":23},{"not_picked":["Turbo","Streamline"],"picked":"Genetic Algorithm","floor":23},{"not_picked":["Reprogram","Barrage"],"picked":"Loop+1","floor":24},{"not_picked":["Go for the Eyes","Redo","Turbo"],"picked":"Singing Bowl","floor":24},{"not_picked":["Sweeping Beam","Reinforced Body","Hyperbeam"],"picked":"Singing Bowl","floor":25},{"not_picked":["Go for the Eyes","Rebound"],"picked":"Heatsinks+1","floor":27},{"not_picked":["Sweeping Beam","Reprogram","Streamline"],"picked":"Singing Bowl","floor":28},{"not_picked":["Redo+1","Capacitor+1"],"picked":"Echo Form+1","floor":28},{"not_picked":["Redo","Genetic Algorithm","Undo"],"picked":"Singing Bowl","floor":31},{"not_picked":["Stack","Scrape+1","Ball Lightning"],"picked":"Singing Bowl","floor":31},{"not_picked":["Hyperbeam","Rainbow"],"picked":"Echo Form+1","floor":33},{"not_picked":["Compile Driver+1","Stack+1","Redo"],"picked":"Singing Bowl","floor":35},{"not_picked":["Rebound+1","Darkness+1","Turbo"],"picked":"Singing Bowl","floor":35},{"not_picked":["Force Field","Barrage+1","Rebound+1"],"picked":"Singing Bowl","floor":37},{"not_picked":["Aggregate+1","Redo+1"],"picked":"Meteor Strike","floor":37},{"not_picked":["Compile Driver","Hologram","Conserve Battery"],"picked":"Singing Bowl","floor":38},{"not_picked":["Leap","Melter+1"],"picked":"Loop+1","floor":38},{"not_picked":["Leap+1","Hologram+1"],"picked":"Turbo+1","floor":39},{"not_picked":["Streamline","Consume"],"picked":"Double Energy+1","floor":39},{"not_picked":["Reinforced Body+1","Doom and Gloom+1","Steam"],"picked":"Singing Bowl","floor":40},{"not_picked":["Turbo+1","Aggregate+1"],"picked":"Coolheaded+1","floor":42},{"not_picked":["Turbo+1","Ball Lightning"],"picked":"Coolheaded+1","floor":44},{"not_picked":["Streamline","Sunder+1","Rebound"],"picked":"Singing Bowl","floor":44},{"not_picked":["Leap+1","Conserve Battery"],"picked":"Electrodynamics+1","floor":45},{"not_picked":["Go for the Eyes+1","White Noise+1","Beam Cell+1"],"picked":"Defragment+1","floor":46},{"not_picked":["Cold Snap","Hologram+1","Static Discharge+1","Creative AI+1"],"picked":"Singing Bowl","floor":48},{"not_picked":["Compile Driver","Barrage","Fusion+1","Ball Lightning+1"],"picked":"Singing Bowl","floor":48},{"not_picked":["Hologram+1","BootSequence","Leap+1"],"picked":"Coolheaded+1","floor":54}],"player_experience":408547,"relics_obtained":[{"floor":6,"key":"InkBottle"},{"floor":8,"key":"Strawberry"},{"floor":9,"key":"Mercury Hourglass"},{"floor":14,"key":"The Courier"},{"floor":25,"key":"Kunai"},{"floor":27,"key":"Akabeko"},{"floor":40,"key":"Gremlin Horn"},{"floor":42,"key":"Art of War"},{"floor":43,"key":"DataDisk"},{"floor":45,"key":"Question Card"},{"floor":46,"key":"Bird Faced Urn"},{"floor":54,"key":"Bottled Tornado"}],"event_choices":[{"damage_healed":0,"gold_gain":0,"player_choice":"Obtained Book","damage_taken":16,"max_hp_gain":0,"max_hp_loss":0,"event_name":"Cursed Tome","floor":21,"gold_loss":0},{"cards_removed":["Defend_B"],"damage_healed":0,"gold_gain":0,"player_choice":"Offered Basic","damage_taken":0,"max_hp_gain":0,"max_hp_loss":0,"event_name":"Bonfire Elementals","floor":36,"gold_loss":0},{"damage_healed":0,"gold_gain":0,"player_choice":"Fight","damage_taken":0,"max_hp_gain":0,"max_hp_loss":0,"event_name":"Mysterious Sphere","floor":46,"gold_loss":0}],"is_beta":false,"boss_relics":[{"not_picked":["FrozenCore","Philosopher\u0027s Stone"],"picked":"Fusion Hammer"},{"not_picked":["Busted Crown","Runic Dome"],"picked":"Snecko Eye"}],"items_purged_floors":[3,12,29,29,47],"is_endless":false,"potions_floor_spawned":[2,4,8,14,16,19,20,24,25,27,28,35,37,42,44,45],"ascension_level":11}}