{"host":"9zznonz1olisd4fd","time":1613137995,"event":{"mods":["BaseMod","Keyboard Shortcuts","Minty Spire (QoL Compilation)","StSLib","SuperFastMode"],"gold_per_floor":[113,63,63,63,74,105,105,105,150,170,199,218,218,235,235,235,235],"floor_reached":16,"language":"KOR","playtime":561,"items_purged":[],"score":185,"play_id":"757a1dc4-9483-44d0-a1fd-2713ef07b38e","local_time":"20210212225315","is_ascension_mode":true,"campfire_choices":[{"floor":7.0,"key":"REST"},{"floor":15,"key":"REST"}],"circlet_count":0,"master_deck":["AscendersBane","Strike_P","Strike_P","Strike_P","Strike_P","Defend_P","Defend_P","Defend_P","Defend_P","Eruption+1","Vigilance","CurseOfTheBell","MentalFortress","CutThroughFate","DevaForm"],"relics":["Calling Bell","Juzu Bracelet","HornCleat","Calipers","Damaru","Akabeko","Odd Mushroom"],"acts_visited":["Exordium"],"potions_floor_usage":[14,14],"damage_taken":[{"damage":0.0,"enemies":"Cultist","floor":1.0,"turns":4.0},{"damage":2.0,"enemies":"Jaw Worm","floor":5.0,"turns":3.0},{"damage":47.0,"enemies":"Lagavulin","floor":6.0,"turns":7.0},{"damage":2.0,"enemies":"2 Louse","floor":10.0,"turns":2.0},{"damage":10.0,"enemies":"The Mushroom Lair","floor":11.0,"turns":4.0},{"damage":19.0,"enemies":"Gremlin Gang","floor":12.0,"turns":7.0},{"damage":0,"enemies":"3 Louse","floor":14,"turns":3},{"damage":21,"enemies":"Hexaghost","floor":16,"turns":7}],"seed_played":"8621416559147687795","potions_obtained":[{"floor":10.0,"key":"BlessingOfTheForge"},{"floor":11.0,"key":"Explosive Potion"},{"floor":12.0,"key":"LiquidMemories"}],"is_trial":false,"path_per_floor":["M","$","?","?","M","E","R","?","T","M","?","M","?","M","R","B"],"character_chosen":"WATCHER","items_purchased":["CutThroughFate"],"campfire_rested":2,"item_purchase_floors":[2],"current_hp_per_floor":[61,61,61,61,59,12,32,32,32,30,20,1,1,1,21,0,0],"gold":235,"neow_bonus":"BOSS_RELIC","is_daily":false,"chose_seed":false,"campfire_upgraded":0,"win_rate":0.0,"timestamp":1613137995,"path_taken":["M","$","?","?","M","E","R","?","T","M","?","M","?","M","R","BOSS"],"items_purchased_type":["Card"],"build_version":"2020-12-22","purchased_purges":0,"victory":false,"max_hp_per_floor":[68,68,68,68,68,68,68,68,68,68,68,68,68,68,68,68,68],"card_choices":[{"not_picked":["ClearTheMind","EmptyBody"],"picked":"MentalFortress","floor":1.0},{"not_picked":["Evaluate","Swivel","Protect"],"picked":"SKIP","floor":5.0},{"not_picked":["Sanctity","BattleHymn","JustLucky"],"picked":"SKIP","floor":6.0},{"not_picked":["FlyingSleeves","SashWhip","Tantrum"],"picked":"SKIP","floor":10.0},{"not_picked":["Evaluate","FlyingSleeves","CrushJoints"],"picked":"SKIP","floor":12.0},{"not_picked":["Pray","ClearTheMind","Conclude"],"picked":"SKIP","floor":14}],"player_experience":529906,"relics_obtained":[{"floor":0.0,"key":"Juzu Bracelet"},{"floor":0.0,"key":"HornCleat"},{"floor":0.0,"key":"Calipers"},{"floor":6.0,"key":"Damaru"},{"floor":9.0,"key":"Akabeko"},{"floor":11.0,"key":"Odd Mushroom"}],"event_choices":[{"damage_healed":0.0,"max_hp_gain":0.0,"max_hp_loss":0.0,"gold_gain":0.0,"event_name":"Upgrade Shrine","player_choice":"Upgraded","floor":3.0,"gold_loss":0.0,"damage_taken":0.0,"cards_upgraded":["Eruption"]},{"damage_healed":0.0,"max_hp_gain":0.0,"max_hp_loss":0.0,"gold_gain":0.0,"event_name":"Scrap Ooze","player_choice":"Fled","floor":4.0,"gold_loss":0.0,"damage_taken":0.0},{"damage_healed":0.0,"max_hp_gain":0.0,"max_hp_loss":0.0,"gold_gain":0.0,"event_name":"Liars Game","player_choice":"Ignored","floor":8.0,"gold_loss":0.0,"damage_taken":0.0},{"damage_healed":0.0,"max_hp_gain":0.0,"max_hp_loss":0.0,"gold_gain":0.0,"event_name":"Mushrooms","player_choice":"Fought Mushrooms","floor":11.0,"gold_loss":0.0,"damage_taken":0.0},{"damage_healed":0,"gold_gain":0,"player_choice":"1 cards matched","damage_taken":0,"max_hp_gain":0,"max_hp_loss":0,"event_name":"Match and Keep!","floor":13,"gold_loss":0,"cards_obtained":["DevaForm"]}],"is_beta":false,"boss_relics":[],"items_purged_floors":[],"is_endless":false,"potions_floor_spawned":[10,11,12],"killed_by":"Hexaghost","ascension_level":17}}