{"host":"q206iib20se9i6w7","time":1613112349,"event":{"mods":["AchievementEnabler","BaseMod","Bestiary","Block Reminder","Colored Map","Colored Powertips","Curses Come First","Highlight Path","Key Reminder","Minty Spire (QoL Compilation)","Quick Restart","Random Character Button","Relic Stats","StSLib","SuperFastMode","Unceasing Turn Reminder"],"gold_per_floor":[112,38,56,56,69,69,69,83,108,139,139,164,181,198,198,275,275,292,310,310,235,252,252,286,297,322,141,152,152,163,163,163],"floor_reached":31,"language":"ENG","playtime":2158,"items_purged":["Strike_P","Strike_P"],"score":446,"play_id":"bfddce97-e5f0-434e-b8f5-d9b410fbce32","local_time":"20210212004549","is_ascension_mode":true,"campfire_choices":[{"data":"Study","floor":6,"key":"SMITH"},{"floor":11,"key":"REST"},{"data":"BattleHymn","floor":15,"key":"SMITH"},{"floor":23,"key":"REST"}],"circlet_count":0,"master_deck":["AscendersBane","Strike_P","Defend_P","Defend_P","Defend_P","Eruption","Vigilance","Protect","DevaForm","Crescendo","Study+1","BattleHymn+1","Meditate","CutThroughFate","Halt","Wireheading","ForeignInfluence","BowlingBash","MasterReality","Weave","ClearTheMind","Crescendo","ThirdEye","SpiritShield","ThirdEye","Fasting2+1","EmptyBody","CutThroughFate"],"relics":["PureWater","Spirit Poop","Anchor","Strawberry","Bag of Marbles","Fusion Hammer","Smiling Mask","Akabeko"],"acts_visited":["Exordium","TheCity"],"potions_floor_usage":[7,16,22,24,30,31],"damage_taken":[{"damage":2,"enemies":"2 Louse","floor":1,"turns":3},{"damage":18,"enemies":"Cultist","floor":3,"turns":7},{"damage":0,"enemies":"Jaw Worm","floor":5,"turns":4},{"damage":8,"enemies":"Exordium Thugs","floor":7,"turns":3},{"damage":17,"enemies":"Blue Slaver","floor":8,"turns":6},{"damage":3,"enemies":"3 Sentries","floor":10,"turns":6},{"damage":12,"enemies":"Lagavulin","floor":12,"turns":5},{"damage":1,"enemies":"Looter","floor":13,"turns":3},{"damage":4,"enemies":"Exordium Wildlife","floor":14,"turns":4},{"damage":20,"enemies":"Hexaghost","floor":16,"turns":6},{"damage":20,"enemies":"2 Thieves","floor":18,"turns":5},{"damage":0,"enemies":"Chosen","floor":19,"turns":3},{"damage":12,"enemies":"Snecko","floor":22,"turns":5},{"damage":44,"enemies":"Book of Stabbing","floor":24,"turns":6},{"damage":0,"enemies":"Sentry and Sphere","floor":25,"turns":5},{"damage":0,"enemies":"Cultist and Chosen","floor":28,"turns":4},{"damage":4,"enemies":"Snake Plant","floor":30,"turns":5},{"damage":10,"enemies":"Shelled Parasite and Fungi","floor":31,"turns":2}],"seed_played":"2387555127177513711","potions_obtained":[{"floor":3,"key":"SmokeBomb"},{"floor":12,"key":"AttackPotion"},{"floor":13,"key":"Swift Potion"},{"floor":18,"key":"Weak Potion"},{"floor":24,"key":"Block Potion"},{"floor":28,"key":"SteroidPotion"},{"floor":30,"key":"BlessingOfTheForge"}],"is_trial":false,"path_per_floor":["M","$","M","?","M","R","M","M","T","E","R","E","M","M","R","B",null,"M","M","?","$","M","R","E","M","T","$","M","?","M","M"],"character_chosen":"WATCHER","items_purchased":["Study","Fasting2","EmptyBody"],"campfire_rested":2,"item_purchase_floors":[2,27,27],"current_hp_per_floor":[63,63,45,45,45,45,37,20,20,24,47,35,34,30,30,10,62,42,42,42,42,30,53,9,9,9,9,9,9,5,0,0],"gold":163,"neow_bonus":"TRANSFORM_TWO_CARDS","is_daily":false,"chose_seed":false,"campfire_upgraded":2,"win_rate":0.0,"timestamp":1613112349,"path_taken":["M","$","M","?","M","R","M","M","T","E","R","E","M","M","R","BOSS","M","?","?","?","M","R","E","M","T","$","M","?","M","M"],"items_purchased_type":["Card","Card","Card"],"build_version":"2020-12-22","purchased_purges":2,"victory":false,"max_hp_per_floor":[72,72,72,72,72,72,72,72,72,79,79,79,79,79,79,79,79,79,79,79,79,79,79,79,79,79,79,79,79,79,79,79],"relic_stats":{"counters":[18,82],"Smiling Mask":50,"obtain_stats":[{"Anchor":9,"Strawberry":10,"Spirit Poop":4,"Fusion Hammer":17,"Bag of Marbles":12,"PureWater":0,"Smiling Mask":24,"Akabeko":26},{"Anchor":5,"Strawberry":6,"Spirit Poop":2,"Fusion Hammer":10,"Bag of Marbles":7,"PureWater":0,"Smiling Mask":14,"Akabeko":15},{"Anchor":23,"Strawberry":29,"Spirit Poop":10,"Fusion Hammer":47,"Bag of Marbles":34,"PureWater":0,"Smiling Mask":66,"Akabeko":71}]},"card_choices":[{"not_picked":["WaveOfTheHand","FollowUp"],"picked":"Crescendo","floor":1},{"not_picked":["ThirdEye","FollowUp"],"picked":"BattleHymn","floor":3},{"not_picked":["FlyingSleeves","ThirdEye"],"picked":"Meditate","floor":5},{"not_picked":["Halt","Vengeance"],"picked":"CutThroughFate","floor":8},{"not_picked":["Omniscience","PathToVictory"],"picked":"Halt","floor":10},{"not_picked":["Pray","JustLucky"],"picked":"Wireheading","floor":12},{"not_picked":["Perseverance","Indignation"],"picked":"ForeignInfluence","floor":13},{"not_picked":["SashWhip","PathToVictory"],"picked":"BowlingBash","floor":14},{"not_picked":["Ragnarok","Alpha"],"picked":"MasterReality","floor":16},{"not_picked":["Adaptation","FlyingSleeves"],"picked":"Weave","floor":18},{"not_picked":["Study+1","Tantrum"],"picked":"ClearTheMind","floor":19},{"not_picked":["EmptyBody","Meditate"],"picked":"ThirdEye","floor":22},{"not_picked":["Collect","Fasting2"],"picked":"SpiritShield","floor":24},{"not_picked":["FollowUp+1","Indignation"],"picked":"ThirdEye","floor":25},{"not_picked":["Halt","ReachHeaven","JustLucky"],"picked":"SKIP","floor":28},{"not_picked":["Tantrum+1","ClearTheMind"],"picked":"CutThroughFate","floor":30}],"player_experience":306432,"relics_obtained":[{"floor":9,"key":"Anchor"},{"floor":10,"key":"Strawberry"},{"floor":12,"key":"Bag of Marbles"},{"floor":24,"key":"Smiling Mask"},{"floor":26,"key":"Akabeko"}],"event_choices":[{"cards_removed":["Normality"],"damage_healed":0,"gold_gain":0,"player_choice":"Offered Curse","damage_taken":0,"relics_obtained":["Spirit Poop"],"max_hp_gain":0,"max_hp_loss":0,"event_name":"Bonfire Elementals","floor":4,"gold_loss":0},{"damage_healed":0,"gold_gain":0,"player_choice":"Copied","damage_taken":0,"max_hp_gain":0,"max_hp_loss":0,"event_name":"Duplicator","floor":20,"gold_loss":0,"cards_obtained":["Crescendo"]},{"damage_healed":0,"gold_gain":0,"player_choice":"Forge","damage_taken":0,"max_hp_gain":0,"max_hp_loss":0,"event_name":"Accursed Blacksmith","floor":29,"gold_loss":0,"cards_upgraded":["Fasting2"]}],"is_beta":false,"boss_relics":[{"not_picked":["SlaversCollar","Velvet Choker"],"picked":"Fusion Hammer"}],"items_purged_floors":[21,27],"is_endless":false,"potions_floor_spawned":[3,7,12,13,18,24,28,30],"killed_by":"Shelled Parasite and Fungi","ascension_level":13}}