{"host":"bq8ii4ghyb2mkf8g","time":1613111055,"event":{"mods":["BaseMod","Colored Map","Minty Spire (QoL Compilation)","Quick Restart","Replay The Spire","StSLib"],"gold_per_floor":[113,113,188,252,266,139,173,173,173,173,123,123,141,141,141],"floor_reached":14,"language":"ZHS","playtime":353,"items_purged":["Strike_G","Strike_G"],"score":178,"play_id":"57344718-2824-4cd3-a95e-e9059ce1d090","local_time":"20210212142415","is_ascension_mode":true,"campfire_choices":[{"data":"Prepared","floor":12.0,"key":"SMITH"}],"circlet_count":0,"master_deck":["AscendersBane","Strike_G","Strike_G","Strike_G","Defend_G","Defend_G","Defend_G","Defend_G","Defend_G","Survivor","Neutralize","Acrobatics","Hidden Blade","Cloak And Dagger","Grand Finale","Concentrate","Prepared+1","Backflip"],"relics":["Ring of the Snake","NeowsBlessing","Golden Idol","Smiling Mask","ReplayTheSpireMod:Lightbulb","Bronze Scales","Oddly Smooth Stone"],"acts_visited":["Exordium"],"potions_floor_usage":[14],"damage_taken":[{"damage":0.0,"enemies":"Jaw Worm","floor":1.0,"turns":1.0},{"damage":0.0,"enemies":"2 Louse","floor":5.0,"turns":1.0},{"damage":0.0,"enemies":"3 Sentries","floor":7.0,"turns":1.0},{"damage":0.0,"enemies":"Small Slimes","floor":13.0,"turns":5.0},{"damage":7,"enemies":"Gremlin Nob","floor":14,"turns":3}],"seed_played":"176164575781930336","potions_obtained":[{"floor":4.0,"key":"Poison Potion"},{"floor":5.0,"key":"SpeedPotion"}],"is_trial":false,"path_per_floor":["M","?","?","?","M","$","E","?","T","?","$","R","M","E"],"character_chosen":"THE_SILENT","items_purchased":["Concentrate"],"campfire_rested":0,"item_purchase_floors":[6],"current_hp_per_floor":[63,46,35,18,18,18,18,11,11,11,11,11,11,4,4],"gold":141,"neow_bonus":"THREE_ENEMY_KILL","is_daily":false,"chose_seed":false,"campfire_upgraded":1,"win_rate":0.0,"timestamp":1613111055,"path_taken":["M","?","?","?","M","$","E","?","T","?","$","R","?","E"],"items_purchased_type":["Card"],"build_version":"2020-12-22","purchased_purges":2,"victory":false,"max_hp_per_floor":[70,70,70,70,70,70,70,70,70,70,70,70,70,70,70],"card_choices":[{"not_picked":["Deadly Poison","Blade Dance"],"picked":"Acrobatics","floor":1.0},{"not_picked":["Acrobatics","Outmaneuver"],"picked":"Hidden Blade","floor":4.0},{"not_picked":["Flechettes","Deflect"],"picked":"Cloak And Dagger","floor":4.0},{"not_picked":["Underhanded Strike","Blur"],"picked":"Grand Finale","floor":5.0},{"not_picked":["Phantasmal Killer","Adrenaline"],"picked":"Prepared","floor":7.0},{"not_picked":["Dagger Throw","Deadly Poison"],"picked":"Backflip","floor":13.0}],"player_experience":143539,"relics_obtained":[{"floor":4.0,"key":"Smiling Mask"},{"floor":7.0,"key":"ReplayTheSpireMod:Lightbulb"},{"floor":9.0,"key":"Oddly Smooth Stone"}],"event_choices":[{"damage_healed":0.0,"max_hp_gain":0.0,"max_hp_loss":0.0,"gold_gain":0.0,"event_name":"Golden Idol","player_choice":"Take Damage","floor":2.0,"gold_loss":0.0,"damage_taken":17.0,"relics_obtained":["Golden Idol"]},{"damage_healed":0.0,"max_hp_gain":0.0,"max_hp_loss":0.0,"gold_gain":75.0,"event_name":"World of Goop","player_choice":"Gather Gold","floor":3.0,"gold_loss":0.0,"damage_taken":11.0},{"damage_healed":0.0,"max_hp_gain":0.0,"max_hp_loss":0.0,"gold_gain":0.0,"event_name":"Scrap Ooze","player_choice":"Success","floor":8.0,"gold_loss":0.0,"damage_taken":7.0,"relics_obtained":["Bronze Scales"]}],"is_beta":false,"boss_relics":[],"items_purged_floors":[6,11],"is_endless":false,"potions_floor_spawned":[5],"killed_by":"Gremlin Nob","ascension_level":12}}