{"host":"8is2j71l4wmybkoi","time":1613137688,"event":{"mods":["AchievementEnabler","BaseMod","Colored Map","DeckTracker","Minty Spire (QoL Compilation)","Rare Cards Sparkle","Relic Stats","StSLib","SuperFastMode"],"gold_per_floor":[13,33,43,43,53,53,78,78,101,101,117,117,132,143,143,143,143],"floor_reached":16,"language":"KOR","playtime":663,"items_purged":[],"score":182,"play_id":"085cc045-468b-49c1-a72f-ea33c3073588","local_time":"20210212224808","is_ascension_mode":true,"campfire_choices":[{"data":"Intimidate","floor":6.0,"key":"SMITH"},{"data":"Entrench","floor":8,"key":"SMITH"},{"data":"Armaments","floor":12,"key":"SMITH"},{"data":"Uppercut","floor":15,"key":"SMITH"}],"circlet_count":0,"master_deck":["AscendersBane","Strike_R","Defend_R","Defend_R","Defend_R","Defend_R","Bash","Intimidate+1","Entrench+1","Flame Barrier","Wild Strike","Feel No Pain","Sword Boomerang","Pummel","Armaments+1","Uppercut+1"],"relics":["Burning Blood","Toy Ornithopter","Nunchaku"],"acts_visited":["Exordium"],"potions_floor_usage":[7,16,16],"damage_taken":[{"damage":13.0,"enemies":"Jaw Worm","floor":1.0,"turns":5.0},{"damage":6.0,"enemies":"2 Louse","floor":2.0,"turns":4.0},{"damage":10.0,"enemies":"Small Slimes","floor":3.0,"turns":5.0},{"damage":10.0,"enemies":"Red Slaver","floor":5.0,"turns":4.0},{"damage":19,"enemies":"3 Sentries","floor":7,"turns":10},{"damage":4,"enemies":"Blue Slaver","floor":11,"turns":4},{"damage":10,"enemies":"Large Slime","floor":13,"turns":11},{"damage":3,"enemies":"Looter","floor":14,"turns":4},{"damage":77,"enemies":"The Guardian","floor":16,"turns":15}],"seed_played":"-1183064412752062923","potions_obtained":[{"floor":1.0,"key":"BloodPotion"},{"floor":2.0,"key":"CultistPotion"},{"floor":13,"key":"PowerPotion"}],"is_trial":false,"path_per_floor":["M","M","M","?","M","R","E","R","T","?","M","R","M","M","R","B"],"character_chosen":"IRONCLAD","items_purchased":[],"campfire_rested":0,"item_purchase_floors":[],"current_hp_per_floor":[61,61,57,50,46,46,33,33,33,33,35,35,31,34,34,0,0],"gold":143,"neow_bonus":"TRANSFORM_TWO_CARDS","is_daily":false,"chose_seed":false,"campfire_upgraded":4,"win_rate":0.0,"timestamp":1613137688,"path_taken":["M","M","M","?","M","R","E","R","T","?","?","R","M","M","R","BOSS"],"items_purchased_type":[],"build_version":"2020-12-22","purchased_purges":0,"victory":false,"max_hp_per_floor":[75,75,75,75,75,75,75,75,75,75,75,75,75,75,75,75,75],"relic_stats":{"Nunchaku":[3],"counters":[9,62],"obtain_stats":[{"Nunchaku":9,"Burning Blood":0,"Toy Ornithopter":7},{"Nunchaku":5,"Burning Blood":0,"Toy Ornithopter":5},{"Nunchaku":28,"Burning Blood":0,"Toy Ornithopter":28}],"Burning Blood":48,"Toy Ornithopter":10},"card_choices":[{"not_picked":["Rupture","Clash"],"picked":"Flame Barrier","floor":1.0},{"not_picked":["Shrug It Off","Iron Wave"],"picked":"Wild Strike","floor":2.0},{"not_picked":["Clothesline","Spot Weakness"],"picked":"Feel No Pain","floor":3.0},{"not_picked":["True Grit","Flex"],"picked":"Sword Boomerang","floor":5.0},{"not_picked":["Twin Strike","Metallicize"],"picked":"Pummel","floor":7},{"not_picked":["Headbutt","Twin Strike"],"picked":"Armaments","floor":11},{"not_picked":["Disarm","Perfected Strike"],"picked":"Uppercut","floor":13},{"not_picked":["Headbutt","Sentinel","Warcry"],"picked":"SKIP","floor":14}],"player_experience":1160551,"relics_obtained":[{"floor":7,"key":"Toy Ornithopter"},{"floor":9,"key":"Nunchaku"}],"event_choices":[{"cards_removed":["Strike_R"],"damage_healed":0.0,"max_hp_gain":0.0,"max_hp_loss":0.0,"gold_gain":0.0,"event_name":"Golden Wing","player_choice":"Card Removal","floor":4.0,"gold_loss":0.0,"damage_taken":7.0},{"cards_removed":["Strike_R"],"damage_healed":0,"gold_gain":0,"player_choice":"Forget","damage_taken":0,"max_hp_gain":0,"max_hp_loss":0,"event_name":"Living Wall","floor":10,"gold_loss":0}],"is_beta":false,"boss_relics":[],"items_purged_floors":[],"is_endless":false,"potions_floor_spawned":[1,2,13],"killed_by":"The Guardian","ascension_level":15}}