{"host":"tpad8qsc9e0g0pa5","time":1613106951,"event":{"mods":["BaseMod","Minty Spire (QoL Compilation)","Quick Restart","StSLib","The Servant 0.9.4"],"gold_per_floor":[361,381,401,411,411,411,33,33,33],"floor_reached":8,"language":"ZHS","playtime":2764,"items_purged":[],"score":55,"play_id":"fc701ca9-816a-481d-a4c4-642e13c22f2c","local_time":"20210212131551","is_ascension_mode":true,"campfire_choices":[{"floor":6.0,"key":"REST"}],"circlet_count":0,"master_deck":["Strike_S","Strike_S","Strike_S","Strike_S","Defend_S","Defend_S","Defend_S","KidneyShot","Exchange","MoonPhase","BottledTime","Unruled","Reset"],"relics":["Uniform","Gambling Chip"],"acts_visited":["Exordium"],"potions_floor_usage":[],"damage_taken":[{"damage":9.0,"enemies":"Jaw Worm","floor":1.0,"turns":4.0},{"damage":6.0,"enemies":"Cultist","floor":2.0,"turns":4.0},{"damage":0.0,"enemies":"Small Slimes","floor":3.0,"turns":5.0},{"damage":15.0,"enemies":"Exordium Wildlife","floor":4.0,"turns":4.0},{"damage":49,"enemies":"3 Sentries","floor":8,"turns":6}],"seed_played":"1332057339107511491","potions_obtained":[{"floor":1.0,"key":"Explosive Potion"},{"floor":3.0,"key":"Regen Potion"},{"floor":4.0,"key":"Dexterity Potion"}],"is_trial":false,"path_per_floor":["M","M","M","M","?","R","$","E"],"character_chosen":"THE_SERVANT","items_purchased":["Reset","Gambling Chip"],"campfire_rested":1,"item_purchase_floors":[7,7],"current_hp_per_floor":[38,32,32,29,29,48,48,0,0],"gold":33,"neow_bonus":"TWO_FIFTY_GOLD","is_daily":false,"chose_seed":false,"campfire_upgraded":0,"win_rate":0.0,"timestamp":1613106951,"path_taken":["M","M","M","M","?","R","$","E"],"items_purchased_type":["Card","Relic"],"build_version":"2020-12-22","purchased_purges":0,"victory":false,"max_hp_per_floor":[65,65,65,65,65,65,65,65,65],"card_choices":[{"not_picked":["Moonlight","Snipe"],"picked":"MoonPhase","floor":1.0},{"not_picked":["DancingSilver","Revamp"],"picked":"BottledTime","floor":2.0},{"not_picked":["Alleviate","DualDimension"],"picked":"Unruled","floor":3.0},{"not_picked":["Shuttle","Rewind","FastForward"],"picked":"SKIP","floor":4.0}],"player_experience":326806,"relics_obtained":[],"event_choices":[{"cards_removed":["Defend_S"],"damage_healed":0.0,"max_hp_gain":0.0,"max_hp_loss":0.0,"gold_gain":0.0,"event_name":"Purifier","player_choice":"Purged","floor":5.0,"gold_loss":0.0,"damage_taken":0.0}],"is_beta":false,"boss_relics":[],"items_purged_floors":[],"is_endless":false,"potions_floor_spawned":[1,3,4],"killed_by":"3 Sentries","ascension_level":3}}