{"host":"vumwfieg2b2mnrfl","time":1613102533,"event":{"mods":["AchievementEnabler","BaseMod","Minty Spire (QoL Compilation)","Rare Cards Sparkle","Relic Stats"],"gold_per_floor":[113,129,142,107,120,152,302,377,377,377,131,131,131,161,161,233,233,253,172,188,188,188,188,113,142,142,68,68,68],"floor_reached":28,"language":"ENG","playtime":977,"items_purged":["Doubt"],"score":484,"play_id":"7561a7e6-f97b-4ca1-9bed-4f9198ba53df","local_time":"20210211220213","is_ascension_mode":true,"campfire_choices":[{"floor":15,"key":"REST"},{"floor":23,"key":"REST"}],"circlet_count":0,"master_deck":["AscendersBane","Strike_G","Strike_G","Strike_G","Strike_G","Defend_G","Defend_G","Defend_G","Defend_G","Defend_G","Survivor","Neutralize","Deadly Poison","Well Laid Plans","Predator","Acrobatics","Poisoned Stab","Catalyst","Skewer+1","Backflip","Tools of the Trade","Deadly Poison","Night Terror","Dagger Spray+1","Footwork","Quick Slash+1","Crippling Poison","Bouncing Flask"],"relics":["Fusion Hammer","Juzu Bracelet","Molten Egg 2","Mummified Hand","Orrery","Peace Pipe","SacredBark","Pocketwatch","PreservedInsect"],"acts_visited":["Exordium","TheCity"],"potions_floor_usage":[14,16,25,28],"damage_taken":[{"damage":6,"enemies":"Cultist","floor":1,"turns":6},{"damage":2,"enemies":"Small Slimes","floor":2,"turns":4},{"damage":4,"enemies":"Jaw Worm","floor":3,"turns":4},{"damage":3,"enemies":"Looter","floor":5,"turns":3},{"damage":27,"enemies":"3 Sentries","floor":6,"turns":11},{"damage":19,"enemies":"Lagavulin","floor":14,"turns":7},{"damage":5,"enemies":"Hexaghost","floor":16,"turns":9},{"damage":25,"enemies":"3 Byrds","floor":18,"turns":7},{"damage":33,"enemies":"Chosen","floor":20,"turns":5},{"damage":43,"enemies":"Book of Stabbing","floor":25,"turns":5},{"damage":22,"enemies":"3 Cultists","floor":28,"turns":3}],"seed_played":"8404458667553654718","potions_obtained":[{"floor":1,"key":"Block Potion"},{"floor":5,"key":"FairyPotion"},{"floor":14,"key":"Energy Potion"},{"floor":20,"key":"Fire Potion"},{"floor":25,"key":"Block Potion"}],"is_trial":false,"path_per_floor":["M","M","M","?","M","E","?","?","T","T","$","?","?","E","R","B",null,"M","$","M","?","?","R","?","E","T","$","M"],"character_chosen":"THE_SILENT","items_purchased":["Orrery","Footwork","Bouncing Flask"],"campfire_rested":2,"item_purchase_floors":[11,19,27],"current_hp_per_floor":[53,51,47,63,60,33,33,22,22,22,22,22,22,3,22,17,54,29,29,39,39,39,58,58,15,15,15,0,0],"gold":68,"neow_bonus":"BOSS_RELIC","is_daily":false,"chose_seed":false,"campfire_upgraded":0,"win_rate":0.0,"timestamp":1613102533,"path_taken":["M","M","?","?","M","E","?","?","T","?","$","?","?","E","R","BOSS","M","$","M","?","?","R","?","E","T","$","M"],"items_purchased_type":["Relic","Card","Card"],"build_version":"2020-12-22","purchased_purges":1,"victory":false,"max_hp_per_floor":[66,66,66,66,66,66,66,66,66,66,66,66,66,66,66,66,66,66,66,66,66,66,66,66,66,66,66,66,66],"relic_stats":{"Peace Pipe":0,"counters":[11,64],"Mummified Hand":[21],"PreservedInsect":0,"Juzu Bracelet":2,"obtain_stats":[{"Peace Pipe":14,"Mummified Hand":10,"SacredBark":17,"Orrery":11,"Molten Egg 2":9,"Fusion Hammer":0,"PreservedInsect":26,"Juzu Bracelet":6,"Ring of the Snake":0,"Pocketwatch":25},{"Peace Pipe":6,"Mummified Hand":5,"SacredBark":7,"Orrery":5,"Molten Egg 2":5,"Fusion Hammer":0,"PreservedInsect":10,"Juzu Bracelet":5,"Ring of the Snake":0,"Pocketwatch":10},{"Peace Pipe":35,"Mummified Hand":28,"SacredBark":44,"Orrery":28,"Molten Egg 2":28,"Fusion Hammer":0,"PreservedInsect":61,"Juzu Bracelet":28,"Ring of the Snake":0,"Pocketwatch":61}],"Pocketwatch":[2]},"card_choices":[{"not_picked":["Deadly Poison","Sucker Punch","Flying Knee"],"picked":"SKIP","floor":1},{"not_picked":["Sucker Punch","Flying Knee"],"picked":"Deadly Poison","floor":1},{"not_picked":["Acrobatics","Tactician"],"picked":"Well Laid Plans","floor":2},{"not_picked":["Underhanded Strike","Caltrops"],"picked":"Predator","floor":3},{"not_picked":["Flying Knee","Outmaneuver"],"picked":"Acrobatics","floor":5},{"not_picked":["Grand Finale","Deflect"],"picked":"Poisoned Stab","floor":6},{"not_picked":["Dodge and Roll","Deadly Poison"],"picked":"Catalyst","floor":11},{"not_picked":["Doppelganger","Prepared"],"picked":"Skewer+1","floor":11},{"not_picked":["Deflect","Blade Dance"],"picked":"Backflip","floor":11},{"not_picked":["Sucker Punch+1","Backflip"],"picked":"Deadly Poison","floor":14},{"not_picked":["Wraith Form v2","Tools of the Trade"],"picked":"Night Terror","floor":16},{"not_picked":["Dagger Throw+1","Slice+1"],"picked":"Dagger Spray+1","floor":18},{"not_picked":["Outmaneuver","Backflip"],"picked":"Quick Slash+1","floor":20},{"not_picked":["Grand Finale+1","PiercingWail"],"picked":"Crippling Poison","floor":25}],"player_experience":549410,"relics_obtained":[{"floor":6,"key":"Juzu Bracelet"},{"floor":9,"key":"Molten Egg 2"},{"floor":10,"key":"Mummified Hand"},{"floor":14,"key":"Peace Pipe"},{"floor":25,"key":"Pocketwatch"},{"floor":26,"key":"PreservedInsect"}],"event_choices":[{"damage_healed":16,"gold_gain":0,"player_choice":"Healed","damage_taken":0,"max_hp_gain":0,"max_hp_loss":0,"event_name":"The Cleric","floor":4,"gold_loss":35},{"damage_healed":0,"gold_gain":150,"player_choice":"AGREE","damage_taken":0,"max_hp_gain":0,"max_hp_loss":0,"event_name":"Liars Game","floor":7,"gold_loss":0,"cards_obtained":["Doubt"]},{"damage_healed":0,"gold_gain":75,"player_choice":"Gather Gold","damage_taken":11,"max_hp_gain":0,"max_hp_loss":0,"event_name":"World of Goop","floor":8,"gold_loss":0},{"damage_healed":0,"gold_gain":0,"player_choice":"1 cards matched","damage_taken":0,"max_hp_gain":0,"max_hp_loss":0,"event_name":"Match and Keep!","floor":12,"gold_loss":0,"cards_obtained":["Tools of the Trade"]},{"damage_healed":0,"gold_gain":0,"player_choice":"Fled","damage_taken":0,"max_hp_gain":0,"max_hp_loss":0,"event_name":"Scrap Ooze","floor":13,"gold_loss":0},{"damage_healed":0,"gold_gain":0,"player_choice":"Ignored","damage_taken":0,"max_hp_gain":0,"max_hp_loss":0,"event_name":"The Mausoleum","floor":21,"gold_loss":0},{"damage_healed":0,"gold_gain":0,"player_choice":"Ignored","damage_taken":0,"max_hp_gain":0,"max_hp_loss":0,"event_name":"Vampires","floor":22,"gold_loss":0},{"cards_removed":["Strike_G"],"damage_healed":0,"gold_gain":0,"player_choice":"Gave Gold","damage_taken":0,"max_hp_gain":0,"max_hp_loss":0,"event_name":"Beggar","floor":24,"gold_loss":75}],"is_beta":false,"boss_relics":[{"not_picked":["SlaversCollar","Philosopher\u0027s Stone"],"picked":"SacredBark"}],"items_purged_floors":[11],"is_endless":false,"potions_floor_spawned":[1,5,14,20,25],"killed_by":"3 Cultists","ascension_level":20}}