{"host":"5fozw18ph4jp5uv8","time":1613103333,"event":{"mods":["BaseMod","Duelist Mod","GifTheSpireLib","Hermit","Minty Spire (QoL Compilation)","StSLib"],"gold_per_floor":[144,163,163,163,179,179,199,199,199,212,212,137,137,157,157,262,262,277,290,92,111,76,76,76],"floor_reached":23,"language":"ENG","playtime":1842,"items_purged":["theDuelist:PsiCurse"],"score":183,"play_id":"6dcdebbe-be81-40d6-8ed3-96ec255af217","local_time":"20210211201533","is_ascension_mode":false,"campfire_choices":[{"data":"theDuelist:LegendarySword+1","floor":6,"key":"SMITH"},{"data":"theDuelist:InstantFusion","floor":8,"key":"SMITH"},{"data":"theDuelist:LegendarySword+2","floor":11,"key":"SMITH"},{"data":"theDuelist:LegendarySword+3","floor":15,"key":"SMITH"}],"circlet_count":0,"master_deck":["theDuelist:BigFire+1","theDuelist:CastleWalls","theDuelist:Wildfire","theDuelist:MeteorDestruction+1","theDuelist:InstantFusion+1","theDuelist:CastleWalls","theDuelist:Sparks","theDuelist:ScrapFactory","theDuelist:Sparks","theDuelist:LegendarySword+4","theDuelist:FinalFlame","theDuelist:MareMare+1","theDuelist:Taotie","theDuelist:GiantPairfish","theDuelist:IgnisHeat","theDuelist:MareMare","theDuelist:ZefraMetaltron","theDuelist:DragonDowser","theDuelist:MareMare","theDuelist:GiantPairfish","theDuelist:RainbowNeos","theDuelist:Raigeki","theDuelist:Tuningware","theDuelist:ChaosSeed"],"relics":["theDuelist:MillenniumPuzzle","theDuelist:CardPoolRelic","theDuelist:CardPoolBasicRelic","theDuelist:BoosterPackPoolRelic","theDuelist:CardPoolAddRelic","theDuelist:CardPoolMinusRelic","theDuelist:CardPoolSaveRelic","theDuelist:CardPoolOptionsRelic","NeowsBlessing","theDuelist:MillenniumPeriapt","HornCleat","theDuelist:MetronomeRelicD","Busted Crown","theDuelist:Monsterbox"],"acts_visited":["Exordium","TheCity"],"potions_floor_usage":[],"damage_taken":[{"damage":0,"enemies":"2 Louse","floor":1,"turns":1},{"damage":0,"enemies":"Jaw Worm","floor":2,"turns":1},{"damage":0,"enemies":"Small Slimes","floor":5,"turns":1},{"damage":7,"enemies":"Blue Slaver","floor":7,"turns":3},{"damage":0,"enemies":"2 Fungi Beasts","floor":10,"turns":2},{"damage":3,"enemies":"Exordium Thugs","floor":14,"turns":4},{"damage":23,"enemies":"Hexaghost","floor":16,"turns":16},{"damage":13,"enemies":"Spheric Guardian","floor":18,"turns":4},{"damage":0,"enemies":"Shell Parasite","floor":19,"turns":3},{"damage":44,"enemies":"Snecko","floor":21,"turns":7},{"damage":23,"enemies":"Slavers","floor":23,"turns":3}],"seed_played":"7668582719272633023","potions_obtained":[{"floor":2,"key":"GhostInAJar"},{"floor":16,"key":"theDuelist:FlamingBottle"},{"floor":21,"key":"theDuelist:WhiteBottle"}],"is_trial":false,"path_per_floor":["M","M","?","?","M","R","M","R","T","M","R","$","T","M","R","B",null,"M","M","$","M","$","E"],"character_chosen":"THE_DUELIST","items_purchased":["theDuelist:Monsterbox","theDuelist:RainbowNeos","theDuelist:Raigeki","theDuelist:ChaosSeed"],"campfire_rested":0,"item_purchase_floors":[20,20,20,22],"current_hp_per_floor":[80,80,80,80,80,80,73,73,73,73,73,73,73,70,70,47,80,67,67,67,23,23,0,0],"gold":76,"neow_bonus":"THREE_ENEMY_KILL","is_daily":false,"chose_seed":false,"campfire_upgraded":4,"win_rate":0.0,"timestamp":1613103333,"path_taken":["M","M","?","?","M","R","M","R","T","M","R","$","?","M","R","BOSS","M","M","$","M","$","E"],"items_purchased_type":["Relic","Card","Card","Card"],"build_version":"2020-12-22","purchased_purges":1,"victory":false,"max_hp_per_floor":[80,80,80,80,80,80,80,80,80,80,80,80,80,80,80,80,80,80,80,80,80,80,80,80],"card_choices":[{"not_picked":["theDuelist:VenomShot+1","theDuelist:MagnumShield+1","theDuelist:CoreBlaster+1","theDuelist:BerserkerCrush+1"],"picked":"theDuelist:MeteorDestruction+1","floor":1},{"not_picked":["theDuelist:FuryFire","theDuelist:FutureFusion","theDuelist:EarthEffigy","theDuelist:Electrowhip"],"picked":"theDuelist:Kuriboh","floor":2},{"not_picked":["theDuelist:VenomShot+1","theDuelist:SparkBlaster+1","theDuelist:SilentDoom+1","theDuelist:Hinotama+1"],"picked":"theDuelist:LegendarySword+1","floor":5},{"not_picked":["theDuelist:SwordsRevealing","theDuelist:Raigeki","theDuelist:LightningBlade","theDuelist:LightLaser"],"picked":"theDuelist:InstantFusion","floor":7},{"not_picked":["theDuelist:RainbowNeos","theDuelist:KamionTimelord","theDuelist:HappyLover","theDuelist:Eva"],"picked":"theDuelist:RainbowOverdragon","floor":10},{"not_picked":["theDuelist:Hinotama","theDuelist:SpiritHarp","theDuelist:OnslaughtFireKings","theDuelist:ScrapFactory"],"picked":"theDuelist:WormApocalypse","floor":14},{"not_picked":["theDuelist:InstantFusion","theDuelist:GridRod","theDuelist:GravityLash","theDuelist:MillenniumShield"],"picked":"theDuelist:Wildfire","floor":16},{"not_picked":["theDuelist:GravityAxe","theDuelist:LegendHeart+1"],"picked":"theDuelist:BigFire+1","floor":18},{"not_picked":["theDuelist:WormApocalypse","theDuelist:LightningVortex"],"picked":"theDuelist:GraniteLoyalist+1","floor":19},{"not_picked":["theDuelist:WhiteMagicalHat+1","theDuelist:CharcoalInpachi"],"picked":"theDuelist:Tuningware","floor":21}],"player_experience":26854,"relics_obtained":[{"floor":9,"key":"HornCleat"},{"floor":13,"key":"theDuelist:MetronomeRelicD"}],"event_choices":[{"damage_healed":0,"gold_gain":0,"player_choice":"Took item - Received: Millennium Periapt","duelist":true,"damage_taken":0,"max_hp_gain":0,"max_hp_loss":0,"event_name":"Millennium Items","floor":3,"gold_loss":0},{"damage_healed":0,"gold_gain":0,"player_choice":"Delta Electro","duelist":true,"damage_taken":0,"max_hp_gain":0,"max_hp_loss":0,"event_name":"Egyptian Village","floor":4,"gold_loss":0,"cards_obtained":["Delta Electromagnet Warrior"]}],"is_beta":false,"boss_relics":[{"not_picked":["Empty Cage","Runic Cube"],"picked":"Busted Crown"}],"items_purged_floors":[12],"is_endless":false,"potions_floor_spawned":[2,16,21],"killed_by":"Slavers","ascension_level":0}}