{"host":"0qlrtuw7bw78ucw4","time":1613141986,"event":{"mods":["BaseMod","Downfall","Minty Spire (QoL Compilation)","StSLib"],"gold_per_floor":[99,119,135,193,213,213,287,305,321,331,5,5,5,34,51,149,149,149,163,178,190,190,190,190,190,206,280,294,307,339,104,114,219,219,219,232,250,250,299,199,275,325,335,220,253,270,297,97,114,114,114,139,14,14,14,14,14,14],"floor_reached":56,"language":"ENG","playtime":6054,"items_purged":["hexamod:Defend","hexamod:PowerFromBeyond","hexamod:SuperheatedStrike"],"score":966,"play_id":"e53cbc4d-8e76-443d-bf8f-d50fe6e2df27","local_time":"20210213015946","is_ascension_mode":true,"campfire_choices":[{"data":"hexamod:Float","floor":1,"key":"SMITH"},{"floor":13,"key":"REST"},{"data":"hexamod:ForkedFlame","floor":18,"key":"SMITH"},{"data":"hexamod:PhantomCloak","floor":23,"key":"SMITH"},{"data":"hexamod:ShieldOfDarkness","floor":25,"key":"SMITH"},{"floor":35,"key":"RECALL"},{"data":"hexamod:Rewind","floor":40,"key":"SMITH"},{"data":"hexamod:ForkedFlame","floor":48,"key":"SMITH"},{"floor":54,"key":"REST"}],"circlet_count":0,"master_deck":["hexamod:Sear","hexamod:Float+1","hexamod:GhostOfSpirePast+1","hexamod:GhostflameBarrier","hexamod:FlamesFromBeyond","hexamod:ChargedBarrage","hexamod:EmpoweredFlame","hexamod:ShieldOfDarkness+1","hexamod:AdvancingGuard","hexamod:SuperheatedStrike","hexamod:GhostOfSpirePast","hexamod:HauntingEcho","hexamod:ForkedFlame+1","hexamod:Hexaguard+1","hexamod:HauntingEcho+1","hexamod:HeatShield+1","hexamod:PhantomCloak+1","hexamod:FastForward+1","hexamod:FirstSeal","hexamod:Rewind+1","hexamod:EmpoweredFlame+1","hexamod:SearingWound","hexamod:HexaLevel","hexamod:FastForward+1","expansioncontent:Chronoboost","hexamod:ThermalTransfer+1","hexamod:GhostOfSpireFuture","hexamod:ForkedFlame+1"],"relics":["hexamod:SpiritBrand","InkBottle","Letter Opener","hexamod:SoulOfChaos","Art of War","Astrolabe","Strawberry","Bottled Flame","Ancient Tea Set","Medical Kit","Pandora\u0027s Box","Incense Burner","downfall:HeartBlessingRed","FossilizedHelix","Akabeko","PreservedInsect","downfall:HeartBlessingGreen","downfall:HeartBlessingBlue","bronze:DecasWashers"],"acts_visited":["Exordium","TheCity","TheBeyond","TheEnding"],"potions_floor_usage":[4,30,39,47,47,50,50,52,55],"damage_taken":[{"damage":0,"enemies":"2 Louse","floor":2,"turns":3},{"damage":4,"enemies":"Jaw Worm","floor":3,"turns":5},{"damage":21,"enemies":"Gremlin Nob","floor":4,"turns":5},{"damage":0,"enemies":"Cultist","floor":5,"turns":3},{"damage":5,"enemies":"3 Louse","floor":8,"turns":4},{"damage":18,"enemies":"Gremlin Gang","floor":9,"turns":4},{"damage":0,"enemies":"Blue Slaver","floor":10,"turns":4},{"damage":0,"enemies":"downfall:FleeingMerchant","floor":11,"turns":4},{"damage":3,"enemies":"3 Sentries","floor":14,"turns":6},{"damage":0,"enemies":"Exordium Wildlife","floor":15,"turns":3},{"damage":25,"enemies":"IC_STATUS_ARCHETYPE","floor":16,"turns":8},{"damage":0,"enemies":"Spheric Guardian","floor":19,"turns":3},{"damage":3,"enemies":"Centurion and Healer","floor":20,"turns":5},{"damage":5,"enemies":"Chosen and Byrds","floor":21,"turns":5},{"damage":0,"enemies":"Cultist and Chosen","floor":26,"turns":5},{"damage":0,"enemies":"Centurion and Healer","floor":28,"turns":5},{"damage":5,"enemies":"Snake Plant","floor":29,"turns":4},{"damage":45,"enemies":"Gremlin Leader","floor":30,"turns":7},{"damage":0,"enemies":"downfall:FleeingMerchant","floor":31,"turns":4},{"damage":10,"enemies":"Snecko","floor":32,"turns":5},{"damage":17,"enemies":"SI_MIRROR_ARCHETYPE","floor":33,"turns":9},{"damage":22,"enemies":"3 Darklings","floor":36,"turns":4},{"damage":4,"enemies":"3 Shapes","floor":37,"turns":4},{"damage":11,"enemies":"2 Orb Walkers","floor":39,"turns":5},{"damage":7,"enemies":"2 Orb Walkers","floor":42,"turns":6},{"damage":19,"enemies":"Writhing Mass","floor":43,"turns":6},{"damage":12,"enemies":"downfall:FleeingMerchant","floor":44,"turns":4},{"damage":0,"enemies":"Giant Head","floor":45,"turns":8},{"damage":31,"enemies":"4 Shapes","floor":46,"turns":3},{"damage":13,"enemies":"Nemesis","floor":47,"turns":9},{"damage":0,"enemies":"Jaw Worm Horde","floor":49,"turns":4},{"damage":13,"enemies":"DF_ARCHETYPE_ORBS","floor":50,"turns":9},{"damage":13,"enemies":"downfall:CharBossMerchant","floor":52,"turns":7},{"damage":0,"enemies":"downfall:NeowBoss","floor":55,"turns":11},{"damage":116,"enemies":"downfall:NeowBossFinal","floor":56,"turns":8}],"seed_played":"1509313992982390034","potions_obtained":[{"floor":3,"key":"Weak Potion"},{"floor":4,"key":"GamblersBrew"},{"floor":5,"key":"Swift Potion"},{"floor":10,"key":"Strength Potion"},{"floor":12,"key":"FairyPotion"},{"floor":32,"key":"LiquidMemories"},{"floor":45,"key":"EntropicBrew"},{"floor":46,"key":"EntropicBrew"}],"is_trial":false,"path_per_floor":["R","M","M","?","M","?","T","M","M","M","$","?","R","E","M","B",null,"R","M","M","M","?","R","T","R","M","T","M","M","E","$","M","B",null,"R","M","M","?","?","R","T","?","M","$","E","M","E","R","M","B",null,"E","$","R","B","B"],"character_chosen":"THE_SPIRIT","items_purchased":["hexamod:SoulOfChaos","Medical Kit"],"campfire_rested":2,"item_purchase_floors":[11,31],"current_hp_per_floor":[77,77,73,52,52,52,52,47,29,29,29,29,52,49,49,24,64,64,64,61,56,56,56,63,63,70,70,77,79,41,48,45,35,72,72,57,53,53,49,49,49,49,37,25,32,8,31,41,48,35,79,66,66,94,94,0,0,0],"gold":14,"neow_bonus":"TEN_PERCENT_HP_BONUS","is_daily":false,"chose_seed":false,"campfire_upgraded":6,"win_rate":0.0,"timestamp":1613141986,"path_taken":["R","M","M","?","M","?","T","M","?","M","$","?","R","E","M","BOSS","R","M","M","?","?","R","T","R","M","?","M","M","E","?","M","BOSS","R","M","M","?","?","R","T","?","M","?","E","?","E","R","M","BOSS","E","$","R","BOSS","BOSS"],"items_purchased_type":["Relic","Relic"],"build_version":"2020-12-22","purchased_purges":3,"victory":false,"max_hp_per_floor":[77,77,77,77,77,77,77,77,77,77,77,77,77,77,77,77,77,77,77,77,77,77,77,84,84,84,84,84,84,84,84,84,84,84,84,84,84,84,84,84,84,84,84,84,84,84,84,94,94,94,94,94,94,94,94,94,94,94],"card_choices":[{"not_picked":["hexamod:Firestarter","hexamod:CatchUp"],"picked":"hexamod:GhostOfSpirePast","floor":2},{"not_picked":["hexamod:HeatShield","hexamod:NightmareGuise"],"picked":"hexamod:GhostflameBarrier","floor":3},{"not_picked":["hexamod:RecurringNightmare","hexamod:NightmareGuise"],"picked":"hexamod:FlamesFromBeyond","floor":4},{"not_picked":["hexamod:FourthSeal","hexamod:GhostShield"],"picked":"hexamod:ChargedBarrage","floor":5},{"not_picked":["hexamod:HeatMetal","hexamod:SuperheatedStrike"],"picked":"hexamod:EmpoweredFlame","floor":8},{"not_picked":["hexamod:HauntingEcho","hexamod:CatchUp"],"picked":"hexamod:ShieldOfDarkness","floor":9},{"not_picked":["hexamod:BurningTouch","hexamod:NightmareStrike"],"picked":"hexamod:AdvancingGuard","floor":10},{"not_picked":["hexamod:AdvancingGuard","hexamod:ApocalypticArmor"],"picked":"hexamod:SuperheatedStrike","floor":11},{"not_picked":["hexamod:GhostflameBarrier","hexamod:BacktrackSmack"],"picked":"hexamod:GhostOfSpirePast","floor":14},{"not_picked":["hexamod:ExtraCrispy","hexamod:GhostflameBarrier"],"picked":"hexamod:HauntingEcho","floor":15},{"not_picked":["hexamod:GiftsFromTheDead","hexamod:HexaLevel"],"picked":"hexamod:ForkedFlame","floor":16},{"not_picked":["hexamod:NightmareGuise","hexamod:BurningTouch"],"picked":"hexamod:PhantomCloak","floor":19},{"not_picked":["hexamod:GiftsFromTheDead","hexamod:HauntingEcho"],"picked":"hexamod:FastForward+1","floor":20},{"not_picked":["hexamod:Hexaguard","hexamod:SkipABeat"],"picked":"hexamod:FirstSeal","floor":21},{"not_picked":["hexamod:GhostLash","hexamod:PowerFromBeyond+1"],"picked":"hexamod:Rewind","floor":26},{"not_picked":["hexamod:GhostShield","hexamod:NightmareGuise+1","hexamod:Haunt"],"picked":"SKIP","floor":28},{"not_picked":["hexamod:SwordOfDarkness","hexamod:FourthSeal","hexamod:ThermalTransfer+1"],"picked":"SKIP","floor":29},{"not_picked":["hexamod:GhostShield","hexamod:GhostOfSpirePresent","hexamod:SpectralSpark"],"picked":"SKIP","floor":30},{"not_picked":["hexamod:SpectersWail","hexamod:SwordOfDarkness"],"picked":"hexamod:EmpoweredFlame+1","floor":31},{"not_picked":["hexamod:FastForward","hexamod:NightmareGuise+1","hexamod:GhostShield+1"],"picked":"SKIP","floor":32},{"not_picked":["hexamod:SpectersWail+1","hexamod:FlamesFromBeyond+1","hexamod:CatchUp+1"],"picked":"SKIP","floor":36},{"not_picked":["hexamod:AdvancingGuard+1","hexamod:InspiringFlames"],"picked":"hexamod:FastForward+1","floor":37},{"not_picked":["expansioncontent:PolyBeam","expansioncontent:LastStand"],"picked":"expansioncontent:Chronoboost","floor":38},{"not_picked":["hexamod:InspiringFlames","hexamod:NightmareGuise+1"],"picked":"hexamod:ThermalTransfer+1","floor":39},{"not_picked":["hexamod:ThermalTransfer","hexamod:HeatShield","hexamod:BacktrackSmack+1"],"picked":"SKIP","floor":43},{"not_picked":["hexamod:SkipABeat+1","hexamod:SuperheatedStrike+1","hexamod:SecondSeal"],"picked":"SKIP","floor":44},{"not_picked":["hexamod:NightmareGuise","hexamod:GhostLash","hexamod:HauntingEcho"],"picked":"SKIP","floor":45},{"not_picked":["hexamod:RadiantFlame","hexamod:SecondSeal"],"picked":"hexamod:GhostOfSpireFuture","floor":46},{"not_picked":["hexamod:SpectersWail","hexamod:AdvancingGuard+1"],"picked":"hexamod:ForkedFlame","floor":47},{"not_picked":["hexamod:SwordOfDarkness","hexamod:DynamicBlow+1","hexamod:FastForward"],"picked":"SKIP","floor":49},{"not_picked":["hexamod:ShieldOfDarkness+1","hexamod:Hexaguard+1","hexamod:HeatCrush+1"],"picked":"SKIP","floor":52}],"player_experience":985542,"relics_obtained":[{"floor":7,"key":"Letter Opener"},{"floor":14,"key":"Art of War"},{"floor":24,"key":"Strawberry"},{"floor":27,"key":"Bottled Flame"},{"floor":30,"key":"Ancient Tea Set"},{"floor":39,"key":"Incense Burner"},{"floor":42,"key":"FossilizedHelix"},{"floor":45,"key":"Akabeko"},{"floor":47,"key":"PreservedInsect"},{"floor":52,"key":"bronze:DecasWashers"}],"event_choices":[{"damage_healed":0,"gold_gain":0,"player_choice":"Got Potions","damage_taken":0,"max_hp_gain":0,"max_hp_loss":0,"event_name":"Lab","floor":12,"gold_loss":0},{"damage_healed":0,"gold_gain":0,"player_choice":"Fight","damage_taken":0,"max_hp_gain":0,"max_hp_loss":0,"event_name":"Mysterious Sphere","floor":39,"gold_loss":0}],"is_beta":false,"boss_relics":[{"not_picked":["Calling Bell","Runic Pyramid"],"picked":"Astrolabe"},{"not_picked":["Tiny House","Snecko Eye"],"picked":"Pandora\u0027s Box"}],"items_purged_floors":[31,44,53],"is_endless":false,"potions_floor_spawned":[3,4,5,10,14,21,28,32,33,37,45,46],"killed_by":"downfall:NeowBossFinal","ascension_level":5}}