{"host":"knk89g45d3vzr5fm","time":1613152425,"event":{"mods":["2.2 Compatiblity","BaseMod","Downfall","Minty Spire (QoL Compilation)","Relic Stats","Reliquary","Replay The Spire","StSLib","The Marked"],"gold_per_floor":[99,114,126,142,161,161,161,161,188,27,58,74,74,103,122,122,122,122],"floor_reached":16,"language":"FRA","playtime":898,"items_purged":["sneckomod:Strike"],"score":153,"play_id":"5fd8dc5c-4b5c-4f0e-8935-df0e6fbfdbd7","local_time":"20210212185345","is_ascension_mode":true,"campfire_choices":[{"data":"sneckomod:SnekBite","floor":1,"key":"SMITH"},{"floor":8,"key":"DIG"},{"floor":13,"key":"DIG"}],"circlet_count":0,"master_deck":["sneckomod:Strike","sneckomod:Strike","sneckomod:Defend","sneckomod:Defend","sneckomod:Defend","sneckomod:TailWhip","sneckomod:SnekBite+1","sneckomod:Unknown","sneckomod:SoulRoll","sneckomod:UnknownClassMARKED_PURPLE_COLOR","sneckomod:SoulCleanse","sneckomod:UnknownClassRED","sneckomod:SlitherStrike","Second Wind","sneckomod:UnknownUncommonPower","sneckomod:UnendingSupply","sneckomod:UnknownUncommonPower","sneckomod:SoulRoll","sneckomod:Unknown3Cost","sneckomod:UnknownClassGREEN","hexamod:FirstSeal","sneckomod:MorePower","sneckomod:UnknownClassRED"],"relics":["sneckomod:SneckoSoul","Prayer Wheel","Shovel","StoneCalendar","Mango","reliquary:ExpiredCoupon","reliquary:BoilingFlask","reliquary:Aerogel"],"acts_visited":["Exordium"],"potions_floor_usage":[11,15,16],"damage_taken":[{"damage":3,"enemies":"Jaw Worm","floor":2,"turns":3},{"damage":7,"enemies":"2 Louse","floor":3,"turns":3},{"damage":0,"enemies":"Cultist","floor":4,"turns":5},{"damage":20,"enemies":"Exordium Wildlife","floor":5,"turns":5},{"damage":29,"enemies":"Replay:BlueRogue","floor":9,"turns":6},{"damage":0,"enemies":"downfall:FleeingMerchant","floor":10,"turns":4},{"damage":5,"enemies":"3 Sentries","floor":11,"turns":6},{"damage":16,"enemies":"Blue Slaver","floor":12,"turns":3},{"damage":3,"enemies":"Gremlin Nob","floor":14,"turns":5},{"damage":3,"enemies":"Gremlin Gang","floor":15,"turns":3},{"damage":38,"enemies":"DF_ARCHETYPE_STREAMLINE","floor":16,"turns":6}],"seed_played":"7071965769872588108","potions_obtained":[{"floor":4,"key":"Languid Potion"},{"floor":5,"key":"SkillPotion"},{"floor":9,"key":"SkillPotion"},{"floor":12,"key":"Milkshake"}],"is_trial":false,"path_per_floor":["R","M","M","M","M","?","T","R","E","$","E","M","R","E","M","B"],"character_chosen":"THE_SNECKO","items_purchased":["sneckomod:UnendingSupply"],"campfire_rested":0,"item_purchase_floors":[10],"current_hp_per_floor":[99,96,89,89,69,69,69,69,54,54,49,33,33,41,38,0,0,0],"gold":122,"neow_bonus":"TEN_PERCENT_HP_BONUS","is_daily":false,"chose_seed":false,"campfire_upgraded":1,"win_rate":0.0,"timestamp":1613152425,"path_taken":["R","M","M","M","M","?","T","R","E","$","E","M","R","E","M","BOSS"],"items_purchased_type":["Card"],"build_version":"2020-12-22","purchased_purges":1,"victory":false,"max_hp_per_floor":[99,99,99,99,99,99,99,99,113,113,113,113,113,113,113,113,113,113],"relic_stats":{"Shovel":2,"counters":[11,49],"Prayer Wheel":4,"StoneCalendar":[0],"obtain_stats":[{"reliquary:ExpiredCoupon":11,"Shovel":7,"reliquary:Aerogel":14,"reliquary:BoilingFlask":13,"Prayer Wheel":4,"StoneCalendar":8,"Mango":9,"sneckomod:SneckoSoul":0},{"reliquary:ExpiredCoupon":7,"Shovel":4,"reliquary:Aerogel":9,"reliquary:BoilingFlask":8,"Prayer Wheel":3,"StoneCalendar":4,"Mango":5,"sneckomod:SneckoSoul":0},{"reliquary:ExpiredCoupon":32,"Shovel":16,"reliquary:Aerogel":40,"reliquary:BoilingFlask":35,"Prayer Wheel":11,"StoneCalendar":16,"Mango":22,"sneckomod:SneckoSoul":0}]},"card_choices":[{"not_picked":["sneckomod:UnknownCommonAttack","sneckomod:RainOfDice"],"picked":"sneckomod:SoulRoll","floor":2},{"not_picked":["sneckomod:Unknown1Cost","sneckomod:UnknownExhaust"],"picked":"sneckomod:UnknownClassMARKED_PURPLE_COLOR","floor":3},{"not_picked":["sneckomod:CheapStock","sneckomod:UnknownClassGREEN"],"picked":"sneckomod:SoulCleanse","floor":4},{"not_picked":["sneckomod:UnknownX","sneckomod:UnknownClassRED"],"picked":"sneckomod:Memorize","floor":4},{"not_picked":["sneckomod:TrashToTreasure","sneckomod:UnknownClassMARKED_PURPLE_COLOR"],"picked":"sneckomod:UnknownClassRED","floor":5},{"not_picked":["sneckomod:UnknownVulnerable","sneckomod:Unknown0Cost"],"picked":"sneckomod:SlitherStrike","floor":5},{"not_picked":["sneckomod:UnknownClassBLUE","sneckomod:UnknownX","sneckomod:UnknownClassTHE_BRONZE_AUTOMATON"],"picked":"SKIP","floor":9},{"not_picked":["sneckomod:IronFang","sneckomod:DiceCrush"],"picked":"sneckomod:UnknownUncommonPower","floor":10},{"not_picked":["sneckomod:TrashToTreasure","sneckomod:IronFang"],"picked":"sneckomod:UnknownUncommonPower","floor":11},{"not_picked":["sneckomod:UnknownCommonAttack","sneckomod:QuickBite"],"picked":"sneckomod:SoulRoll","floor":12},{"not_picked":["sneckomod:UnknownClassHEXA_GHOST_PURPLE","sneckomod:UnknownClassTHE_CHAMP_GRAY","sneckomod:IronFang"],"picked":"SKIP","floor":12},{"not_picked":["sneckomod:UnknownClassGUARDIAN","sneckomod:UnknownClassTHE_BRONZE_AUTOMATON"],"picked":"sneckomod:Unknown3Cost","floor":14},{"not_picked":["sneckomod:UnknownCommonAttack","sneckomod:UnknownClassBLUE"],"picked":"sneckomod:UnknownClassGREEN","floor":15},{"not_picked":["hexamod:ThirdSeal","hexamod:FourthSeal"],"picked":"hexamod:FirstSeal","floor":15},{"not_picked":["sneckomod:UnknownClassTHE_BRONZE_AUTOMATON","sneckomod:MixItUp"],"picked":"sneckomod:MorePower","floor":15},{"not_picked":["sneckomod:IronFang","sneckomod:UnknownCommonAttack"],"picked":"sneckomod:UnknownClassRED","floor":15}],"player_experience":2118811,"relics_obtained":[{"floor":7,"key":"Shovel"},{"floor":8,"key":"StoneCalendar"},{"floor":9,"key":"Mango"},{"floor":11,"key":"reliquary:ExpiredCoupon"},{"floor":13,"key":"reliquary:BoilingFlask"},{"floor":14,"key":"reliquary:Aerogel"}],"event_choices":[],"is_beta":false,"boss_relics":[],"items_purged_floors":[10],"is_endless":false,"potions_floor_spawned":[4,5,9,12],"killed_by":"DF_ARCHETYPE_STREAMLINE","ascension_level":1}}