{"host":"af4pzp5tm7cfibaw","time":1613098046,"event":{"mods":["AchievementEnabler","BaseMod","BetterRewards","Highlight Path","Minty Spire (QoL Compilation)","StSLib","SuperFastMode"],"gold_per_floor":[115,128,128,144,32,60,60,76,99,99,99],"floor_reached":10,"language":"ENG","playtime":336,"items_purged":["Strike_G"],"score":82,"play_id":"ead4cd2b-c965-4c75-9ada-de54d22d50bc","local_time":"20210212154726","is_ascension_mode":true,"campfire_choices":[],"circlet_count":0,"master_deck":["Strike_G","Strike_G","Strike_G","Strike_G","Defend_G","Defend_G","Defend_G","Defend_G","Defend_G","Survivor","Neutralize","Concentrate","Flechettes","Choke","Infinite Blades","Acrobatics","Accuracy"],"relics":["Ring of the Snake","NeowsBlessing","Bag of Marbles","Golden Idol","Anchor"],"acts_visited":[],"potions_floor_usage":[6],"damage_taken":[{"damage":0,"enemies":"Cultist","floor":1,"turns":1},{"damage":0,"enemies":"2 Louse","floor":2,"turns":1},{"damage":0,"enemies":"Small Slimes","floor":4,"turns":1},{"damage":32,"enemies":"3 Sentries","floor":6,"turns":11},{"damage":12,"enemies":"Exordium Wildlife","floor":8,"turns":5},{"damage":7,"enemies":"Gremlin Nob","floor":10,"turns":3}],"seed_played":"1681322667612188168","potions_obtained":[{"floor":1,"key":"Block Potion"},{"floor":6,"key":"Energy Potion"}],"is_trial":false,"path_per_floor":["M","M","?","M","$","E","?","M","T","E"],"character_chosen":"THE_SILENT","items_purchased":["Infinite Blades"],"campfire_rested":0,"item_purchase_floors":[5],"current_hp_per_floor":[70,70,70,70,70,38,21,9,9,2,2],"gold":99,"neow_bonus":"THREE_ENEMY_KILL","is_daily":false,"chose_seed":false,"campfire_upgraded":0,"win_rate":0.0,"timestamp":1613098046,"path_taken":["M","?","?","M","$","E","?","?","T","E"],"items_purchased_type":["Card"],"build_version":"2020-12-22","purchased_purges":1,"victory":false,"max_hp_per_floor":[70,70,70,70,70,70,70,70,70,70,70],"card_choices":[{"not_picked":["Tactician","Deflect"],"picked":"Concentrate","floor":1},{"not_picked":["Skewer","Caltrops"],"picked":"Flechettes","floor":2},{"not_picked":["Cloak And Dagger","Poisoned Stab"],"picked":"Choke","floor":4},{"not_picked":["Heel Hook","Bane"],"picked":"Acrobatics","floor":6},{"not_picked":["Riddle With Holes","Flying Knee"],"picked":"Accuracy","floor":8}],"player_experience":310130,"relics_obtained":[{"floor":6,"key":"Bag of Marbles"},{"floor":9,"key":"Anchor"}],"event_choices":[{"damage_healed":0,"gold_gain":0,"player_choice":"Ignored","damage_taken":0,"max_hp_gain":0,"max_hp_loss":0,"event_name":"Golden Wing","floor":3,"gold_loss":0},{"damage_healed":0,"gold_gain":0,"player_choice":"Take Damage","damage_taken":17,"relics_obtained":["Golden Idol"],"max_hp_gain":0,"max_hp_loss":0,"event_name":"Golden Idol","floor":7,"gold_loss":0}],"is_beta":false,"boss_relics":[],"items_purged_floors":[5],"is_endless":false,"potions_floor_spawned":[1,6],"killed_by":"Gremlin Nob","ascension_level":4}}