{"host":"tpad8qsc9e0g0pa5","time":1613114162,"event":{"mods":["BaseMod","Minty Spire (QoL Compilation)","Quick Restart","StSLib","The Servant 0.9.4"],"gold_per_floor":[116,135,61,136,236,268,268,279,352,369,384,384,412,430,430,535,535,549,459,476,499,76,105,135,135,158,158,158,158],"floor_reached":28,"language":"ZHS","playtime":2003,"items_purged":["Strike_R"],"score":314,"play_id":"3f21156f-aa26-42b6-b948-c1f074e7bb77","local_time":"20210212151602","is_ascension_mode":true,"campfire_choices":[{"data":"True Grit","floor":7.0,"key":"SMITH"},{"data":"Bash","floor":12.0,"key":"SMITH"},{"data":"Dropkick","floor":15.0,"key":"SMITH"},{"floor":25.0,"key":"REST"}],"circlet_count":0,"master_deck":["Strike_R+1","Strike_R","Strike_R","Defend_R","Defend_R","Defend_R","Defend_R","Bash+1","Clash","True Grit+1","Dropkick+1","Cleave","Thunderclap","Berserk","Dropkick","True Grit"],"relics":["Burning Blood","NeowsBlessing","Orichalcum","Sundial","CeramicFish","Sozu","Orrery","Bag of Marbles","Happy Flower","Red Mask","Red Skull","Frozen Egg 2"],"acts_visited":["Exordium","TheCity"],"potions_floor_usage":[],"damage_taken":[{"damage":0.0,"enemies":"Small Slimes","floor":1.0,"turns":1.0},{"damage":0.0,"enemies":"Jaw Worm","floor":2.0,"turns":1.0},{"damage":0.0,"enemies":"3 Sentries","floor":6.0,"turns":2.0},{"damage":1.0,"enemies":"Cultist","floor":8.0,"turns":3.0},{"damage":12.0,"enemies":"Exordium Thugs","floor":10.0,"turns":6.0},{"damage":5.0,"enemies":"Red Slaver","floor":11.0,"turns":4.0},{"damage":28.0,"enemies":"Lagavulin","floor":13.0,"turns":6.0},{"damage":0.0,"enemies":"2 Fungi Beasts","floor":14.0,"turns":2.0},{"damage":49.0,"enemies":"Slime Boss","floor":16.0,"turns":10.0},{"damage":11.0,"enemies":"Shell Parasite","floor":18.0,"turns":5.0},{"damage":2.0,"enemies":"Chosen","floor":20.0,"turns":4.0},{"damage":11.0,"enemies":"Snecko","floor":21.0,"turns":4.0},{"damage":67.0,"enemies":"Book of Stabbing","floor":23.0,"turns":6.0},{"damage":14.0,"enemies":"Masked Bandits","floor":24.0,"turns":4.0},{"damage":37,"enemies":"Slavers","floor":28,"turns":3}],"seed_played":"1623862133636978719","potions_obtained":[{"floor":2.0,"key":"BloodPotion"},{"floor":11.0,"key":"SpeedPotion"},{"floor":13.0,"key":"Fruit Juice"}],"is_trial":false,"path_per_floor":["M","M","$","?","?","E","R","M","T","M","M","R","E","M","R","B",null,"M","?","M","M","$","E","?","R","T","T","E"],"character_chosen":"IRONCLAD","items_purchased":["Dropkick","True Grit","Orrery","Bag of Marbles"],"campfire_rested":1,"item_purchase_floors":[3,22,22,22],"current_hp_per_floor":[80,80,80,69,69,75,75,80,80,74,75,75,74,80,80,37,85,80,80,84,79,79,18,10,35,35,35,0,0],"gold":158,"neow_bonus":"THREE_ENEMY_KILL","is_daily":false,"chose_seed":false,"campfire_upgraded":3,"win_rate":0.0,"timestamp":1613114162,"path_taken":["M","M","$","?","?","E","R","M","T","?","M","R","E","M","R","BOSS","M","?","M","?","$","E","?","R","T","?","E"],"items_purchased_type":["Card","Card","Relic","Relic"],"build_version":"2020-12-22","purchased_purges":1,"victory":false,"max_hp_per_floor":[80,80,80,80,80,80,80,80,80,80,80,80,85,85,85,85,85,85,85,85,85,85,85,85,85,85,85,85,85],"card_choices":[{"not_picked":["Twin Strike","Havoc"],"picked":"Clash","floor":1.0},{"not_picked":["Flex","Sword Boomerang"],"picked":"True Grit","floor":2.0},{"not_picked":["Body Slam","Brutality","Evolve"],"picked":"SKIP","floor":6.0},{"not_picked":["Wild Strike","Inflame","Warcry"],"picked":"SKIP","floor":8.0},{"not_picked":["Armaments","Pummel"],"picked":"Cleave","floor":10.0},{"not_picked":["Twin Strike","Thunderclap","Wild Strike"],"picked":"SKIP","floor":11.0},{"not_picked":["Twin Strike","Wild Strike"],"picked":"Thunderclap","floor":11.0},{"not_picked":["Clash","Feed","Wild Strike"],"picked":"SKIP","floor":13.0},{"not_picked":["Clothesline","Disarm","Flame Barrier"],"picked":"SKIP","floor":14.0},{"not_picked":["Exhume","Feed"],"picked":"Berserk","floor":16.0},{"not_picked":["Bloodletting","Infernal Blade","Power Through"],"picked":"SKIP","floor":18.0},{"not_picked":["Clothesline","Warcry","Iron Wave"],"picked":"SKIP","floor":20.0},{"not_picked":["Rupture","Thunderclap"],"picked":"Dropkick","floor":21.0},{"not_picked":["Whirlwind","Blood for Blood","Sword Boomerang"],"picked":"SKIP","floor":23.0}],"player_experience":333008,"relics_obtained":[{"floor":6.0,"key":"Orichalcum"},{"floor":9.0,"key":"Sundial"},{"floor":13.0,"key":"CeramicFish"},{"floor":23.0,"key":"Happy Flower"},{"floor":24.0,"key":"Red Mask"},{"floor":26.0,"key":"Red Skull"},{"floor":27.0,"key":"Frozen Egg 2"}],"event_choices":[{"damage_healed":0.0,"max_hp_gain":0.0,"max_hp_loss":0.0,"gold_gain":75.0,"event_name":"World of Goop","player_choice":"Gather Gold","floor":4.0,"gold_loss":0.0,"damage_taken":11.0},{"damage_healed":0.0,"max_hp_gain":0.0,"max_hp_loss":0.0,"gold_gain":100.0,"event_name":"Golden Shrine","player_choice":"Pray","floor":5.0,"gold_loss":0.0,"damage_taken":0.0},{"cards_removed":["Strike_R"],"damage_healed":0.0,"max_hp_gain":0.0,"max_hp_loss":0.0,"gold_gain":0.0,"event_name":"Designer","player_choice":"Upgrade and Remove","floor":19.0,"gold_loss":90.0,"damage_taken":0.0,"cards_upgraded":["Strike_R"]},{"damage_healed":0.0,"max_hp_gain":0.0,"max_hp_loss":0.0,"gold_gain":0.0,"event_name":"Masked Bandits","player_choice":"Fought Bandits","floor":24.0,"gold_loss":0.0,"damage_taken":0.0}],"is_beta":false,"boss_relics":[{"not_picked":["Snecko Eye","Busted Crown"],"picked":"Sozu"}],"items_purged_floors":[22],"is_endless":false,"potions_floor_spawned":[2,11,13,18,21,24],"killed_by":"Slavers","ascension_level":3}}