{"host":"jx3f6ezc0g3s9edc","time":1613098337,"event":{"mods":["AchievementEnabler","BaseMod","Bestiary","Colored Map","Highlight Path","Minty Spire (QoL Compilation)","StSLib"],"gold_per_floor":[109,120,136,136,156,190,190,190,190,190,201,3,29,54,54,54,54],"floor_reached":16,"language":"ENG","playtime":838,"items_purged":["Strike_R"],"score":187,"play_id":"f412992c-4467-491e-8e0e-023c3c9dc43a","local_time":"20210211215217","is_ascension_mode":true,"campfire_choices":[{"floor":7,"key":"REST"},{"data":"Enlightenment","floor":10,"key":"SMITH"},{"data":"Rampage","floor":15,"key":"SMITH"}],"circlet_count":0,"master_deck":["AscendersBane","Strike_R","Strike_R","Strike_R","Strike_R","Defend_R","Defend_R","Defend_R","Defend_R","Bash","Enlightenment+1","Cleave","Twin Strike","Shrug It Off","Pommel Strike","Headbutt","Rampage+1","Flex"],"relics":["Burning Blood","CultistMask","Boot","Meat on the Bone","Lantern","MealTicket","HornCleat"],"acts_visited":["Exordium"],"potions_floor_usage":[16,16],"damage_taken":[{"damage":9,"enemies":"Jaw Worm","floor":1,"turns":6},{"damage":10,"enemies":"Cultist","floor":2,"turns":4},{"damage":4,"enemies":"2 Louse","floor":3,"turns":3},{"damage":21,"enemies":"Exordium Thugs","floor":5,"turns":6},{"damage":40,"enemies":"3 Sentries","floor":6,"turns":9},{"damage":0,"enemies":"Gremlin Gang","floor":11,"turns":3},{"damage":36,"enemies":"Gremlin Nob","floor":14,"turns":4},{"damage":63,"enemies":"Slime Boss","floor":16,"turns":7}],"seed_played":"5447685245604079773","potions_obtained":[{"floor":1,"key":"SpeedPotion"},{"floor":3,"key":"SpeedPotion"},{"floor":6,"key":"BloodPotion"}],"is_trial":false,"path_per_floor":["M","M","M","?","M","E","R","?","T","R","M","$","T","E","R","B"],"character_chosen":"IRONCLAD","items_purchased":["Rampage","BloodPotion"],"campfire_rested":1,"item_purchase_floors":[12,12],"current_hp_per_floor":[65,61,63,63,48,14,36,33,33,33,51,51,51,33,33,0,0],"gold":54,"neow_bonus":"RANDOM_COLORLESS","is_daily":false,"chose_seed":false,"campfire_upgraded":2,"win_rate":0.0,"timestamp":1613098337,"path_taken":["M","M","M","?","?","E","R","?","T","R","M","$","?","E","R","BOSS"],"items_purchased_type":["Card","Potion"],"build_version":"2020-12-22","purchased_purges":1,"victory":false,"max_hp_per_floor":[75,75,75,75,75,75,75,75,75,75,75,75,75,75,75,75,75],"card_choices":[{"not_picked":["Forethought","PanicButton"],"picked":"Enlightenment","floor":0},{"not_picked":["Twin Strike","Reckless Charge"],"picked":"Cleave","floor":1},{"not_picked":["Cleave","Infernal Blade"],"picked":"Twin Strike","floor":2},{"not_picked":["Twin Strike","Cleave"],"picked":"Shrug It Off","floor":3},{"not_picked":["Warcry","Anger"],"picked":"Pommel Strike","floor":5},{"not_picked":["Barricade","Berserk","Sever Soul"],"picked":"SKIP","floor":6},{"not_picked":["Wild Strike","Perfected Strike"],"picked":"Headbutt","floor":11},{"not_picked":["Sentinel","Seeing Red"],"picked":"Flex","floor":14}],"player_experience":858256,"relics_obtained":[{"floor":6,"key":"Boot"},{"floor":9,"key":"Lantern"},{"floor":13,"key":"MealTicket"},{"floor":14,"key":"HornCleat"}],"event_choices":[{"damage_healed":0,"gold_gain":0,"player_choice":"Trade","damage_taken":0,"relics_obtained":["CultistMask"],"max_hp_gain":0,"max_hp_loss":0,"event_name":"FaceTrader","floor":4,"gold_loss":0},{"damage_healed":0,"gold_gain":0,"player_choice":"Success","damage_taken":3,"relics_obtained":["Meat on the Bone"],"max_hp_gain":0,"max_hp_loss":0,"event_name":"Scrap Ooze","floor":8,"gold_loss":0}],"is_beta":false,"boss_relics":[],"items_purged_floors":[12],"is_endless":false,"potions_floor_spawned":[1,3,6],"killed_by":"Slime Boss","ascension_level":14}}