{"host":"8rgpnls124hwjv5t","time":1613170998,"event":{"mods":["BaseMod","Colored Map","Colored Powertips","DeckTracker","Highlight Path","Minty Spire (QoL Compilation)","Permanent Neow","Quick Restart","Relic Stats","Shop Mod","StSLib"],"gold_per_floor":[109,128,143,154,1,33,33,51,51,0,33,83,83,108,108,179,179,195,195,195,195],"floor_reached":20,"language":"ENG","playtime":1647,"items_purged":["Shame"],"score":355,"play_id":"1296c37b-de6d-40b3-98e9-aa7adc32d581","local_time":"20210212180318","is_ascension_mode":true,"campfire_choices":[{"data":"Reinforced Body","floor":7,"key":"SMITH"},{"floor":13,"key":"REST"},{"floor":15,"key":"REST"}],"circlet_count":0,"master_deck":["AscendersBane","Strike_B","Strike_B","Strike_B","Strike_B","Defend_B","Defend_B","Defend_B","Defend_B","Zap","Dualcast","Reinforced Body+1","Double Energy","Gash","Cold Snap","Loop","Glacier","Ball Lightning","FTL","Barrage","Thunder Strike","Compile Driver"],"relics":["Cracked Core","Calipers","Smiling Mask","Omamori","Toy Ornithopter","Shuriken","Black Star"],"acts_visited":["Exordium","TheCity"],"potions_floor_usage":[6,8,18],"damage_taken":[{"damage":10,"enemies":"2 Louse","floor":1,"turns":3},{"damage":0,"enemies":"Jaw Worm","floor":2,"turns":4},{"damage":2,"enemies":"Cultist","floor":3,"turns":4},{"damage":8,"enemies":"Blue Slaver","floor":4,"turns":4},{"damage":18,"enemies":"Lagavulin","floor":6,"turns":11},{"damage":1,"enemies":"Exordium Thugs","floor":8,"turns":6},{"damage":16,"enemies":"Gremlin Nob","floor":11,"turns":5},{"damage":10,"enemies":"3 Sentries","floor":14,"turns":9},{"damage":39,"enemies":"Slime Boss","floor":16,"turns":13},{"damage":49,"enemies":"Shell Parasite","floor":18,"turns":12},{"damage":27,"enemies":"3 Byrds","floor":20,"turns":2}],"seed_played":"7832281360606627860","potions_obtained":[{"floor":3,"key":"Regen Potion"},{"floor":4,"key":"Strength Potion"},{"floor":16,"key":"Swift Potion"}],"is_trial":false,"path_per_floor":["M","M","M","M","$","E","R","M","T","?","E","?","R","E","R","B",null,"M","?","M"],"character_chosen":"DEFECT","items_purchased":["Loop"],"campfire_rested":2,"item_purchase_floors":[5],"current_hp_per_floor":[54,54,52,44,44,41,41,40,40,40,24,24,45,35,56,17,58,14,14,0,0],"gold":195,"neow_bonus":"ONE_RARE_RELIC","is_daily":false,"chose_seed":false,"campfire_upgraded":1,"win_rate":0.0,"timestamp":1613170998,"path_taken":["M","M","M","M","$","E","R","M","T","?","E","?","R","E","R","BOSS","M","?","M"],"items_purchased_type":["Card"],"build_version":"2020-12-22","purchased_purges":1,"victory":false,"max_hp_per_floor":[71,71,71,71,71,71,71,71,71,71,71,71,71,71,71,71,71,71,71,71,71],"relic_stats":{"counters":[11,73],"Shuriken":[5],"Black Star":0,"Smiling Mask":0,"obtain_stats":[{"Calipers":0,"Shuriken":14,"Omamori":9,"Black Star":17,"Cracked Core":0,"Smiling Mask":6,"Toy Ornithopter":11},{"Calipers":0,"Shuriken":8,"Omamori":6,"Black Star":9,"Cracked Core":0,"Smiling Mask":5,"Toy Ornithopter":7},{"Calipers":0,"Shuriken":46,"Omamori":32,"Black Star":59,"Cracked Core":0,"Smiling Mask":26,"Toy Ornithopter":37}],"Toy Ornithopter":5},"card_choices":[{"not_picked":["Stack","Leap"],"picked":"Reinforced Body","floor":1},{"not_picked":["Sweeping Beam","Gash"],"picked":"Double Energy","floor":2},{"not_picked":["Consume","Double Energy"],"picked":"Gash","floor":3},{"not_picked":["Streamline","Conserve Battery"],"picked":"Cold Snap","floor":4},{"not_picked":["Streamline","Barrage"],"picked":"Glacier","floor":6},{"not_picked":["Hologram","Compile Driver"],"picked":"Ball Lightning","floor":8},{"not_picked":["Recycle","Sweeping Beam"],"picked":"FTL","floor":11},{"not_picked":["Storm","Rebound"],"picked":"Barrage","floor":14},{"not_picked":["Hyperbeam","Seek"],"picked":"Thunder Strike","floor":16},{"not_picked":["Redo+1","Steam"],"picked":"Compile Driver","floor":18}],"player_experience":585880,"relics_obtained":[{"floor":6,"key":"Smiling Mask"},{"floor":9,"key":"Omamori"},{"floor":11,"key":"Toy Ornithopter"},{"floor":14,"key":"Shuriken"}],"event_choices":[{"damage_healed":0,"gold_gain":0,"player_choice":"Left Gold","damage_taken":0,"max_hp_gain":0,"max_hp_loss":0,"event_name":"World of Goop","floor":10,"gold_loss":51},{"damage_healed":0,"gold_gain":50,"player_choice":"Pray","damage_taken":0,"max_hp_gain":0,"max_hp_loss":0,"event_name":"Golden Shrine","floor":12,"gold_loss":0},{"damage_healed":0,"gold_gain":0,"player_choice":"Ignored","damage_taken":0,"max_hp_gain":0,"max_hp_loss":0,"event_name":"Cursed Tome","floor":19,"gold_loss":0}],"is_beta":false,"boss_relics":[{"not_picked":["FrozenCore","Calling Bell"],"picked":"Black Star"}],"items_purged_floors":[5],"is_endless":false,"potions_floor_spawned":[3,4,16],"killed_by":"3 Byrds","ascension_level":17}}