{"host":"8is2j71l4wmybkoi","time":1613129775,"event":{"mods":["AchievementEnabler","BaseMod","Colored Map","Minty Spire (QoL Compilation)","Rare Cards Sparkle","StSLib","SuperFastMode"],"gold_per_floor":[109,69,86,97,113,147,147,180,180,180,180,180,30,59,59,138,138,152,168,186,86,96,96,128,128,178,178,93,109,309,325,325,399,399,415,415,432,444,458,487,487,518,518,551,599,599,631,631,631,631,631,631,16,50,50],"floor_reached":56,"language":"KOR","playtime":3065,"items_purged":["Strike_G","Defend_G","Pain"],"score":2249,"play_id":"8337eeee-3f3b-4a9d-bde8-826e158bfbfe","local_time":"20210212203615","is_ascension_mode":true,"campfire_choices":[{"data":"Terror","floor":7.0,"key":"SMITH"},{"floor":10.0,"key":"REST"},{"data":"Venomology","floor":15.0,"key":"SMITH"},{"floor":23.0,"key":"RECALL"},{"floor":25.0,"key":"REST"},{"floor":32.0,"key":"REST"},{"floor":46,"key":"REST"},{"floor":49,"key":"REST"},{"floor":52,"key":"REST"}],"circlet_count":0,"master_deck":["AscendersBane","Strike_G","Strike_G","Defend_G","Defend_G+1","Defend_G","Survivor","Neutralize","Corpse Explosion","Blade Dance","Terror+1","Blade Dance","Deadly Poison","PiercingWail","Venomology+1","Burst","Footwork+1","Acrobatics","Backflip","Backflip+1","Tactician","Acrobatics","Malaise","After Image","Sucker Punch","Escape Plan","Prepared","Deadly Poison+1","Escape Plan+1","After Image","Apotheosis","Footwork","Finesse"],"relics":["Ring of the Snake","Bronze Scales","Regal Pillow","Mummified Hand","Incense Burner","Paper Crane","Fusion Hammer","Shuriken","Lantern","HornCleat","Cursed Key","Thread and Needle","Anchor","PreservedInsect","Gambling Chip","Bottled Lightning","Happy Flower","War Paint"],"acts_visited":["Exordium","TheCity","TheBeyond","TheEnding"],"potions_floor_usage":[33,33,33,33,35,38,38,39,39,44,44,44,47,47,50,50,54,55,55,55],"damage_taken":[{"damage":2.0,"enemies":"Cultist","floor":1.0,"turns":4.0},{"damage":0.0,"enemies":"Small Slimes","floor":3.0,"turns":4.0},{"damage":0.0,"enemies":"2 Louse","floor":4.0,"turns":2.0},{"damage":1.0,"enemies":"Blue Slaver","floor":5.0,"turns":4.0},{"damage":25.0,"enemies":"Lagavulin","floor":6.0,"turns":6.0},{"damage":20.0,"enemies":"Gremlin Nob","floor":8.0,"turns":3.0},{"damage":10.0,"enemies":"3 Sentries","floor":14.0,"turns":2.0},{"damage":13.0,"enemies":"The Guardian","floor":16.0,"turns":8.0},{"damage":0.0,"enemies":"Spheric Guardian","floor":18.0,"turns":3.0},{"damage":1.0,"enemies":"Chosen","floor":19.0,"turns":4.0},{"damage":2.0,"enemies":"Snecko","floor":20.0,"turns":4.0},{"damage":6.0,"enemies":"Cultist and Chosen","floor":22.0,"turns":4.0},{"damage":0.0,"enemies":"Gremlin Leader","floor":24.0,"turns":7.0},{"damage":0.0,"enemies":"Shelled Parasite and Fungi","floor":29.0,"turns":4.0},{"damage":0.0,"enemies":"Snecko","floor":31.0,"turns":2.0},{"damage":48,"enemies":"Collector","floor":33,"turns":9},{"damage":0,"enemies":"Orb Walker","floor":35,"turns":3},{"damage":1,"enemies":"3 Shapes","floor":37,"turns":5},{"damage":11,"enemies":"Sphere and 2 Shapes","floor":38,"turns":5},{"damage":0,"enemies":"Spire Growth","floor":39,"turns":4},{"damage":8,"enemies":"Reptomancer","floor":40,"turns":8},{"damage":0,"enemies":"Nemesis","floor":42,"turns":11},{"damage":6,"enemies":"Reptomancer","floor":44,"turns":5},{"damage":5,"enemies":"2 Orb Walkers","floor":45,"turns":4},{"damage":1,"enemies":"Nemesis","floor":47,"turns":5},{"damage":13,"enemies":"Time Eater","floor":50,"turns":14},{"damage":0,"enemies":"Shield and Spear","floor":54,"turns":5},{"damage":33,"enemies":"The Heart","floor":55,"turns":9}],"seed_played":"-2136659783181824387","potions_obtained":[{"floor":2.0,"key":"SneckoOil"},{"floor":2.0,"key":"EssenceOfSteel"},{"floor":8.0,"key":"SteroidPotion"},{"floor":16.0,"key":"LiquidMemories"},{"floor":20.0,"key":"BlessingOfTheForge"},{"floor":37,"key":"SteroidPotion"},{"floor":38,"key":"SteroidPotion"},{"floor":42,"key":"GamblersBrew"}],"is_trial":false,"path_per_floor":["M","?","M","M","M","E","R","E","T","R","?","?","$","E","R","B",null,"M","M","M","$","M","R","E","R","T","?","?","M","?","M","R","B",null,"M","?","M","M","M","E","?","E","T","E","?","R","E","T","R","B",null,"R","$","E","B",null],"character_chosen":"THE_SILENT","items_purchased":["LiquidMemories","Apotheosis","Happy Flower","PowerPotion","Footwork","Finesse"],"campfire_rested":6,"item_purchase_floors":[13,53,53,53,53,53],"current_hp_per_floor":[57,57,57,57,56,31,31,11,11,45,34,27,27,17,17,4,51,51,50,48,48,42,42,42,66,66,66,66,66,66,66,66,18,54,54,76,75,64,64,56,56,56,56,50,45,76,75,75,76,72,75,76,76,76,43],"gold":50,"neow_bonus":"TRANSFORM_CARD","is_daily":false,"chose_seed":false,"campfire_upgraded":2,"win_rate":0.0,"timestamp":1613129775,"path_taken":["M","?","M","?","M","E","R","E","T","R","?","?","?","E","R","BOSS","M","M","M","$","M","R","E","R","T","?","?","M","?","?","R","BOSS","M","?","M","M","?","E","?","E","T","E","?","R","E","?","R","BOSS","R","$","E","BOSS"],"items_purchased_type":["Potion","Card","Relic","Potion","Card","Card"],"build_version":"2020-12-22","purchased_purges":3,"victory":true,"max_hp_per_floor":[66,66,66,66,66,66,66,66,66,66,66,66,66,66,66,66,66,66,66,66,66,66,66,66,66,66,66,66,66,66,66,66,66,66,66,76,76,76,76,76,76,76,76,76,76,76,76,76,76,76,76,76,76,76,76],"card_choices":[{"not_picked":["Flying Knee","Distraction"],"picked":"Blade Dance","floor":1.0},{"not_picked":["Deadly Poison","Deflect"],"picked":"Terror","floor":3.0},{"not_picked":["Deflect","Acrobatics"],"picked":"Blade Dance","floor":4.0},{"not_picked":["Prepared","Skewer"],"picked":"Deadly Poison","floor":5.0},{"not_picked":["Infinite Blades","Deadly Poison"],"picked":"PiercingWail","floor":6.0},{"not_picked":["Dash","Cloak And Dagger","Quick Slash"],"picked":"SKIP","floor":8.0},{"not_picked":["Cloak And Dagger","Acrobatics"],"picked":"Venomology","floor":14.0},{"not_picked":["Unload","Tools of the Trade"],"picked":"Burst","floor":16.0},{"not_picked":["Riddle With Holes","Flying Knee"],"picked":"Footwork+1","floor":18.0},{"not_picked":["Heel Hook","Flying Knee","Skewer+1"],"picked":"SKIP","floor":19.0},{"not_picked":["Bane","Deadly Poison"],"picked":"Acrobatics","floor":20.0},{"not_picked":["Flying Knee+1","Quick Slash"],"picked":"Backflip","floor":22.0},{"not_picked":["All Out Attack","Sucker Punch"],"picked":"Backflip","floor":24.0},{"not_picked":["Eviscerate","All Out Attack"],"picked":"Doppelganger","floor":29.0},{"not_picked":["Caltrops","Bane"],"picked":"Acrobatics","floor":31.0},{"not_picked":["Phantasmal Killer","Grand Finale"],"picked":"Malaise","floor":33},{"not_picked":["Quick Slash","Dagger Spray","Backflip"],"picked":"SKIP","floor":35},{"not_picked":["Cloak And Dagger","Underhanded Strike"],"picked":"After Image","floor":37},{"not_picked":["Backstab+1","Prepared"],"picked":"Sucker Punch","floor":38},{"not_picked":["Predator","Quick Slash","PiercingWail"],"picked":"SKIP","floor":39},{"not_picked":["Dagger Throw+1","Heel Hook"],"picked":"Escape Plan","floor":40},{"not_picked":["Dodge and Roll","Dagger Throw+1"],"picked":"Prepared","floor":42},{"not_picked":["Bouncing Flask","Acrobatics"],"picked":"Deadly Poison+1","floor":44},{"not_picked":["Backflip","Quick Slash"],"picked":"Escape Plan+1","floor":45},{"not_picked":["Dodge and Roll","Calculated Gamble"],"picked":"After Image","floor":47},{"not_picked":["Escape Plan","Slice","Sucker Punch"],"picked":"SKIP","floor":54}],"player_experience":1153506,"relics_obtained":[{"floor":6.0,"key":"Bronze Scales"},{"floor":8.0,"key":"Regal Pillow"},{"floor":9.0,"key":"Mummified Hand"},{"floor":14.0,"key":"Paper Crane"},{"floor":24.0,"key":"Shuriken"},{"floor":26.0,"key":"Lantern"},{"floor":40,"key":"Thread and Needle"},{"floor":42,"key":"Anchor"},{"floor":44,"key":"PreservedInsect"},{"floor":45,"key":"Gambling Chip"},{"floor":47,"key":"Bottled Lightning"},{"floor":54,"key":"War Paint"}],"event_choices":[{"damage_healed":0.0,"max_hp_gain":0.0,"max_hp_loss":0.0,"gold_gain":0.0,"event_name":"The Woman in Blue","player_choice":"Bought 3 Potions","floor":2.0,"gold_loss":0.0,"damage_taken":0.0},{"damage_healed":0.0,"max_hp_gain":0.0,"max_hp_loss":0.0,"gold_gain":0.0,"event_name":"Scrap Ooze","player_choice":"Success","floor":11.0,"gold_loss":0.0,"damage_taken":11.0,"relics_obtained":["Incense Burner"]},{"cards_removed":["Strike_G"],"damage_healed":0.0,"max_hp_gain":0.0,"max_hp_loss":0.0,"gold_gain":0.0,"event_name":"Golden Wing","player_choice":"Card Removal","floor":12.0,"gold_loss":0.0,"damage_taken":7.0},{"damage_healed":0.0,"max_hp_gain":0.0,"max_hp_loss":0.0,"gold_gain":0.0,"event_name":"The Library","player_choice":"Read","floor":27.0,"gold_loss":0.0,"damage_taken":0.0,"cards_obtained":["Tactician"]},{"damage_healed":0.0,"max_hp_gain":0.0,"max_hp_loss":0.0,"gold_gain":0.0,"event_name":"Addict","player_choice":"Obtained Relic","floor":28.0,"gold_loss":85.0,"damage_taken":0.0,"relics_obtained":["HornCleat"]},{"damage_healed":0.0,"max_hp_gain":0.0,"max_hp_loss":0.0,"gold_gain":250.0,"event_name":"The Joust","player_choice":"Bet on Owner","floor":30.0,"gold_loss":50.0,"damage_taken":0.0},{"cards_removed":["Doppelganger"],"damage_healed":12,"gold_gain":0,"player_choice":"Offered Rare","damage_taken":0,"max_hp_gain":10,"max_hp_loss":0,"event_name":"Bonfire Elementals","floor":36,"gold_loss":0},{"cards_removed":["Strike_G"],"damage_healed":0,"gold_gain":0,"player_choice":"Removed Attack","damage_taken":0,"max_hp_gain":0,"max_hp_loss":0,"event_name":"Falling","floor":41,"gold_loss":0},{"damage_healed":0,"gold_gain":0,"player_choice":"Fight","damage_taken":0,"max_hp_gain":0,"max_hp_loss":0,"event_name":"Mysterious Sphere","floor":45,"gold_loss":0}],"is_beta":false,"boss_relics":[{"not_picked":["Tiny House","WristBlade"],"picked":"Fusion Hammer"},{"not_picked":["Ring of the Serpent","Sozu"],"picked":"Cursed Key"}],"items_purged_floors":[13,21,53],"is_endless":false,"potions_floor_spawned":[3,8,16,20,29,37,38,42,47,54],"ascension_level":15}}