{"host":"clgpak7dimivr1r3","time":1613163552,"event":{"mods":["BaseMod","Colored Map","Colored Powertips","Curses Come First","Minty Spire (QoL Compilation)","Relic Stats","Say the Spire","StSLib"],"gold_per_floor":[110,185,185,237,248,277,294,294,340,340,366,143,143,158,158,235,235,255,282,293,44,57,57,57,57,57,83,83,96,96,114,114,186,186,206,224,184,195,195,195,207,207,207,207,82,82,110,130,130,130],"floor_reached":51,"language":"ENG","playtime":2068,"items_purged":["Strike_R","Strike_R","Bash"],"score":1415,"play_id":"d87bb033-4586-4cec-8505-074bd76c9c48","local_time":"20210212235912","is_ascension_mode":true,"campfire_choices":[{"data":"Searing Blow+1","floor":8,"key":"SMITH"},{"data":"Searing Blow+2","floor":13,"key":"SMITH"},{"data":"Searing Blow+3","floor":15,"key":"SMITH"},{"data":"Searing Blow+4","floor":23,"key":"SMITH"},{"data":"Searing Blow+5","floor":25,"key":"SMITH"},{"data":"Searing Blow+7","floor":30,"key":"SMITH"},{"data":"Searing Blow+8","floor":32,"key":"SMITH"},{"data":"Armaments","floor":40,"key":"SMITH"},{"data":"Dual Wield","floor":42,"key":"SMITH"},{"data":"Searing Blow+9","floor":44,"key":"SMITH"},{"data":"Searing Blow+10","floor":49,"key":"SMITH"}],"circlet_count":0,"master_deck":["AscendersBane","Strike_R+1","Strike_R+1","Strike_R+1","Defend_R+1","Defend_R+1","Warcry+1","Entrench","Searing Blow+11","Body Slam+1","Armaments+1","Impervious+1","Barricade","Impervious+1","Shockwave","Dual Wield+1","Clothesline+1","Flame Barrier"],"relics":["Burning Blood","NeowsBlessing","Blood Vial","Molten Egg 2","Vajra","Mercury Hourglass","ClockworkSouvenir","Snecko Eye","Red Mask","PreservedInsect","Paper Frog","Matryoshka","Empty Cage","Dream Catcher","Sundial","Centennial Puzzle"],"acts_visited":["Exordium","TheCity","TheBeyond"],"potions_floor_usage":[14,14,16,27,33],"damage_taken":[{"damage":0,"enemies":"Jaw Worm","floor":1,"turns":1},{"damage":0,"enemies":"2 Louse","floor":5,"turns":1},{"damage":0,"enemies":"Lagavulin","floor":6,"turns":1},{"damage":5,"enemies":"Small Slimes","floor":7,"turns":4},{"damage":35,"enemies":"3 Sentries","floor":11,"turns":8},{"damage":10,"enemies":"Exordium Thugs","floor":14,"turns":4},{"damage":20,"enemies":"Hexaghost","floor":16,"turns":6},{"damage":21,"enemies":"Chosen","floor":18,"turns":5},{"damage":29,"enemies":"Masked Bandits","floor":19,"turns":4},{"damage":0,"enemies":"Spheric Guardian","floor":20,"turns":2},{"damage":0,"enemies":"Centurion and Healer","floor":22,"turns":4},{"damage":0,"enemies":"Slavers","floor":27,"turns":2},{"damage":0,"enemies":"Snake Plant","floor":29,"turns":1},{"damage":0,"enemies":"3 Cultists","floor":31,"turns":3},{"damage":3,"enemies":"Collector","floor":33,"turns":4},{"damage":1,"enemies":"3 Shapes","floor":35,"turns":5},{"damage":0,"enemies":"Orb Walker","floor":36,"turns":1},{"damage":0,"enemies":"4 Shapes","floor":38,"turns":4},{"damage":0,"enemies":"3 Darklings","floor":41,"turns":3},{"damage":0,"enemies":"Reptomancer","floor":47,"turns":3},{"damage":12,"enemies":"Writhing Mass","floor":48,"turns":2},{"damage":0,"enemies":"Awakened One","floor":50,"turns":11}],"seed_played":"1920959527675196657","potions_obtained":[{"floor":6,"key":"ColorlessPotion"},{"floor":11,"key":"PowerPotion"},{"floor":14,"key":"PowerPotion"},{"floor":18,"key":"SmokeBomb"},{"floor":19,"key":"Swift Potion"},{"floor":31,"key":"FearPotion"},{"floor":35,"key":"ElixirPotion"}],"is_trial":false,"path_per_floor":["M","?","?","T","M","E","M","R","T","?","E","$","R","M","R","B",null,"M","?","M","$","M","R","?","R","T","E","?","M","R","M","R","B",null,"M","M","?","M","?","R","M","R","T","R","$","?","E","M","R","B",null],"character_chosen":"IRONCLAD","items_purchased":["ClockworkSouvenir","PreservedInsect"],"campfire_rested":0,"item_purchase_floors":[12,21],"current_hp_per_floor":[74,63,48,48,56,64,67,67,67,67,40,40,40,38,38,26,63,50,29,37,37,45,45,45,45,45,53,53,61,61,69,69,74,75,75,75,75,75,75,75,75,75,75,75,75,75,75,69,69,75],"gold":130,"neow_bonus":"THREE_ENEMY_KILL","is_daily":false,"chose_seed":false,"campfire_upgraded":11,"win_rate":0.0,"timestamp":1613163552,"path_taken":["M","?","?","?","M","E","M","R","T","?","E","$","R","M","R","BOSS","M","?","M","$","M","R","?","R","T","E","?","M","R","?","R","BOSS","M","M","?","?","?","R","?","R","T","R","$","?","E","M","R","BOSS"],"items_purchased_type":["Relic","Relic"],"build_version":"2020-12-22","purchased_purges":3,"victory":true,"max_hp_per_floor":[75,75,75,75,75,75,75,75,75,75,75,75,75,75,75,75,75,75,75,75,75,75,75,75,75,75,75,75,75,75,75,75,75,75,75,75,75,75,75,75,75,75,75,75,75,75,75,75,75,75],"relic_stats":{"Blood Vial":30,"Dream Catcher":0,"Centennial Puzzle":[3],"counters":[22,78],"Sundial":[4],"Snecko Eye":[115,81,95,74],"PreservedInsect":104,"obtain_stats":[{"NeowsBlessing":0,"Vajra":9,"PreservedInsect":21,"Empty Cage":34,"Burning Blood":0,"Mercury Hourglass":11,"ClockworkSouvenir":12,"Blood Vial":4,"Dream Catcher":43,"Centennial Puzzle":47,"Matryoshka":27,"Sundial":43,"Snecko Eye":17,"Molten Egg 2":6,"Red Mask":19,"Paper Frog":26},{"NeowsBlessing":0,"Vajra":4,"PreservedInsect":10,"Empty Cage":15,"Burning Blood":0,"Mercury Hourglass":5,"ClockworkSouvenir":5,"Blood Vial":1,"Dream Catcher":19,"Centennial Puzzle":20,"Matryoshka":12,"Sundial":19,"Snecko Eye":7,"Molten Egg 2":3,"Red Mask":9,"Paper Frog":11},{"NeowsBlessing":0,"Vajra":7,"PreservedInsect":35,"Empty Cage":49,"Burning Blood":0,"Mercury Hourglass":15,"ClockworkSouvenir":15,"Blood Vial":1,"Dream Catcher":62,"Centennial Puzzle":65,"Matryoshka":41,"Sundial":62,"Snecko Eye":25,"Molten Egg 2":3,"Red Mask":33,"Paper Frog":39}],"Burning Blood":101,"Mercury Hourglass":[331]},"card_choices":[{"not_picked":["Intimidate","Havoc"],"picked":"Warcry","floor":1},{"not_picked":["Wild Strike","Anger"],"picked":"Entrench","floor":5},{"not_picked":["Seeing Red","Warcry"],"picked":"Searing Blow+1","floor":6},{"not_picked":["Armaments","Juggernaut"],"picked":"Body Slam+1","floor":7},{"not_picked":["Clothesline+1","Rampage+1"],"picked":"Armaments","floor":11},{"not_picked":["Havoc","Heavy Blade+1","Uppercut+1"],"picked":"SKIP","floor":14},{"not_picked":["Fiend Fire+1","Offering"],"picked":"Impervious","floor":16},{"not_picked":["Clash+1","Uppercut+1","Combust"],"picked":"SKIP","floor":18},{"not_picked":["Havoc","True Grit"],"picked":"Heavy Blade+1","floor":19},{"not_picked":["Power Through","Combust","Wild Strike+1"],"picked":"SKIP","floor":20},{"not_picked":["Battle Trance","Wild Strike+1","True Grit+1"],"picked":"SKIP","floor":22},{"not_picked":["Perfected Strike+1","Entrench","Whirlwind+1"],"picked":"SKIP","floor":27},{"not_picked":["Sword Boomerang+1","Armaments","Iron Wave+1"],"picked":"SKIP","floor":29},{"not_picked":["Iron Wave+1","Armaments"],"picked":"Barricade","floor":31},{"not_picked":["Corruption","Demon Form"],"picked":"Impervious","floor":33},{"not_picked":["Clothesline+1","Spot Weakness"],"picked":"Shockwave","floor":35},{"not_picked":["Headbutt+1","Cleave+1","Dual Wield"],"picked":"SKIP","floor":36},{"not_picked":["Dark Embrace","Perfected Strike+1"],"picked":"Dual Wield","floor":38},{"not_picked":["Wild Strike+1","Headbutt+1","Clothesline+1"],"picked":"SKIP","floor":41},{"not_picked":["Brutality","Battle Trance","Rupture"],"picked":"SKIP","floor":47},{"not_picked":["Sentinel","Fire Breathing"],"picked":"Flame Barrier","floor":48}],"player_experience":134841,"relics_obtained":[{"floor":4,"key":"Blood Vial"},{"floor":6,"key":"Molten Egg 2"},{"floor":9,"key":"Vajra"},{"floor":11,"key":"Mercury Hourglass"},{"floor":19,"key":"Red Mask"},{"floor":26,"key":"Paper Frog"},{"floor":27,"key":"Matryoshka"},{"floor":43,"key":"Dream Catcher"},{"floor":43,"key":"Sundial"},{"floor":47,"key":"Centennial Puzzle"}],"event_choices":[{"damage_healed":0,"gold_gain":75,"player_choice":"Gather Gold","damage_taken":11,"max_hp_gain":0,"max_hp_loss":0,"event_name":"World of Goop","floor":2,"gold_loss":0},{"damage_healed":0,"gold_gain":0,"player_choice":"Entered Light","damage_taken":15,"max_hp_gain":0,"max_hp_loss":0,"event_name":"Shining Light","floor":3,"gold_loss":0,"cards_upgraded":["Warcry","Strike_R"]},{"damage_healed":0,"gold_gain":0,"player_choice":"Ignored","damage_taken":0,"max_hp_gain":0,"max_hp_loss":0,"event_name":"Golden Idol","floor":10,"gold_loss":0},{"damage_healed":0,"gold_gain":0,"player_choice":"Fought Bandits","damage_taken":0,"max_hp_gain":0,"max_hp_loss":0,"event_name":"Masked Bandits","floor":19,"gold_loss":0},{"damage_healed":0,"gold_gain":0,"player_choice":"Simplicity","damage_taken":0,"max_hp_gain":0,"max_hp_loss":0,"event_name":"Back to Basics","floor":24,"gold_loss":0,"cards_upgraded":["Strike_R","Strike_R","Defend_R","Defend_R","Defend_R","Defend_R"]},{"damage_healed":0,"gold_gain":0,"player_choice":"Forge","damage_taken":0,"max_hp_gain":0,"max_hp_loss":0,"event_name":"Accursed Blacksmith","floor":28,"gold_loss":0,"cards_upgraded":["Searing Blow"]},{"damage_healed":0,"gold_gain":0,"player_choice":"Upgraded Two","damage_taken":0,"max_hp_gain":0,"max_hp_loss":0,"event_name":"Designer","floor":37,"gold_loss":40,"cards_upgraded":["Impervious","Impervious"]},{"damage_healed":0,"gold_gain":0,"player_choice":"Bought 0 Potions","damage_taken":0,"max_hp_gain":0,"max_hp_loss":0,"event_name":"The Woman in Blue","floor":39,"gold_loss":0},{"damage_healed":0,"gold_gain":0,"cards_transformed":["Defend_R"],"player_choice":"Transformed","damage_taken":0,"max_hp_gain":0,"max_hp_loss":0,"event_name":"Transmorgrifier","floor":46,"gold_loss":0,"cards_obtained":["Clothesline"]}],"is_beta":false,"boss_relics":[{"not_picked":["Velvet Choker","Calling Bell"],"picked":"Snecko Eye"},{"not_picked":["Fusion Hammer","Black Blood"],"picked":"Empty Cage"}],"items_purged_floors":[12,21,45],"is_endless":false,"potions_floor_spawned":[6,11,14,18,19,31,35,36],"ascension_level":14}}