{"host":"dhlnk6yox2l1s6up","time":1613160622,"event":{"mods":["BaseMod","Minty Spire (QoL Compilation)","Relic Stats","StSLib","ojb\u0027s Info Mod"],"gold_per_floor":[109,127,139,151,151,151,185,205,205,220,220,0,70,99,99,198,198,214,232,232,244,255,289,301,333,333,361,372,6,42,42,42,153,153,168,28,37,61,61,120,120,158,158,192,235,270,304,314,314,314,314,314,15,79,79],"floor_reached":56,"language":"ENG","playtime":6734,"items_purged":["Strike_B","Strike_B","Defend_B","Defend_B"],"score":2109,"play_id":"5f09c577-babf-491c-8ec4-add5fac4059a","local_time":"20210212141022","is_ascension_mode":true,"campfire_choices":[{"data":"Sweeping Beam","floor":6.0,"key":"SMITH"},{"floor":11.0,"key":"REST"},{"data":"Genetic Algorithm","floor":15.0,"key":"SMITH"},{"floor":32.0,"key":"RECALL"},{"floor":41,"key":"REST"},{"floor":49,"key":"REST"},{"floor":52,"key":"REST"}],"circlet_count":0,"master_deck":["AscendersBane","Strike_B+1","Defend_B","Defend_B","Zap","Dualcast","CurseOfTheBell","Chill","Chill+1","Sweeping Beam+1","Rebound","Genetic Algorithm+1","Streamline","Self Repair","Echo Form","Electrodynamics","Coolheaded+1","Beam Cell","Genetic Algorithm+1","Leap+1","Beam Cell+1","Coolheaded","Consume","Biased Cognition","Panacea","Loop","Sweeping Beam+1","Machine Learning","HandOfGreed","Barrage","Barrage","Compile Driver+1","Cold Snap+1","Echo Form","Lockon+1","Hologram","Double Energy+1"],"relics":["Calling Bell","Oddly Smooth Stone","Cables","Calipers","Strawberry","Du-Vu Doll","PreservedInsect","CaptainsWheel","Fusion Hammer","Thread and Needle","Torii","HornCleat","StoneCalendar","Membership Card","Nunchaku","CeramicFish","Inserter","ClockworkSouvenir","Blood Vial","Molten Egg 2","Orichalcum","InkBottle","Shuriken"],"acts_visited":["Exordium","TheCity","TheBeyond","TheEnding"],"potions_floor_usage":[33,39,44,44,54,55,55,55,55],"damage_taken":[{"damage":10.0,"enemies":"Jaw Worm","floor":1.0,"turns":6.0},{"damage":0.0,"enemies":"2 Louse","floor":2.0,"turns":3.0},{"damage":0.0,"enemies":"Cultist","floor":3.0,"turns":4.0},{"damage":0.0,"enemies":"Lots of Slimes","floor":4.0,"turns":5.0},{"damage":24.0,"enemies":"Lagavulin","floor":7.0,"turns":7.0},{"damage":1.0,"enemies":"Blue Slaver","floor":8.0,"turns":4.0},{"damage":0.0,"enemies":"Red Slaver","floor":10.0,"turns":4.0},{"damage":8.0,"enemies":"Gremlin Nob","floor":14.0,"turns":3.0},{"damage":39.0,"enemies":"Hexaghost","floor":16.0,"turns":11.0},{"damage":8.0,"enemies":"Shell Parasite","floor":18.0,"turns":7.0},{"damage":10.0,"enemies":"2 Thieves","floor":19.0,"turns":4.0},{"damage":0.0,"enemies":"Shelled Parasite and Fungi","floor":21.0,"turns":8.0},{"damage":10.0,"enemies":"Sentry and Sphere","floor":22.0,"turns":6.0},{"damage":13.0,"enemies":"Book of Stabbing","floor":23.0,"turns":6.0},{"damage":0.0,"enemies":"3 Cultists","floor":24.0,"turns":5.0},{"damage":0.0,"enemies":"Gremlin Leader","floor":25.0,"turns":9.0},{"damage":0.0,"enemies":"Slavers","floor":27.0,"turns":3.0},{"damage":0.0,"enemies":"Centurion and Healer","floor":28.0,"turns":7.0},{"damage":0.0,"enemies":"Book of Stabbing","floor":30.0,"turns":7.0},{"damage":0,"enemies":"Collector","floor":33,"turns":8},{"damage":0,"enemies":"3 Shapes","floor":35,"turns":7},{"damage":0,"enemies":"3 Darklings","floor":38,"turns":7},{"damage":0,"enemies":"Giant Head","floor":40,"turns":11},{"damage":0,"enemies":"Reptomancer","floor":42,"turns":6},{"damage":0,"enemies":"Giant Head","floor":44,"turns":7},{"damage":0,"enemies":"Spire Growth","floor":45,"turns":13},{"damage":0,"enemies":"Sphere and 2 Shapes","floor":46,"turns":12},{"damage":0,"enemies":"4 Shapes","floor":47,"turns":6},{"damage":1,"enemies":"3 Darklings","floor":48,"turns":9},{"damage":1,"enemies":"Time Eater","floor":50,"turns":15},{"damage":11,"enemies":"Shield and Spear","floor":54,"turns":8},{"damage":2,"enemies":"The Heart","floor":55,"turns":11}],"seed_played":"7689826978043298826","potions_obtained":[{"floor":3.0,"key":"Dexterity Potion"},{"floor":4.0,"key":"BlessingOfTheForge"},{"floor":16.0,"key":"GamblersBrew"},{"floor":19.0,"key":"Energy Potion"},{"floor":23.0,"key":"Swift Potion"},{"floor":30.0,"key":"Energy Potion"},{"floor":35,"key":"Fruit Juice"},{"floor":39,"key":"Block Potion"},{"floor":39,"key":"CultistPotion"},{"floor":39,"key":"PowerPotion"},{"floor":45,"key":"Fire Potion"},{"floor":47,"key":"EntropicBrew"},{"floor":54,"key":"GamblersBrew"}],"is_trial":false,"path_per_floor":["M","M","M","M","?","R","E","M","T","M","R","$","?","E","R","B",null,"M","M","?","M","M","E","M","E","T","E","M","$","E","?","R","B",null,"M","$","?","M","?","E","R","E","T","E","M","M","M","M","R","B",null,"R","$","E","B",null],"character_chosen":"DEFECT","items_purchased":["PreservedInsect","Membership Card","Panacea","Loop","Nunchaku","ClockworkSouvenir","Echo Form","InkBottle","Swift Potion","Lockon+1","Hologram"],"campfire_rested":4,"item_purchase_floors":[12,29,29,29,29,36,53,53,53,53,53],"current_hp_per_floor":[58,58,58,58,43,43,26,25,25,25,49,49,49,48,48,16,66,65,62,62,69,66,60,67,74,74,81,82,82,82,82,82,82,82,82,82,82,82,87,87,87,87,87,87,87,87,87,87,87,87,87,87,87,83,83],"gold":79,"neow_bonus":"BOSS_RELIC","is_daily":false,"chose_seed":false,"campfire_upgraded":2,"win_rate":0.0,"timestamp":1613160622,"path_taken":["M","M","M","M","?","R","E","M","T","M","R","$","?","E","R","BOSS","M","M","?","?","M","E","?","E","T","E","M","$","E","?","R","BOSS","M","$","?","M","?","E","R","E","T","E","?","M","?","M","R","BOSS","R","$","E","BOSS"],"items_purchased_type":["Relic","Relic","Card","Card","Relic","Relic","Card","Relic","Potion","Card","Card"],"build_version":"2020-12-22","purchased_purges":4,"victory":true,"max_hp_per_floor":[75,75,75,75,75,75,82,82,82,82,82,82,82,82,82,82,82,82,82,82,82,82,82,82,82,82,82,82,82,82,82,82,82,82,82,82,82,82,87,87,87,87,87,87,87,87,87,87,87,87,87,87,87,87,87],"relic_stats":{"Inserter":[56],"Torii":4,"counters":[32,229],"CeramicFish":99,"StoneCalendar":[488],"PreservedInsect":596,"Orichalcum":[24],"Cables":[196,21,175,0,0],"Blood Vial":2,"Nunchaku":[19],"Shuriken":[5],"obtain_stats":[{"Calipers":0,"Inserter":34,"Torii":25,"CeramicFish":30,"Oddly Smooth Stone":0,"Thread and Needle":23,"StoneCalendar":27,"PreservedInsect":12,"Orichalcum":44,"Cables":0,"ClockworkSouvenir":36,"Calling Bell":0,"Du-Vu Doll":9,"Blood Vial":40,"CaptainsWheel":14,"Nunchaku":29,"HornCleat":26,"Shuriken":54,"Strawberry":7,"Molten Egg 2":42,"Fusion Hammer":17,"Membership Card":29,"Cracked Core":0,"InkBottle":53},{"Calipers":0,"Inserter":20,"Torii":16,"CeramicFish":19,"Oddly Smooth Stone":0,"Thread and Needle":14,"StoneCalendar":17,"PreservedInsect":7,"Orichalcum":25,"Cables":0,"ClockworkSouvenir":21,"Calling Bell":0,"Du-Vu Doll":6,"Blood Vial":23,"CaptainsWheel":8,"Nunchaku":18,"HornCleat":16,"Shuriken":31,"Strawberry":5,"Molten Egg 2":24,"Fusion Hammer":9,"Membership Card":18,"Cracked Core":0,"InkBottle":30},{"Calipers":0,"Inserter":117,"Torii":92,"CeramicFish":109,"Oddly Smooth Stone":0,"Thread and Needle":78,"StoneCalendar":95,"PreservedInsect":33,"Orichalcum":155,"Cables":0,"ClockworkSouvenir":124,"Calling Bell":0,"Du-Vu Doll":29,"Blood Vial":142,"CaptainsWheel":36,"Nunchaku":102,"HornCleat":92,"Shuriken":218,"Strawberry":25,"Molten Egg 2":148,"Fusion Hammer":47,"Membership Card":102,"Cracked Core":0,"InkBottle":210}],"InkBottle":[8]},"card_choices":[{"not_picked":["Conserve Battery","Force Field"],"picked":"Chill","floor":1.0},{"not_picked":["Turbo","Gash"],"picked":"Chill","floor":2.0},{"not_picked":["Steam","Coolheaded"],"picked":"Sweeping Beam","floor":3.0},{"not_picked":["Hologram","Genetic Algorithm"],"picked":"Rebound","floor":4.0},{"not_picked":["Chill","Heatsinks"],"picked":"Genetic Algorithm","floor":7.0},{"not_picked":["Go for the Eyes","Beam Cell"],"picked":"Streamline","floor":8.0},{"not_picked":["Gash","Leap"],"picked":"Self Repair","floor":10.0},{"not_picked":["Redo","Leap"],"picked":"Echo Form","floor":14.0},{"not_picked":["Fission","All For One"],"picked":"Electrodynamics","floor":16.0},{"not_picked":["Stack+1","Gash"],"picked":"Coolheaded+1","floor":18.0},{"not_picked":["Auto Shields+1","Sweeping Beam+1"],"picked":"Beam Cell","floor":19.0},{"not_picked":["Rebound","Go for the Eyes+1"],"picked":"Genetic Algorithm+1","floor":21.0},{"not_picked":["Steam","Recycle"],"picked":"Leap+1","floor":22.0},{"not_picked":["Self Repair","Skim"],"picked":"Beam Cell+1","floor":23.0},{"not_picked":["Loop","Go for the Eyes+1"],"picked":"Coolheaded","floor":24.0},{"not_picked":["Stack","Creative AI"],"picked":"Consume","floor":25.0},{"not_picked":["Beam Cell","Double Energy"],"picked":"Biased Cognition","floor":27.0},{"not_picked":["Steam","Conserve Battery+1","Self Repair"],"picked":"SKIP","floor":28.0},{"not_picked":["Conserve Battery","Barrage"],"picked":"Sweeping Beam+1","floor":30.0},{"not_picked":["Hyperbeam","Electrodynamics"],"picked":"Machine Learning","floor":33},{"not_picked":["Consume","Rip and Tear+1","Leap"],"picked":"SKIP","floor":35},{"not_picked":["Jack Of All Trades","Panache"],"picked":"HandOfGreed","floor":37},{"not_picked":["Hello World+1","Rip and Tear"],"picked":"Barrage","floor":38},{"not_picked":["Darkness+1","Static Discharge+1"],"picked":"Barrage","floor":40},{"not_picked":["Darkness","Reprogram+1"],"picked":"Compile Driver+1","floor":42},{"not_picked":["Conserve Battery","Compile Driver+1","Ball Lightning+1"],"picked":"SKIP","floor":44},{"not_picked":["Stack","Barrage+1"],"picked":"Cold Snap+1","floor":45},{"not_picked":["Chaos+1","Cold Snap+1","FTL+1"],"picked":"SKIP","floor":46},{"not_picked":["Ball Lightning+1","Barrage+1","Melter+1"],"picked":"SKIP","floor":47},{"not_picked":["Steam Power","Hello World","Stack"],"picked":"SKIP","floor":48},{"not_picked":["Compile Driver+1","Hyperbeam+1"],"picked":"Double Energy+1","floor":54}],"player_experience":6215825,"relics_obtained":[{"floor":0.0,"key":"Oddly Smooth Stone"},{"floor":0.0,"key":"Cables"},{"floor":0.0,"key":"Calipers"},{"floor":7.0,"key":"Strawberry"},{"floor":9.0,"key":"Du-Vu Doll"},{"floor":14.0,"key":"CaptainsWheel"},{"floor":23.0,"key":"Thread and Needle"},{"floor":25.0,"key":"Torii"},{"floor":26.0,"key":"HornCleat"},{"floor":27.0,"key":"StoneCalendar"},{"floor":30.0,"key":"CeramicFish"},{"floor":40,"key":"Blood Vial"},{"floor":42,"key":"Molten Egg 2"},{"floor":44,"key":"Orichalcum"},{"floor":54,"key":"Shuriken"}],"event_choices":[{"damage_healed":0.0,"max_hp_gain":0.0,"max_hp_loss":0.0,"gold_gain":0.0,"event_name":"Shining Light","player_choice":"Entered Light","floor":5.0,"gold_loss":0.0,"damage_taken":15.0,"cards_upgraded":["Strike_B","Chill"]},{"damage_healed":0.0,"max_hp_gain":0.0,"max_hp_loss":0.0,"gold_gain":70.0,"event_name":"Golden Wing","player_choice":"Gained Gold","floor":13.0,"gold_loss":0.0,"damage_taken":0.0},{"cards_removed":["Strike_B"],"damage_healed":0.0,"max_hp_gain":0.0,"max_hp_loss":0.0,"gold_gain":0.0,"event_name":"Purifier","player_choice":"Purged","floor":20.0,"gold_loss":0.0,"damage_taken":0.0},{"damage_healed":0.0,"max_hp_gain":0.0,"max_hp_loss":0.0,"gold_gain":0.0,"event_name":"NoteForYourself","player_choice":"Ignored","floor":31.0,"gold_loss":0.0,"damage_taken":0.0},{"damage_healed":0,"gold_gain":0,"player_choice":"Memory 1","damage_taken":0,"max_hp_gain":0,"max_hp_loss":0,"event_name":"SensoryStone","floor":37,"gold_loss":0},{"damage_healed":0,"gold_gain":0,"player_choice":"Got Potions","damage_taken":0,"max_hp_gain":0,"max_hp_loss":0,"event_name":"Lab","floor":39,"gold_loss":0}],"is_beta":false,"boss_relics":[{"not_picked":["Ectoplasm","Tiny House"],"picked":"Fusion Hammer"},{"not_picked":["Velvet Choker","Runic Dome"],"picked":"Inserter"}],"items_purged_floors":[12,29,36,53],"is_endless":false,"potions_floor_spawned":[3,4,16,19,21,23,30,35,42,45,47,54],"ascension_level":10}}