{"host":"4tnjxquzd1sn7hrw","time":1613121918,"event":{"mods":["BaseMod","Colored Map","Downfall","Hubris","Minty Spire (QoL Compilation)","Quick Restart","StSLib"],"gold_per_floor":[99,119,139,152,152,164,187,218,29,45,45,45,62,95,109,211,211,211,211,211,225,237,272,321,456,474,474,474,474],"floor_reached":27,"language":"ENG","playtime":1870,"items_purged":[],"score":290,"play_id":"ade2b68b-e1be-4e5f-b5f7-46049829a43c","local_time":"20210212182518","is_ascension_mode":false,"campfire_choices":[{"data":"bronze:Replicate","floor":1,"key":"SMITH"},{"data":"bronze:Virus","floor":18,"key":"SMITH"}],"circlet_count":0,"master_deck":["bronze:Strike","bronze:Strike","bronze:Strike","bronze:Strike","bronze:Defend","bronze:Defend","bronze:Defend","bronze:Defend","bronze:Replicate+1","bronze:Goto","bronze:ItsAFeature","bronze:Shell","bronze:BugBarrage","bronze:CutThrough+1","bronze:Frontload","bronze:MaxOutput","bronze:BuggyMess","bronze:Shield","bronze:Optimize","bronze:WildBeam","bronze:Replicate+1","bronze:WildBeam","bronze:DazingPulse","bronze:Turbo","bronze:Repair","bronze:BuggyMess","bronze:ChildClass","bronze:Virus+1","bronze:CutThrough","bronze:Safeguard+1","bronze:Allocate","bronze:WhirlingStrike","bronze:BugBarrage+1"],"relics":["bronze:BronzeCore","hubris:Towel","Oddly Smooth Stone","Juzu Bracelet","MealTicket","Sozu","hubris:Icosahedron","Shuriken","Nunchaku","Vajra"],"acts_visited":["Exordium","TheCity"],"potions_floor_usage":[8,16,26,26],"damage_taken":[{"damage":1,"enemies":"Cultist","floor":2,"turns":4},{"damage":6,"enemies":"Jaw Worm","floor":3,"turns":3},{"damage":8,"enemies":"Small Slimes","floor":4,"turns":3},{"damage":11,"enemies":"Red Slaver","floor":6,"turns":4},{"damage":14,"enemies":"Gremlin Nob","floor":8,"turns":3},{"damage":0,"enemies":"downfall:FleeingMerchant","floor":9,"turns":4},{"damage":5,"enemies":"Large Slime","floor":10,"turns":4},{"damage":0,"enemies":"Large Slime","floor":12,"turns":2},{"damage":13,"enemies":"2 Fungi Beasts","floor":13,"turns":3},{"damage":5,"enemies":"Lagavulin","floor":14,"turns":6},{"damage":4,"enemies":"Gremlin Gang","floor":15,"turns":4},{"damage":27,"enemies":"WA_ARCHETYPE_RETAIN","floor":16,"turns":8},{"damage":0,"enemies":"Shell Parasite","floor":21,"turns":4},{"damage":39,"enemies":"Centurion and Healer","floor":22,"turns":7},{"damage":0,"enemies":"Gremlin Leader","floor":23,"turns":8},{"damage":9,"enemies":"Slavers","floor":25,"turns":4},{"damage":19,"enemies":"Sentry and Sphere","floor":26,"turns":4},{"damage":44,"enemies":"Gremlin Leader","floor":27,"turns":4}],"seed_played":"-5316640920599606960","potions_obtained":[{"floor":3,"key":"sneckomod:MuddlingPotion"},{"floor":4,"key":"Strength Potion"},{"floor":6,"key":"sneckomod:MuddlingPotion"},{"floor":14,"key":"DuplicationPotion"},{"floor":15,"key":"SpeedPotion"}],"is_trial":false,"path_per_floor":["R","M","M","M","?","M","T","E","$","M","?","?","M","E","M","B",null,"R","?","?","M","M","E","T","E","M","E"],"character_chosen":"THE_AUTOMATON","items_purchased":["bronze:BuggyMess","bronze:Shield","bronze:Optimize"],"campfire_rested":0,"item_purchase_floors":[9,9,9],"current_hp_per_floor":[77,76,70,62,62,51,51,37,37,32,32,32,19,21,24,4,77,77,77,69,76,44,51,51,49,37,0,0,0],"gold":474,"neow_bonus":"TEN_PERCENT_HP_BONUS","is_daily":false,"chose_seed":false,"campfire_upgraded":2,"win_rate":0.0,"timestamp":1613121918,"path_taken":["R","M","M","M","?","M","T","E","$","M","?","?","M","E","M","BOSS","R","?","?","M","M","E","T","E","M","E"],"items_purchased_type":["Card","Card","Card"],"build_version":"2020-12-22","purchased_purges":0,"victory":false,"max_hp_per_floor":[77,77,77,77,77,77,77,77,77,77,77,77,77,77,77,77,77,77,77,77,77,77,77,77,77,77,77,77,77],"card_choices":[{"not_picked":["bronze:Overheat","bronze:Repair"],"picked":"bronze:ItsAFeature","floor":2},{"not_picked":["bronze:Backtrace","bronze:Flail"],"picked":"bronze:Shell","floor":3},{"not_picked":["bronze:Repair","bronze:FineTuning"],"picked":"bronze:BugBarrage","floor":4},{"not_picked":["bronze:Return","bronze:BitShift"],"picked":"bronze:CutThrough","floor":6},{"not_picked":["bronze:ChildClass","bronze:Turbo"],"picked":"bronze:Frontload","floor":8},{"not_picked":["bronze:Invalidate","bronze:HardenedForm"],"picked":"bronze:MaxOutput","floor":9},{"not_picked":["bronze:Branch","bronze:BugBarrage"],"picked":"bronze:WildBeam","floor":10},{"not_picked":[],"picked":"bronze:DazingPulse","floor":12},{"not_picked":["bronze:OilSpill","bronze:GetLatest"],"picked":"bronze:Turbo","floor":12},{"not_picked":["bronze:Overheat","bronze:ChosenStrike"],"picked":"bronze:Repair","floor":13},{"not_picked":["bronze:Deprecate","bronze:Turbo"],"picked":"bronze:BuggyMess","floor":14},{"not_picked":["bronze:WhirlingStrike","bronze:FollowUp"],"picked":"bronze:ChildClass","floor":15},{"not_picked":["bronze:AlphaBuild","bronze:RecursiveStrike"],"picked":"bronze:Virus","floor":16},{"not_picked":["bronze:FollowUp","bronze:Shell"],"picked":"bronze:CutThrough","floor":21},{"not_picked":["bronze:Branch","bronze:Overheat"],"picked":"bronze:Safeguard+1","floor":22},{"not_picked":["bronze:WhirlingStrike+1","bronze:ChosenStrike"],"picked":"bronze:Allocate","floor":23},{"not_picked":["bronze:BitShift","bronze:ForLoop"],"picked":"bronze:WhirlingStrike","floor":25},{"not_picked":["bronze:DelayedSlice","bronze:Invalidate"],"picked":"bronze:BugBarrage+1","floor":26}],"player_experience":540414,"relics_obtained":[{"floor":7,"key":"Oddly Smooth Stone"},{"floor":8,"key":"Juzu Bracelet"},{"floor":14,"key":"MealTicket"},{"floor":23,"key":"Shuriken"},{"floor":24,"key":"Nunchaku"},{"floor":25,"key":"Vajra"}],"event_choices":[],"is_beta":false,"boss_relics":[{"not_picked":["Calling Bell","Busted Crown"],"picked":"Sozu"}],"items_purged_floors":[],"is_endless":false,"potions_floor_spawned":[3,4,6,14,15,23,26],"killed_by":"Gremlin Leader","ascension_level":0}}