{"host":"pke0xxyzw0teju56","time":1613160962,"event":{"mods":["BaseMod","Bestiary","Colored Powertips","Highlight Path","Minty Spire (QoL Compilation)","Relic Stats","Slay the Relics Exporter","StSLib","ojb\u0027s Info Mod"],"gold_per_floor":[115,17,34,44,61,61,71,103,127,127,141,171,190,26,26,100,100,110,127,0,0,0,0,26,26,53,53,53,53,65,95,95,166,166,177,196,471,49,49,49,75,75,75,75,75,75,100,100,100],"floor_reached":48,"language":"ENG","playtime":1526,"items_purged":["Strike_B","Regret"],"score":1058,"play_id":"2e7c0b36-4245-4bda-83a1-0a4b69c53f1a","local_time":"20210212151602","is_ascension_mode":true,"campfire_choices":[{"data":"Zap","floor":6,"key":"SMITH"},{"floor":10,"key":"REST"},{"floor":15,"key":"REST"},{"data":"Chill","floor":23,"key":"SMITH"},{"data":"Static Discharge","floor":27,"key":"SMITH"},{"data":"Multi-Cast","floor":29,"key":"SMITH"},{"data":"Dualcast","floor":32,"key":"SMITH"},{"data":"Biased Cognition","floor":40,"key":"SMITH"},{"data":"Apotheosis","floor":46,"key":"SMITH"}],"circlet_count":0,"master_deck":["AscendersBane","Strike_B","Strike_B","Strike_B","Defend_B","Defend_B","Defend_B","Defend_B","Zap+1","Dualcast+1","All For One","Beam Cell+1","Cold Snap+1","Streamline+1","Multi-Cast+1","Go for the Eyes+1","Turbo","Static Discharge+1","Genetic Algorithm","Electrodynamics","Lockon+1","Chill+1","Gash+1","Ghostly","Ghostly","Ghostly","Compile Driver+1","Creative AI","Biased Cognition+1","Force Field+1","Hologram+1","All For One+1","Seek","Apotheosis+1"],"relics":["Cracked Core","Molten Egg 2","Bronze Scales","Lantern","Toy Ornithopter","Runic Capacitor","Philosopher\u0027s Stone","WingedGreaves","Prayer Wheel","Oddly Smooth Stone","Pocketwatch","Inserter","Frozen Eye","HornCleat","Juzu Bracelet","Incense Burner"],"acts_visited":["Exordium","TheCity","TheBeyond"],"potions_floor_usage":[7,8,13,13,28,31,31,33,36,41],"damage_taken":[{"damage":12,"enemies":"Small Slimes","floor":1,"turns":3},{"damage":1,"enemies":"Cultist","floor":3,"turns":3},{"damage":7,"enemies":"Jaw Worm","floor":4,"turns":2},{"damage":6,"enemies":"3 Louse","floor":5,"turns":2},{"damage":10,"enemies":"Gremlin Gang","floor":7,"turns":3},{"damage":25,"enemies":"3 Sentries","floor":8,"turns":5},{"damage":5,"enemies":"Large Slime","floor":11,"turns":4},{"damage":6,"enemies":"Gremlin Nob","floor":12,"turns":3},{"damage":18,"enemies":"Exordium Thugs","floor":13,"turns":3},{"damage":18,"enemies":"Hexaghost","floor":16,"turns":6},{"damage":12,"enemies":"3 Byrds","floor":18,"turns":2},{"damage":22,"enemies":"Shell Parasite","floor":19,"turns":2},{"damage":19,"enemies":"Gremlin Leader","floor":24,"turns":7},{"damage":9,"enemies":"Snecko","floor":30,"turns":5},{"damage":0,"enemies":"Slavers","floor":31,"turns":6},{"damage":12,"enemies":"Champ","floor":33,"turns":11},{"damage":0,"enemies":"3 Shapes","floor":35,"turns":5},{"damage":13,"enemies":"3 Darklings","floor":36,"turns":5},{"damage":21,"enemies":"Giant Head","floor":41,"turns":6},{"damage":0,"enemies":"Mind Bloom Boss Battle","floor":47,"turns":5},{"damage":9,"enemies":"Nemesis","floor":48,"turns":2}],"seed_played":"4043452124229127314","potions_obtained":[{"floor":3,"key":"FocusPotion"},{"floor":5,"key":"SteroidPotion"},{"floor":8,"key":"PotionOfCapacity"},{"floor":12,"key":"PowerPotion"},{"floor":16,"key":"SpeedPotion"},{"floor":28,"key":"Fruit Juice"},{"floor":28,"key":"Fire Potion"},{"floor":31,"key":"SkillPotion"},{"floor":35,"key":"Weak Potion"},{"floor":36,"key":"Energy Potion"}],"is_trial":false,"path_per_floor":["M","?","M","M","M","R","M","E","T","R","M","E","M","$","R","B",null,"M","M","$","T","?","R","E","$","T","R","?","R","M","E","R","B",null,"M","M","?","$","T","R","E","$","T","?","?","R","?","E"],"character_chosen":"DEFECT","items_purchased":["Runic Capacitor","Gash+1","Frozen Eye","All For One+1"],"campfire_rested":2,"item_purchase_floors":[14,20,38,38],"current_hp_per_floor":[52,52,51,44,38,38,28,3,3,24,19,13,5,5,26,8,55,43,21,21,21,21,21,2,2,2,2,12,12,3,13,13,6,32,32,24,24,24,24,24,8,8,8,8,8,8,8,0,0],"gold":100,"neow_bonus":"ONE_RANDOM_RARE_CARD","is_daily":false,"chose_seed":false,"campfire_upgraded":7,"win_rate":0.0,"timestamp":1613160962,"path_taken":["M","?","M","?","?","R","M","E","T","R","M","E","M","$","R","BOSS","M","M","$","?","?","R","E","$","T","R","?","R","M","E","R","BOSS","M","?","?","$","?","R","E","$","T","?","?","R","?","E"],"items_purchased_type":["Relic","Card","Relic","Card"],"build_version":"2020-12-22","purchased_purges":2,"victory":false,"max_hp_per_floor":[71,71,71,71,71,71,71,71,71,71,71,71,71,71,71,71,71,71,71,71,71,35,35,35,35,35,35,40,40,40,40,40,40,40,40,40,40,40,40,40,40,40,40,38,38,38,38,38,38],"relic_stats":{"Inserter":[11],"counters":[21,90],"Bronze Scales":[203],"Prayer Wheel":3,"Juzu Bracelet":1,"obtain_stats":[{"Lantern":9,"Inserter":34,"Oddly Smooth Stone":26,"Runic Capacitor":14,"Juzu Bracelet":41,"Incense Burner":47,"Frozen Eye":38,"HornCleat":39,"Bronze Scales":8,"Molten Egg 2":2,"Philosopher\u0027s Stone":17,"Prayer Wheel":24,"WingedGreaves":21,"Cracked Core":0,"Toy Ornithopter":12,"Pocketwatch":31},{"Lantern":6,"Inserter":16,"Oddly Smooth Stone":13,"Runic Capacitor":9,"Juzu Bracelet":19,"Incense Burner":20,"Frozen Eye":18,"HornCleat":18,"Bronze Scales":6,"Molten Egg 2":1,"Philosopher\u0027s Stone":10,"Prayer Wheel":13,"WingedGreaves":12,"Cracked Core":0,"Toy Ornithopter":8,"Pocketwatch":15},{"Lantern":18,"Inserter":67,"Oddly Smooth Stone":45,"Runic Capacitor":28,"Juzu Bracelet":83,"Incense Burner":88,"Frozen Eye":77,"HornCleat":77,"Bronze Scales":18,"Molten Egg 2":3,"Philosopher\u0027s Stone":34,"Prayer Wheel":45,"WingedGreaves":38,"Cracked Core":0,"Toy Ornithopter":25,"Pocketwatch":56}],"Toy Ornithopter":40,"Pocketwatch":[39]},"card_choices":[{"not_picked":["Redo","Heatsinks","Steam"],"picked":"SKIP","floor":1},{"not_picked":["Rebound+1","Compile Driver+1"],"picked":"Beam Cell+1","floor":3},{"not_picked":["Coolheaded","Leap"],"picked":"Cold Snap+1","floor":4},{"not_picked":["Beam Cell+1","Scrape+1"],"picked":"Streamline+1","floor":5},{"not_picked":["Compile Driver+1","Streamline+1"],"picked":"Multi-Cast","floor":7},{"not_picked":["Reinforced Body","Stack"],"picked":"Go for the Eyes+1","floor":8},{"not_picked":["Steam","Consume"],"picked":"Turbo","floor":11},{"not_picked":["Steam","Go for the Eyes+1"],"picked":"Static Discharge","floor":12},{"not_picked":["Rainbow","Redo"],"picked":"Genetic Algorithm","floor":13},{"not_picked":["Echo Form","Creative AI"],"picked":"Electrodynamics","floor":16},{"not_picked":["Barrage+1","Beam Cell+1"],"picked":"Lockon+1","floor":18},{"not_picked":["Go for the Eyes+1","Barrage+1"],"picked":"Chill","floor":19},{"not_picked":["Double Energy","Chaos","Coolheaded"],"picked":"SKIP","floor":24},{"not_picked":["Sweeping Beam+1","Turbo"],"picked":"Compile Driver+1","floor":30},{"not_picked":["Barrage+1","Leap","Steam Power"],"picked":"SKIP","floor":30},{"not_picked":["Hologram","Hyperbeam+1"],"picked":"Creative AI","floor":31},{"not_picked":["Machine Learning","Amplify"],"picked":"Biased Cognition","floor":33},{"not_picked":["White Noise","Gash+1"],"picked":"Force Field+1","floor":35},{"not_picked":["Capacitor","Streamline+1","Sweeping Beam+1"],"picked":"SKIP","floor":35},{"not_picked":["Streamline+1","Redo+1"],"picked":"Hologram+1","floor":36},{"not_picked":["Beam Cell+1","Go for the Eyes+1"],"picked":"Seek","floor":41},{"not_picked":["Trip","Discovery"],"picked":"Apotheosis","floor":45}],"player_experience":5332457,"relics_obtained":[{"floor":8,"key":"Bronze Scales"},{"floor":9,"key":"Lantern"},{"floor":12,"key":"Toy Ornithopter"},{"floor":21,"key":"WingedGreaves"},{"floor":24,"key":"Prayer Wheel"},{"floor":26,"key":"Oddly Smooth Stone"},{"floor":31,"key":"Pocketwatch"},{"floor":39,"key":"HornCleat"},{"floor":41,"key":"Juzu Bracelet"},{"floor":47,"key":"Incense Burner"}],"event_choices":[{"damage_healed":0,"gold_gain":0,"player_choice":"Paid Gold","damage_taken":0,"relics_obtained":["Molten Egg 2"],"max_hp_gain":0,"max_hp_loss":0,"event_name":"WeMeetAgain","floor":2,"gold_loss":98},{"damage_healed":0,"gold_gain":0,"player_choice":"Became a Ghost","damage_taken":0,"max_hp_gain":0,"max_hp_loss":36,"event_name":"Ghosts","floor":22,"gold_loss":0,"cards_obtained":["Ghostly","Ghostly","Ghostly"]},{"damage_healed":0,"gold_gain":0,"player_choice":"Got Potions","damage_taken":0,"max_hp_gain":0,"max_hp_loss":0,"event_name":"Lab","floor":28,"gold_loss":0},{"damage_healed":0,"gold_gain":275,"player_choice":"Desecrate","damage_taken":0,"max_hp_gain":0,"max_hp_loss":0,"event_name":"Golden Shrine","floor":37,"gold_loss":0,"cards_obtained":["Regret"]},{"damage_healed":0,"gold_gain":0,"player_choice":"Max HP","damage_taken":0,"max_hp_gain":0,"max_hp_loss":2,"event_name":"Winding Halls","floor":44,"gold_loss":0},{"damage_healed":0,"gold_gain":0,"player_choice":"Memory 1","damage_taken":0,"max_hp_gain":0,"max_hp_loss":0,"event_name":"SensoryStone","floor":45,"gold_loss":0},{"damage_healed":0,"gold_gain":0,"player_choice":"Fight","damage_taken":0,"max_hp_gain":0,"max_hp_loss":0,"event_name":"MindBloom","floor":47,"gold_loss":0}],"is_beta":false,"boss_relics":[{"not_picked":["Coffee Dripper","Ectoplasm"],"picked":"Philosopher\u0027s Stone"},{"not_picked":["Fusion Hammer","Tiny House"],"picked":"Inserter"}],"items_purged_floors":[20,38],"is_endless":false,"potions_floor_spawned":[3,5,8,12,16,31,35,36],"killed_by":"Nemesis","ascension_level":20}}