{"host":"28p8ce41sjwa6lzf","time":1613146674,"event":{"mods":["BaseMod","Bestiary","Colored Map","Colored Powertips","Dark Map","Highlight Path","Minty Spire (QoL Compilation)","Permanent Neow","Quick Restart","Random Character Button","Rare Cards Sparkle","Relic Stats","StSLib","Unceasing Turn Reminder"],"gold_per_floor":[111,129,148,163,163,163,174,205,252,279,279,294,307,338,338,417,417,432,443,443,6,6,6,6,6],"floor_reached":24,"language":"ENG","playtime":1298,"items_purged":["Strike_P"],"score":486,"play_id":"1171fd97-52f5-4274-b417-182a3fdcbc89","local_time":"20210212101754","is_ascension_mode":true,"campfire_choices":[{"data":"Eruption","floor":6.0,"key":"SMITH"},{"floor":11.0,"key":"REST"},{"data":"EmptyFist","floor":15.0,"key":"SMITH"},{"data":"WaveOfTheHand","floor":23.0,"key":"SMITH"}],"circlet_count":0,"master_deck":["AscendersBane","Strike_P","Strike_P","Strike_P","Defend_P","Defend_P","Defend_P","Defend_P","Eruption+1","Vigilance","SpiritShield","Weave","WaveOfTheHand+1","WheelKick+1","JustLucky","SashWhip","SpiritShield","Meditate+1","Halt+1","EmptyFist+1","Meditate+1","DeusExMachina+1","Evaluate+1","Worship+1","Necronomicurse","LikeWater"],"relics":["PureWater","Peace Pipe","Damaru","Toxic Egg 2","Blood Vial","Coffee Dripper","Necronomicon","Membership Card","Ice Cream"],"acts_visited":["Exordium","TheCity"],"potions_floor_usage":[24],"damage_taken":[{"damage":4.0,"enemies":"Small Slimes","floor":1.0,"turns":4.0},{"damage":0.0,"enemies":"Cultist","floor":2.0,"turns":3.0},{"damage":1.0,"enemies":"Jaw Worm","floor":3.0,"turns":4.0},{"damage":3.0,"enemies":"2 Fungi Beasts","floor":4.0,"turns":6.0},{"damage":1.0,"enemies":"Looter","floor":7.0,"turns":3.0},{"damage":20.0,"enemies":"Gremlin Nob","floor":8.0,"turns":3.0},{"damage":18.0,"enemies":"3 Sentries","floor":10.0,"turns":7.0},{"damage":1.0,"enemies":"3 Louse","floor":12.0,"turns":2.0},{"damage":3.0,"enemies":"Blue Slaver","floor":13.0,"turns":4.0},{"damage":0.0,"enemies":"Gremlin Nob","floor":14.0,"turns":2.0},{"damage":8.0,"enemies":"The Guardian","floor":16.0,"turns":9.0},{"damage":0.0,"enemies":"Chosen","floor":18.0,"turns":4.0},{"damage":15.0,"enemies":"Spheric Guardian","floor":19.0,"turns":4.0},{"damage":56,"enemies":"Gremlin Leader","floor":24,"turns":4}],"seed_played":"-712967421094902538","potions_obtained":[{"floor":1.0,"key":"Swift Potion"},{"floor":8.0,"key":"DuplicationPotion"},{"floor":10.0,"key":"SpeedPotion"},{"floor":12.0,"key":"CultistPotion"},{"floor":14.0,"key":"LiquidMemories"}],"is_trial":false,"path_per_floor":["M","M","M","M","?","R","M","E","T","E","R","M","M","E","R","B",null,"M","M","?","$","?","R","E"],"character_chosen":"WATCHER","items_purchased":["Membership Card","Ice Cream","Block Potion","LikeWater"],"campfire_rested":1,"item_purchase_floors":[21,21,21,21],"current_hp_per_floor":[57,57,56,53,53,53,52,32,32,14,34,33,30,30,30,24,57,59,46,25,25,39,39,0,0],"gold":6,"neow_bonus":"ONE_RANDOM_RARE_CARD","is_daily":false,"chose_seed":false,"campfire_upgraded":3,"win_rate":0.0,"timestamp":1613146674,"path_taken":["M","M","M","M","?","R","M","E","T","E","R","M","?","E","R","BOSS","M","M","?","$","?","R","E"],"items_purchased_type":["Relic","Relic","Potion","Card"],"build_version":"2020-12-22","purchased_purges":1,"victory":false,"max_hp_per_floor":[68,68,68,68,68,68,68,68,68,68,68,68,68,68,68,68,68,68,68,68,68,68,68,68,68],"relic_stats":{"Peace Pipe":0,"Blood Vial":8,"counters":[14,59],"Necronomicon":[0],"obtain_stats":[{"Peace Pipe":8,"Blood Vial":14,"Ice Cream":21,"Damaru":9,"Coffee Dripper":17,"Necronomicon":20,"Membership Card":21,"PureWater":0,"Toxic Egg 2":10},{"Peace Pipe":6,"Blood Vial":10,"Ice Cream":13,"Damaru":6,"Coffee Dripper":11,"Necronomicon":13,"Membership Card":13,"PureWater":0,"Toxic Egg 2":7},{"Peace Pipe":23,"Blood Vial":38,"Ice Cream":55,"Damaru":23,"Coffee Dripper":47,"Necronomicon":55,"Membership Card":55,"PureWater":0,"Toxic Egg 2":30}]},"card_choices":[{"not_picked":["EmptyBody","Halt"],"picked":"Weave","floor":1.0},{"not_picked":["ClearTheMind","Sanctity"],"picked":"WaveOfTheHand","floor":2.0},{"not_picked":["Worship","Study"],"picked":"WheelKick","floor":3.0},{"not_picked":["BattleHymn","Consecrate"],"picked":"JustLucky","floor":4.0},{"not_picked":["CrushJoints","Pray"],"picked":"SashWhip","floor":7.0},{"not_picked":["Consecrate","Fasting2"],"picked":"SpiritShield","floor":8.0},{"not_picked":["FlyingSleeves","WheelKick"],"picked":"Meditate+1","floor":10.0},{"not_picked":["FollowUp","EmptyBody+1"],"picked":"Halt+1","floor":12.0},{"not_picked":["Consecrate","Pray+1"],"picked":"EmptyFist","floor":13.0},{"not_picked":["FlurryOfBlows","Consecrate"],"picked":"Meditate+1","floor":14.0},{"not_picked":["Devotion","Omniscience+1"],"picked":"DeusExMachina+1","floor":16.0},{"not_picked":["JustLucky","SignatureMove"],"picked":"Evaluate+1","floor":18.0},{"not_picked":["SashWhip","Vengeance+1"],"picked":"Worship+1","floor":19.0}],"player_experience":1348209,"relics_obtained":[{"floor":8.0,"key":"Peace Pipe"},{"floor":9.0,"key":"Damaru"},{"floor":10.0,"key":"Toxic Egg 2"},{"floor":14.0,"key":"Blood Vial"},{"floor":20.0,"key":"Necronomicon"}],"event_choices":[{"damage_healed":0.0,"max_hp_gain":0.0,"max_hp_loss":0.0,"gold_gain":0.0,"event_name":"Accursed Blacksmith","player_choice":"Forge","floor":5.0,"gold_loss":0.0,"damage_taken":0.0,"cards_upgraded":["WheelKick"]},{"damage_healed":0.0,"max_hp_gain":0.0,"max_hp_loss":0.0,"gold_gain":0.0,"event_name":"Cursed Tome","player_choice":"Obtained Book","floor":20.0,"gold_loss":0.0,"damage_taken":21.0},{"damage_healed":14.0,"max_hp_gain":0.0,"max_hp_loss":0.0,"gold_gain":0.0,"event_name":"The Library","player_choice":"Heal","floor":22.0,"gold_loss":0.0,"damage_taken":0.0}],"is_beta":false,"boss_relics":[{"not_picked":["SacredBark","Runic Dome"],"picked":"Coffee Dripper"}],"items_purged_floors":[21],"is_endless":false,"potions_floor_spawned":[1,8,10,12,14],"killed_by":"Gremlin Leader","ascension_level":20}}