{"host":"9e8t9l667fx7pth6","time":1613123253,"event":{"mods":["2.2 Compatiblity","AchievementEnabler","Aspiration","BaseMod","BetterRewards","Custom Start","Dark Map","Halation","Hubris","Minty Spire (QoL Compilation)","Remove Card Discount Mod","StSLib","The Blue Laboratory"],"gold_per_floor":[115,115,115,31,42,42,52,84,84,44,44,44],"floor_reached":11,"language":"ENG","playtime":276,"items_purged":[],"score":138,"play_id":"318a3eb5-173e-4012-bf77-4669dd30bf1f","local_time":"20210212044733","is_ascension_mode":true,"campfire_choices":[{"data":"Zap","floor":6,"key":"SMITH"}],"circlet_count":0,"master_deck":["AscendersBane","Strike_B","Strike_B","Strike_B+1","Strike_B","Defend_B","Defend_B","Defend_B","Defend_B","Zap+1","Dualcast","Hologram","Scrape","Compile Driver+1","Defragment","Gash"],"relics":["Cracked Core","aspiration:Nostalgia","Ring of the Snake","aspiration:HiddenCompartment","Whetstone"],"acts_visited":["Exordium"],"potions_floor_usage":[8,11,11],"damage_taken":[{"damage":4,"enemies":"Jaw Worm","floor":1,"turns":4},{"damage":7,"enemies":"2 Louse","floor":5,"turns":3},{"damage":1,"enemies":"Cultist","floor":7,"turns":3},{"damage":20,"enemies":"3 Sentries","floor":8,"turns":3},{"damage":47,"enemies":"Gremlin Nob","floor":11,"turns":3}],"seed_played":"-7379364381854673585","potions_obtained":[{"floor":1,"key":"blueLaboratory:NullPotion"},{"floor":10,"key":"blueLaboratory:ArtificerPotion"},{"floor":10,"key":"Energy Potion"},{"floor":10,"key":"Dexterity Potion"}],"is_trial":false,"path_per_floor":["M","?","?","$","M","R","M","E","T","?","E"],"character_chosen":"DEFECT","items_purchased":["Scrape"],"campfire_rested":0,"item_purchase_floors":[4],"current_hp_per_floor":[60,60,60,60,53,53,52,32,32,32,0,0],"gold":44,"neow_bonus":"NOSTALGIA","is_daily":false,"chose_seed":false,"campfire_upgraded":1,"win_rate":0.0,"timestamp":1613123253,"path_taken":["M","?","?","$","M","R","M","E","T","?","E"],"items_purchased_type":["Card"],"build_version":"2020-12-22","purchased_purges":0,"victory":false,"max_hp_per_floor":[71,71,71,71,71,71,71,71,71,71,71,71],"card_choices":[{"not_picked":["Storm","Undo"],"picked":"Hologram","floor":1},{"not_picked":["Streamline","Undo"],"picked":"Compile Driver","floor":5},{"not_picked":["Reprogram","Melter"],"picked":"Defragment","floor":7},{"not_picked":["Hyperbeam","Go for the Eyes"],"picked":"Gash","floor":8}],"player_experience":1024760,"relics_obtained":[{"floor":8,"key":"aspiration:HiddenCompartment"},{"floor":9,"key":"Whetstone"}],"event_choices":[{"damage_healed":0,"gold_gain":0,"player_choice":"Ignored","damage_taken":0,"max_hp_gain":0,"max_hp_loss":0,"event_name":"Golden Wing","floor":2,"gold_loss":0},{"damage_healed":0,"gold_gain":0,"player_choice":"Leave","damage_taken":0,"max_hp_gain":0,"max_hp_loss":0,"event_name":"The Cleric","floor":3,"gold_loss":0},{"damage_healed":0,"gold_gain":0,"player_choice":"Bought 3 Potions","damage_taken":0,"max_hp_gain":0,"max_hp_loss":0,"event_name":"The Woman in Blue","floor":10,"gold_loss":0}],"is_beta":false,"boss_relics":[],"items_purged_floors":[],"is_endless":false,"potions_floor_spawned":[1],"killed_by":"Gremlin Nob","ascension_level":19}}