{"host":"lehz9p79pih88cc3","time":1613157815,"event":{"mods":["AchievementEnabler","Act Like it!","Aspiration","BaseMod","Better Match","Better Note","Better Skull","Better Third Choice","CapriCore","Defuse TimeMaze Blight","Disable Question Mark Monsters","Displayed Cursed Tome","Downfall","Emptier Cage","Infinite Spire","Koishi","Minty Spire (QoL Compilation)","Permanent Neow","Quick Restart","Reimu??????","Relic Stats","Reliquary","Replay The Spire","SacredBarkPlus","Shop Mod","StSLib","The Administrix","The Bug Knight","The Construct","The Immortal","The Mystic","The Runesmith","The Servant 0.9.4","Transform Curses","Uncapped","Yakumo Yukari mod","Yuyuko"],"gold_per_floor":[99,113,113,113,129,148,194,194,194,205,205,216,87,121,131,235,235,235,245,245,259,276,276,276,137,170,270,270,270,270,270],"floor_reached":29,"language":"ENG","playtime":881,"items_purged":["downfall:Malfunctioning"],"score":279,"play_id":"11cf98fa-8d7e-4077-bd25-6b3fef93e379","local_time":"20210212142335","is_ascension_mode":true,"campfire_choices":[{"data":"champ:Taunt","floor":1,"key":"SMITH"},{"data":"champ:Execute","floor":11,"key":"SMITH"},{"data":"champ:StrikeOfGenius","floor":18,"key":"SMITH"},{"floor":23,"key":"REST"}],"circlet_count":0,"master_deck":["champ:Strike","champ:Strike","champ:Strike","champ:Defend+1","champ:Defend","champ:Defend+1","champ:Defend","champ:Execute+1","champ:Taunt+1","champ:PerfectedStrike+1","champ:Haymaker+1","champ:PerfectedStrike","champ:PreciseThrust","champ:ShieldWall","champ:StanceDance","champ:FanOfKnives","champ:StrikeOfGenius+1","CurseOfTheBell","champ:RapidStrikes+1","champ:BladeFlurry+1","champ:BringItOn+1","champ:RapidStrikes","champ:FlashCut+1","champ:RapidStrikes","champ:GutPunch"],"relics":["bronze:MakeshiftBattery","reliquary:PartyBalloon","Bag of Preparation","Calling Bell","infinitespire:PuzzleCube","aspiration:StickyExplosives_weak","Prayer Wheel","aspiration:RitualStick","Nunchaku","Turnip","champ:BlackKnightHelmet","reliquary:IridiumChain"],"acts_visited":["Exordium","TheCity"],"potions_floor_usage":[14,16,25],"damage_taken":[{"damage":10,"enemies":"Small Slimes","floor":2,"turns":3},{"damage":22,"enemies":"Jaw Worm","floor":5,"turns":3},{"damage":10,"enemies":"Cultist","floor":6,"turns":2},{"damage":7,"enemies":"Large Slime","floor":10,"turns":4},{"damage":8,"enemies":"Blue Slaver","floor":12,"turns":2},{"damage":0,"enemies":"downfall:FleeingMerchant","floor":13,"turns":4},{"damage":26,"enemies":"Gremlin Nob","floor":14,"turns":3},{"damage":24,"enemies":"Red Slaver","floor":15,"turns":2},{"damage":20,"enemies":"IC_STATUS_ARCHETYPE","floor":16,"turns":6},{"damage":28,"enemies":"Shell Parasite","floor":19,"turns":3},{"damage":34,"enemies":"3 Byrds","floor":21,"turns":4},{"damage":11,"enemies":"Shelled Parasite and Fungi","floor":22,"turns":4},{"damage":10,"enemies":"downfall:FleeingMerchant","floor":25,"turns":4},{"damage":37,"enemies":"Book of Stabbing","floor":26,"turns":4},{"damage":3,"enemies":"Book of Stabbing","floor":27,"turns":4},{"damage":9,"enemies":"Centurion and Healer","floor":29,"turns":2}],"seed_played":"1621025520780183692","potions_obtained":[{"floor":6,"key":"Regen Potion"},{"floor":14,"key":"DistilledChaos"},{"floor":15,"key":"Ancient Potion"},{"floor":16,"key":"hexamod:SoulburnPotion"},{"floor":19,"key":"champ:TechniquePotion"},{"floor":22,"key":"Adrenaline Potion"}],"is_trial":false,"path_per_floor":["R","M","?","?","M","M","T","?","?","M","R","M","$","E","M","B",null,"R","M","?","M","M","R","T","$","E","?","?","M"],"character_chosen":"THE_CHAMP","items_purchased":["champ:ShieldWall","champ:RapidStrikes","champ:GutPunch"],"campfire_rested":1,"item_purchase_floors":[13,25,25],"current_hp_per_floor":[90,90,90,90,89,89,89,89,89,82,82,74,75,68,54,44,90,90,62,44,20,9,36,36,36,9,6,6,0,0,0],"gold":270,"neow_bonus":"BOSS_RELIC","is_daily":false,"chose_seed":false,"campfire_upgraded":3,"win_rate":0.0,"timestamp":1613157815,"path_taken":["R","M","?","?","?","M","T","?","?","M","R","?","$","E","M","BOSS","R","M","?","M","M","R","T","$","E","?","?","M"],"items_purchased_type":["Card","Card","Card"],"build_version":"2020-12-22","purchased_purges":1,"victory":false,"max_hp_per_floor":[90,90,90,90,90,90,90,90,90,90,90,90,90,90,90,90,90,90,90,90,90,90,90,90,90,90,90,90,90,90,90],"relic_stats":{"Nunchaku":[3],"counters":[16,52],"Prayer Wheel":3,"Turnip":[2],"Bag of Preparation":[18],"obtain_stats":[{"champ:BlackKnightHelmet":27,"reliquary:PartyBalloon":7,"champ:ChampionCrown":0,"Bag of Preparation":14,"aspiration:RitualStick":20,"reliquary:IridiumChain":27,"aspiration:StickyExplosives_weak":17,"Calling Bell":17,"Nunchaku":24,"Prayer Wheel":17,"Turnip":26,"bronze:MakeshiftBattery":0,"infinitespire:PuzzleCube":17},{"champ:BlackKnightHelmet":15,"reliquary:PartyBalloon":3,"champ:ChampionCrown":0,"Bag of Preparation":7,"aspiration:RitualStick":10,"reliquary:IridiumChain":15,"aspiration:StickyExplosives_weak":9,"Calling Bell":9,"Nunchaku":12,"Prayer Wheel":9,"Turnip":14,"bronze:MakeshiftBattery":0,"infinitespire:PuzzleCube":9},{"champ:BlackKnightHelmet":50,"reliquary:PartyBalloon":8,"champ:ChampionCrown":0,"Bag of Preparation":21,"aspiration:RitualStick":32,"reliquary:IridiumChain":50,"aspiration:StickyExplosives_weak":29,"Calling Bell":29,"Nunchaku":40,"Prayer Wheel":29,"Turnip":47,"bronze:MakeshiftBattery":0,"infinitespire:PuzzleCube":29}],"aspiration:RitualStick":[0]},"card_choices":[{"not_picked":["champ:CrownThrow","champ:FaceSlap","champ:Parry"],"picked":"SKIP","floor":2},{"not_picked":["champ:PreciseThrust","champ:Haymaker"],"picked":"champ:PerfectedStrike","floor":5},{"not_picked":["champ:ShieldSigil","champ:EnGarde"],"picked":"champ:Haymaker","floor":6},{"not_picked":["champ:GladiatorStyle","champ:BerserkersShout","champ:Backstep"],"picked":"SKIP","floor":10},{"not_picked":["champ:FlashCut","champ:UltimateStance"],"picked":"champ:PerfectedStrike","floor":12},{"not_picked":["champ:EnchantCrown","champ:FalseCounter"],"picked":"champ:PreciseThrust","floor":13},{"not_picked":["champ:CalledShot","champ:IronFortress"],"picked":"champ:StanceDance","floor":14},{"not_picked":["champ:CrownThrow","champ:GutPunch"],"picked":"champ:FanOfKnives","floor":15},{"not_picked":["champ:GladiatorForm","champ:SwordThrow"],"picked":"champ:StrikeOfGenius","floor":16},{"not_picked":["champ:BladeFlurry","champ:ShieldSigil"],"picked":"champ:RapidStrikes+1","floor":19},{"not_picked":["champ:CrownThrow+1","champ:FocusedBerserking","champ:RecklessLeap"],"picked":"SKIP","floor":19},{"not_picked":["champ:GladiatorForm","champ:Lariat"],"picked":"champ:BladeFlurry+1","floor":21},{"not_picked":["champ:DeathBlow","champ:Circumvent+1"],"picked":"champ:BringItOn+1","floor":21},{"not_picked":["champ:FlashCut","champ:Endure"],"picked":"champ:RapidStrikes","floor":22},{"not_picked":["champ:BringItOn","champ:FocusedBerserking"],"picked":"champ:FlashCut+1","floor":22},{"not_picked":["champ:Endure+1","champ:EnGarde","champ:HeartStrike"],"picked":"SKIP","floor":25},{"not_picked":["champ:FanOfKnives+1","champ:ShieldSigil","champ:FancyFootwork"],"picked":"SKIP","floor":26}],"player_experience":281631,"relics_obtained":[{"floor":7,"key":"reliquary:PartyBalloon"},{"floor":14,"key":"Bag of Preparation"},{"floor":17,"key":"infinitespire:PuzzleCube"},{"floor":17,"key":"aspiration:StickyExplosives_weak"},{"floor":17,"key":"Prayer Wheel"},{"floor":24,"key":"Nunchaku"},{"floor":26,"key":"Turnip"},{"floor":27,"key":"champ:BlackKnightHelmet"},{"floor":27,"key":"reliquary:IridiumChain"}],"event_choices":[{"cards_removed":["champ:Strike"],"damage_healed":0,"gold_gain":0,"player_choice":"Offered Basic","damage_taken":0,"max_hp_gain":0,"max_hp_loss":0,"event_name":"Bonfire Elementals","floor":4,"gold_loss":0}],"is_beta":false,"boss_relics":[{"not_picked":["Ring of Chaos","ReplayTheSpireMod:SealedPack"],"picked":"Calling Bell"}],"items_purged_floors":[13],"is_endless":false,"potions_floor_spawned":[6,14,15,16,19,22],"killed_by":"Centurion and Healer","ascension_level":3}}