{"host":"Plmjuhv","time":1613106987,"event":{"mods":["AchievementEnabler","BaseMod","Minty Spire (QoL Compilation)","Relic Stats"],"gold_per_floor":[109,126,126,226,240,240,269,269,350,350,366,400,412,445,445,548,548,564,577,156,175,175,175,204,204,204,204,235,250,261,295,295,295,295],"floor_reached":33,"language":"ENG","playtime":2362,"items_purged":["Heavy Blade+1"],"score":488,"play_id":"ef4a137c-d1b6-4217-9fd3-af1153c3c81b","local_time":"20210212161627","is_ascension_mode":true,"campfire_choices":[{"data":"True Grit","floor":6,"key":"SMITH"},{"floor":8,"key":"REST"},{"floor":10,"key":"REST"},{"floor":15,"key":"REST"},{"data":"True Grit","floor":23,"key":"SMITH"},{"data":"Armaments","floor":25,"key":"SMITH"},{"floor":32,"key":"REST"}],"circlet_count":0,"master_deck":["AscendersBane","Bash","CurseOfTheBell","Thunderclap","True Grit+1","Flame Barrier","Disarm","Rampage+1","Battle Trance","Rage","Immolate+1","Immolate+1","Dropkick+1","Impervious","Pommel Strike+1","Battle Trance","Sword Boomerang+1","Headbutt+1","Bloodletting","True Grit+1","Feel No Pain","J.A.X.","Armaments+1","Whirlwind+1","Shrug It Off","Shrug It Off+1","Metallicize"],"relics":["Calling Bell","Akabeko","Matryoshka","Champion Belt","MealTicket","Molten Egg 2","Mummified Hand","Regal Pillow","Darkstone Periapt","Pandora\u0027s Box","Shuriken","Letter Opener","Meat on the Bone","HornCleat","Lantern"],"acts_visited":["Exordium","TheCity"],"potions_floor_usage":[12,14,28,29,33,33,33],"damage_taken":[{"damage":5,"enemies":"Cultist","floor":1,"turns":4},{"damage":3,"enemies":"2 Louse","floor":2,"turns":2},{"damage":9,"enemies":"Jaw Worm","floor":5,"turns":3},{"damage":50,"enemies":"Lagavulin","floor":7,"turns":12},{"damage":9,"enemies":"Exordium Wildlife","floor":11,"turns":7},{"damage":15,"enemies":"3 Sentries","floor":12,"turns":9},{"damage":0,"enemies":"3 Louse","floor":13,"turns":2},{"damage":24,"enemies":"Gremlin Nob","floor":14,"turns":4},{"damage":16,"enemies":"The Guardian","floor":16,"turns":12},{"damage":3,"enemies":"3 Byrds","floor":18,"turns":3},{"damage":8,"enemies":"Shell Parasite","floor":19,"turns":4},{"damage":9,"enemies":"Snecko","floor":21,"turns":3},{"damage":21,"enemies":"Gremlin Leader","floor":24,"turns":6},{"damage":25,"enemies":"Book of Stabbing","floor":28,"turns":6},{"damage":10,"enemies":"Chosen and Byrds","floor":29,"turns":2},{"damage":3,"enemies":"Centurion and Healer","floor":30,"turns":4},{"damage":20,"enemies":"Gremlin Leader","floor":31,"turns":6},{"damage":81,"enemies":"Champ","floor":33,"turns":14}],"seed_played":"4494131062409712323","potions_obtained":[{"floor":2,"key":"DistilledChaos"},{"floor":5,"key":"LiquidMemories"},{"floor":12,"key":"EssenceOfSteel"},{"floor":14,"key":"Strength Potion"},{"floor":24,"key":"Fire Potion"},{"floor":30,"key":"FearPotion"},{"floor":31,"key":"AttackPotion"}],"is_trial":false,"path_per_floor":["M","M","?","?","M","R","E","R","T","R","M","E","M","E","R","B",null,"M","M","$","M","?","R","E","R","T","$","E","M","M","E","R","B"],"character_chosen":"IRONCLAD","items_purchased":["True Grit","Feel No Pain","Shuriken"],"campfire_rested":4,"item_purchase_floors":[20,20,20],"current_hp_per_floor":[67,64,69,69,60,60,10,35,35,60,51,36,36,12,52,36,73,70,62,77,68,68,68,47,47,47,62,49,51,48,40,80,0,0],"gold":295,"neow_bonus":"BOSS_RELIC","is_daily":false,"chose_seed":false,"campfire_upgraded":3,"win_rate":0.0,"timestamp":1613106987,"path_taken":["M","?","?","?","M","R","E","R","T","R","M","E","M","E","R","BOSS","M","?","$","M","?","R","E","R","T","$","E","M","M","E","R","BOSS"],"items_purchased_type":["Card","Card","Relic"],"build_version":"2020-12-18","purchased_purges":1,"victory":false,"max_hp_per_floor":[80,80,85,85,85,85,85,85,85,85,85,85,85,85,85,85,85,85,85,85,85,85,85,85,85,85,85,85,85,85,85,85,85,85],"relic_stats":{"Darkstone Periapt":0,"Regal Pillow":30,"counters":[18,103],"Mummified Hand":[7],"Shuriken":[8],"MealTicket":30,"Pandora\u0027s Box":["Immolate","Dropkick","Impervious","Pommel Strike","Battle Trance","Sword Boomerang","Headbutt","Bloodletting","Heavy Blade"],"Champion Belt":[55],"Letter Opener":[55],"obtain_stats":[{"Darkstone Periapt":14,"Regal Pillow":12,"Lantern":31,"Letter Opener":24,"Burning Blood":0,"Akabeko":0,"Calling Bell":0,"Matryoshka":0,"HornCleat":28,"Mummified Hand":9,"Shuriken":20,"MealTicket":7,"Molten Egg 2":9,"Pandora\u0027s Box":17,"Champion Belt":0,"Meat on the Bone":26},{"Darkstone Periapt":8,"Regal Pillow":6,"Lantern":17,"Letter Opener":13,"Burning Blood":0,"Akabeko":0,"Calling Bell":0,"Matryoshka":0,"HornCleat":14,"Mummified Hand":4,"Shuriken":11,"MealTicket":4,"Molten Egg 2":4,"Pandora\u0027s Box":9,"Champion Belt":0,"Meat on the Bone":13},{"Darkstone Periapt":43,"Regal Pillow":37,"Lantern":89,"Letter Opener":71,"Burning Blood":0,"Akabeko":0,"Calling Bell":0,"Matryoshka":0,"HornCleat":77,"Mummified Hand":21,"Shuriken":62,"MealTicket":21,"Molten Egg 2":21,"Pandora\u0027s Box":55,"Champion Belt":0,"Meat on the Bone":71}],"Meat on the Bone":36},"card_choices":[{"not_picked":["Warcry","Power Through"],"picked":"Thunderclap","floor":1},{"not_picked":["Body Slam","Thunderclap","Headbutt"],"picked":"SKIP","floor":2},{"not_picked":["Evolve","Iron Wave"],"picked":"True Grit","floor":5},{"not_picked":["Havoc","Barricade"],"picked":"Flame Barrier","floor":7},{"not_picked":["Hemokinesis+1","Clash+1"],"picked":"Disarm","floor":11},{"not_picked":["Wild Strike+1","Perfected Strike+1"],"picked":"Rampage+1","floor":12},{"not_picked":["Heavy Blade+1","Sentinel"],"picked":"Battle Trance","floor":13},{"not_picked":["Evolve","Sever Soul+1"],"picked":"Rage","floor":14},{"not_picked":["Offering","Brutality"],"picked":"Immolate+1","floor":16},{"not_picked":["Cleave+1","Havoc+1","Searing Blow+1"],"picked":"SKIP","floor":18},{"not_picked":["Anger+1","Wild Strike+1","Pommel Strike+1"],"picked":"SKIP","floor":19},{"not_picked":["Thunderclap+1","Sword Boomerang+1","Fire Breathing"],"picked":"SKIP","floor":21},{"not_picked":["Fire Breathing","Thunderclap+1"],"picked":"Armaments","floor":24},{"not_picked":["Perfected Strike+1","Demon Form"],"picked":"Whirlwind+1","floor":28},{"not_picked":["Cleave+1","Iron Wave+1"],"picked":"Shrug It Off","floor":29},{"not_picked":["Twin Strike+1","Flex"],"picked":"Shrug It Off+1","floor":30},{"not_picked":["Dropkick+1","Infernal Blade"],"picked":"Metallicize","floor":31}],"player_experience":310251,"relics_obtained":[{"floor":0,"key":"Akabeko"},{"floor":0,"key":"Matryoshka"},{"floor":0,"key":"Champion Belt"},{"floor":7,"key":"MealTicket"},{"floor":9,"key":"Molten Egg 2"},{"floor":9,"key":"Mummified Hand"},{"floor":12,"key":"Regal Pillow"},{"floor":14,"key":"Darkstone Periapt"},{"floor":24,"key":"Letter Opener"},{"floor":26,"key":"Meat on the Bone"},{"floor":28,"key":"HornCleat"},{"floor":31,"key":"Lantern"}],"event_choices":[{"damage_healed":0,"gold_gain":0,"player_choice":"Donut","damage_taken":0,"max_hp_gain":5,"max_hp_loss":0,"event_name":"Big Fish","floor":3,"gold_loss":0},{"damage_healed":0,"gold_gain":100,"player_choice":"Pray","damage_taken":0,"max_hp_gain":0,"max_hp_loss":0,"event_name":"Golden Shrine","floor":4,"gold_loss":0},{"damage_healed":0,"gold_gain":0,"player_choice":"Obtain J.A.X.","damage_taken":0,"max_hp_gain":0,"max_hp_loss":0,"event_name":"Drug Dealer","floor":22,"gold_loss":0,"cards_obtained":["J.A.X."]}],"is_beta":true,"boss_relics":[{"not_picked":["Philosopher\u0027s Stone","Sozu"],"picked":"Pandora\u0027s Box"}],"items_purged_floors":[20],"is_endless":false,"potions_floor_spawned":[2,5,12,14,24,30,31],"killed_by":"Champ","ascension_level":10}}