{"host":"5raohst9sk3kvp5v","time":1613115520,"event":{"mods":["BaseMod","Colored Powertips","Highlight Path","Minty Spire (QoL Compilation)","Quick Restart","Relic Stats","StSLib"],"gold_per_floor":[117,132,5,22,41,41,69,88,112,71,104,115,115,125,125,196,196,211,211,228,228,24,24,52,52,76,76,1,21,38,69,69,69,69],"floor_reached":33,"language":"ENG","playtime":1383,"items_purged":[],"score":579,"play_id":"7dcbde3d-bfc8-4034-a59d-300cbc827f7e","local_time":"20210212013840","is_ascension_mode":true,"campfire_choices":[{"data":"Body Slam","floor":6.0,"key":"SMITH"},{"floor":13.0,"key":"REST"},{"data":"Uppercut","floor":15.0,"key":"SMITH"},{"data":"Whirlwind","floor":23.0,"key":"SMITH"},{"data":"Double Tap","floor":32,"key":"SMITH"}],"circlet_count":0,"master_deck":["AscendersBane","Strike_R","Strike_R","Strike_R+1","Strike_R","Defend_R","Defend_R","Defend_R","Defend_R","Bash","Impervious","Body Slam+1","Clash+1","Flame Barrier","Spot Weakness","Dual Wield","Immolate","Feed","Feel No Pain","Shrug It Off","Whirlwind+1","Uppercut+1","Bludgeon","True Grit+1","Dark Embrace","Ghostly","Ghostly","Ghostly","Feel No Pain","Disarm+1","Power Through","Sentinel","Double Tap+1"],"relics":["Burning Blood","Gremlin Horn","Nunchaku","Snecko Eye","Nloth\u0027s Gift","Chemical X","Juzu Bracelet","Potion Belt","Omamori","Mercury Hourglass"],"acts_visited":["Exordium","TheCity"],"potions_floor_usage":[],"damage_taken":[{"damage":7.0,"enemies":"2 Louse","floor":1.0,"turns":3.0},{"damage":8.0,"enemies":"Cultist","floor":2.0,"turns":5.0},{"damage":9.0,"enemies":"Small Slimes","floor":4.0,"turns":4.0},{"damage":9.0,"enemies":"Exordium Wildlife","floor":5.0,"turns":6.0},{"damage":23.0,"enemies":"Lagavulin","floor":7.0,"turns":7.0},{"damage":37.0,"enemies":"2 Fungi Beasts","floor":8.0,"turns":7.0},{"damage":25.0,"enemies":"3 Sentries","floor":11.0,"turns":9.0},{"damage":4.0,"enemies":"Blue Slaver","floor":12.0,"turns":4.0},{"damage":0.0,"enemies":"Exordium Thugs","floor":14.0,"turns":2.0},{"damage":27.0,"enemies":"Slime Boss","floor":16.0,"turns":11.0},{"damage":1.0,"enemies":"3 Byrds","floor":18.0,"turns":3.0},{"damage":0.0,"enemies":"Spheric Guardian","floor":20.0,"turns":3.0},{"damage":19.0,"enemies":"Slavers","floor":24.0,"turns":4.0},{"damage":7,"enemies":"3 Cultists","floor":29,"turns":3},{"damage":3,"enemies":"Snake Plant","floor":30,"turns":5},{"damage":2,"enemies":"Book of Stabbing","floor":31,"turns":3},{"damage":45,"enemies":"Automaton","floor":33,"turns":6}],"seed_played":"6877861769158437702","potions_obtained":[{"floor":2.0,"key":"Block Potion"},{"floor":4.0,"key":"Regen Potion"},{"floor":8.0,"key":"Energy Potion"},{"floor":11.0,"key":"Explosive Potion"},{"floor":16.0,"key":"EntropicBrew"},{"floor":20.0,"key":"Block Potion"},{"floor":29,"key":"AttackPotion"}],"is_trial":false,"path_per_floor":["M","M","$","M","M","R","E","M","T","$","E","M","R","M","R","B",null,"M","?","M","?","$","R","E","T","T","?","?","M","M","E","R","B"],"character_chosen":"IRONCLAD","items_purchased":["Flame Barrier","Spot Weakness","Feel No Pain","Chemical X","Feel No Pain"],"campfire_rested":1,"item_purchase_floors":[3,3,10,22,22],"current_hp_per_floor":[67,65,65,62,59,59,42,17,17,17,16,18,43,49,49,31,73,78,78,84,43,43,43,30,30,30,30,30,29,32,36,36,0,0],"gold":69,"neow_bonus":"TRANSFORM_CARD","is_daily":false,"chose_seed":false,"campfire_upgraded":4,"win_rate":0.0,"timestamp":1613115520,"path_taken":["M","M","$","M","M","R","E","M","T","$","E","M","R","M","R","BOSS","M","?","?","?","$","R","E","?","T","?","?","M","M","E","R","BOSS"],"items_purchased_type":["Card","Card","Card","Relic","Card"],"build_version":"2020-12-22","purchased_purges":0,"victory":false,"max_hp_per_floor":[75,75,75,75,75,75,75,81,81,81,84,84,84,84,84,87,87,87,87,87,43,43,43,43,43,43,43,43,43,43,43,43,43,43],"relic_stats":{"Nunchaku":[7],"Gremlin Horn":[13,13],"counters":[17,85],"Snecko Eye":[51,43,42,58],"Nloth\u0027s Gift":1,"Juzu Bracelet":1,"Chemical X":[8],"obtain_stats":[{"Potion Belt":26,"Nunchaku":9,"Gremlin Horn":7,"Snecko Eye":17,"Nloth\u0027s Gift":19,"Juzu Bracelet":24,"Omamori":27,"Whetstone":11,"Chemical X":22,"Burning Blood":0,"Mercury Hourglass":31},{"Potion Belt":13,"Nunchaku":6,"Gremlin Horn":5,"Snecko Eye":10,"Nloth\u0027s Gift":11,"Juzu Bracelet":13,"Omamori":13,"Whetstone":7,"Chemical X":12,"Burning Blood":0,"Mercury Hourglass":16},{"Potion Belt":68,"Nunchaku":32,"Gremlin Horn":25,"Snecko Eye":58,"Nloth\u0027s Gift":61,"Juzu Bracelet":68,"Omamori":68,"Whetstone":41,"Chemical X":64,"Burning Blood":0,"Mercury Hourglass":79}],"Burning Blood":96,"Mercury Hourglass":[30]},"card_choices":[{"not_picked":["Perfected Strike","Intimidate"],"picked":"Body Slam","floor":1.0},{"not_picked":["Clash","Sword Boomerang","Pummel"],"picked":"SKIP","floor":2.0},{"not_picked":["Sword Boomerang","Pummel"],"picked":"Clash","floor":2.0},{"not_picked":["Rupture","Inflame"],"picked":"Dual Wield","floor":4.0},{"not_picked":["Dual Wield","Spot Weakness"],"picked":"Immolate","floor":5.0},{"not_picked":["Impervious","Havoc"],"picked":"Feed","floor":7.0},{"not_picked":["Iron Wave","Burning Pact","Reckless Charge"],"picked":"SKIP","floor":8.0},{"not_picked":["Hemokinesis","Bloodletting"],"picked":"Shrug It Off","floor":11.0},{"not_picked":["Havoc","Iron Wave"],"picked":"Whirlwind","floor":12.0},{"not_picked":["Evolve","Pummel"],"picked":"Uppercut","floor":14.0},{"not_picked":["Demon Form","Feed"],"picked":"Bludgeon","floor":16.0},{"not_picked":["Havoc+1","Intimidate"],"picked":"True Grit+1","floor":18.0},{"not_picked":["Exhume","Body Slam"],"picked":"Dark Embrace","floor":20.0},{"not_picked":["Combust","Pommel Strike"],"picked":"Disarm+1","floor":24.0},{"not_picked":["Cleave+1","Entrench"],"picked":"Power Through","floor":29},{"not_picked":["Seeing Red","Twin Strike"],"picked":"Sentinel","floor":30},{"not_picked":["Uppercut","Metallicize"],"picked":"Double Tap","floor":31}],"player_experience":1731390,"relics_obtained":[{"floor":7.0,"key":"Gremlin Horn"},{"floor":9.0,"key":"Nunchaku"},{"floor":11.0,"key":"Whetstone"},{"floor":24.0,"key":"Juzu Bracelet"},{"floor":26.0,"key":"Potion Belt"},{"floor":31,"key":"Mercury Hourglass"}],"event_choices":[{"damage_healed":0.0,"max_hp_gain":0.0,"max_hp_loss":0.0,"gold_gain":0.0,"event_name":"N\u0027loth","player_choice":"Traded Relic","floor":19.0,"relics_lost":["Whetstone"],"gold_loss":0.0,"damage_taken":0.0,"relics_obtained":["Nloth\u0027s Gift"]},{"damage_healed":0.0,"max_hp_gain":0.0,"max_hp_loss":44.0,"gold_gain":0.0,"event_name":"Ghosts","player_choice":"Became a Ghost","floor":21.0,"gold_loss":0.0,"damage_taken":0.0,"cards_obtained":["Ghostly","Ghostly","Ghostly"]},{"damage_healed":0.0,"max_hp_gain":0.0,"max_hp_loss":0.0,"gold_gain":0.0,"event_name":"Addict","player_choice":"Stole Relic","floor":27.0,"gold_loss":0.0,"damage_taken":0.0,"relics_obtained":["Omamori"],"cards_obtained":["Shame"]},{"cards_removed":["Shame"],"damage_healed":0.0,"max_hp_gain":0.0,"max_hp_loss":0.0,"gold_gain":0.0,"event_name":"Beggar","player_choice":"Gave Gold","floor":28.0,"gold_loss":75.0,"damage_taken":0.0}],"is_beta":false,"boss_relics":[{"not_picked":["Cursed Key","Empty Cage"],"picked":"Snecko Eye"}],"items_purged_floors":[],"is_endless":false,"potions_floor_spawned":[2,4,5,8,11,12,16,20,29],"killed_by":"Automaton","ascension_level":19}}