{"host":"bg0cyinkrjnqf173","time":1613097684,"event":{"mods":["Aspiration","BaseMod","Beaked The Cultist","Better Third Choice","BetterRewards","Colored Map","Conspire","Custom Start","Defuse TimeMaze Blight","Displayed Cursed Tome","Googly Eyes","Halation","Hermit","Hubris","Infinite Spire","Jedi Mod","Minty Spire (QoL Compilation)","Permanent Neow","Quick Restart","Rare Cards Sparkle","Relic Sorter","Reliquary","Replay The Spire","Shop Mod","Spicy Shops","Spikes Relics","StSLib","The Bladedancer","The Construct","The Valiant","Uncapped"],"gold_per_floor":[112,125,135,150,165,165,91,91,140,140,140,140,168,186,186,282,282,294,313,333,353,367,367,396,412,412,412,23,23,54,70,70,274,274,285,285,285,302,319,319,319,319],"floor_reached":41,"language":"ENG","playtime":1940,"items_purged":[],"score":538,"play_id":"8a216efd-d331-4eda-bc1c-a18d53e07059","local_time":"20210211214124","is_ascension_mode":true,"campfire_choices":[{"data":"ReplayTheSpireMod:Muscle Training","floor":6.0,"key":"SMITH"},{"data":"jedi:strikingstrike","floor":8.0,"key":"SMITH"},{"data":"Heavy Blade","floor":10.0,"key":"SMITH"},{"data":"Rage","floor":12.0,"key":"SMITH"},{"data":"Invigoration","floor":15.0,"key":"SMITH"},{"floor":23.0,"key":"REST"},{"floor":27,"key":"REST"},{"floor":29,"key":"REST"},{"floor":32,"key":"REST"},{"floor":40,"key":"REST"}],"circlet_count":0,"master_deck":["Strike_R","Strike_R","Strike_R","Strike_R+1","Strike_R+1","Defend_R","Defend_R","Defend_R","Bash","Rage+1","Heavy Blade+1","ReplayTheSpireMod:Muscle Training+1","Twin Strike","jedi:strikingstrike+1","Cleave","Invigoration+1","Limit Break","Twin Strike","Invigoration","Inflame","Infernal Blade","Dropkick","Evolve+1","Heavy Blade+1","Demon Form","Heavy Blade","Crescendo","infinitespire:Fortify","Cleave","Power Through+1"],"relics":["Burning Blood","aspiration:Nostalgia","PureWater","Whetstone","reliquary:Crutches","Omamori","ChewingGum","jedi:bottledfury","Self Forming Clay","hubris:MysteriousPyramids","halation:Jellyphish","RetroEgg","halation:HeavySnake","beaked:SacredDeck","reliquary:PorcupineQuills"],"acts_visited":["Exordium","TheCity","TheBeyond"],"potions_floor_usage":[25,31],"damage_taken":[{"damage":9.0,"enemies":"Jaw Worm","floor":1.0,"turns":4.0},{"damage":6.0,"enemies":"Cultist","floor":2.0,"turns":3.0},{"damage":5.0,"enemies":"Small Slimes","floor":3.0,"turns":3.0},{"damage":1.0,"enemies":"Blue Slaver","floor":4.0,"turns":2.0},{"damage":18.0,"enemies":"Exordium Thugs","floor":5.0,"turns":4.0},{"damage":18.0,"enemies":"3 Sentries","floor":13.0,"turns":7.0},{"damage":1.0,"enemies":"Looter","floor":14.0,"turns":2.0},{"damage":0.0,"enemies":"Slime Boss","floor":16.0,"turns":5.0},{"damage":6.0,"enemies":"Chosen","floor":18.0,"turns":3.0},{"damage":26.0,"enemies":"2 Thieves","floor":19.0,"turns":4.0},{"damage":23.0,"enemies":"Shelled Parasite and Fungi","floor":20.0,"turns":4.0},{"damage":10.0,"enemies":"Centurion and Healer","floor":21.0,"turns":3.0},{"damage":7.0,"enemies":"3 Cultists","floor":22.0,"turns":4.0},{"damage":45.0,"enemies":"Slavers","floor":24.0,"turns":5.0},{"damage":21,"enemies":"Snake Plant","floor":25,"turns":3},{"damage":21,"enemies":"Replay:Snechameleon","floor":30,"turns":4},{"damage":4,"enemies":"conspire:HollyBat","floor":31,"turns":6},{"damage":25,"enemies":"conspire:MysteriousRune","floor":33,"turns":7},{"damage":30,"enemies":"3 Shapes","floor":35,"turns":5},{"damage":1,"enemies":"Orb Walker","floor":38,"turns":3},{"damage":43,"enemies":"Transient","floor":39,"turns":5},{"damage":0,"enemies":"Reptomancer","floor":41,"turns":2}],"seed_played":"-6898149924982455612","potions_obtained":[{"floor":4.0,"key":"FearPotion"},{"floor":5.0,"key":"AttackPotion"},{"floor":16.0,"key":"FearPotion"},{"floor":18.0,"key":"PowerPotion"},{"floor":21.0,"key":"AttackPotion"},{"floor":22.0,"key":"BlessingOfTheForge"},{"floor":25,"key":"Dexterity Potion"},{"floor":38,"key":"Reflective Coating"}],"is_trial":false,"path_per_floor":["M","M","M","M","M","R","$","R","T","R","?","R","E","M","R","B",null,"M","M","M","M","M","R","E","M","T","R","$","R","E","M","R","B",null,"M","AVR","?","M","M","R","E"],"character_chosen":"IRONCLAD","items_purchased":["Whetstone","hubris:MysteriousPyramids","halation:Jellyphish"],"campfire_rested":5,"item_purchase_floors":[7,28,28],"current_hp_per_floor":[77,77,78,80,68,68,68,68,68,68,60,60,48,53,53,59,80,80,60,43,39,38,62,23,8,8,32,32,56,41,43,67,48,80,56,56,56,61,24,48,48,48],"gold":319,"neow_bonus":"NOSTALGIA","is_daily":false,"chose_seed":false,"campfire_upgraded":5,"win_rate":0.0,"timestamp":1613097684,"path_taken":["M","M","M","M","M","R","$","R","T","R","?","R","E","M","R","BOSS","M","M","M","M","?","R","E","M","T","R","?","R","E","M","R","BOSS","M","AVR","?","M","M","R","E"],"items_purchased_type":["Relic","Relic","Relic"],"build_version":"2020-12-22","purchased_purges":0,"victory":false,"max_hp_per_floor":[80,80,80,80,80,80,80,80,80,80,80,80,80,80,80,80,80,80,80,80,80,80,80,80,80,80,80,80,80,80,80,80,80,80,80,80,80,80,80,80,80,80],"card_choices":[{"not_picked":["Wild Strike","Sword Boomerang"],"picked":"Rage","floor":1.0},{"not_picked":["Body Slam","Clash"],"picked":"Heavy Blade","floor":2.0},{"not_picked":["Body Slam","Iron Wave"],"picked":"ReplayTheSpireMod:Muscle Training","floor":3.0},{"not_picked":["Fire Breathing","Wild Strike"],"picked":"Twin Strike","floor":4.0},{"not_picked":["Havoc","Flex"],"picked":"jedi:strikingstrike","floor":5.0},{"not_picked":["Life Link","ReplayTheSpireMod:Corrosion Curse"],"picked":"Cleave","floor":13.0},{"not_picked":["Fire Breathing","Wild Strike"],"picked":"Invigoration","floor":14.0},{"not_picked":["Hemogenesis","hubris:StunningStrike"],"picked":"Limit Break","floor":16.0},{"not_picked":["Thunderclap","Run Through+1"],"picked":"Twin Strike","floor":18.0},{"not_picked":["Perfected Strike","Second Wind+1"],"picked":"Invigoration","floor":19.0},{"not_picked":["Defy Death","hubris:ReadiedAction"],"picked":"Inflame","floor":20.0},{"not_picked":["conspire:Purge","Defy Death"],"picked":"Infernal Blade","floor":21.0},{"not_picked":["Anger","Sever Soul+1"],"picked":"Dropkick","floor":22.0},{"not_picked":["jedi:hate+1","Anger"],"picked":"Evolve+1","floor":24.0},{"not_picked":["jedi:MakeshiftSword+1","Headbutt"],"picked":"Heavy Blade+1","floor":25},{"not_picked":["Iron Wave","Thunderclap"],"picked":"Demon Form","floor":30},{"not_picked":["Anger","Clothesline"],"picked":"Heavy Blade","floor":31},{"not_picked":["Abandon","ReplayTheSpireMod:Strike From Hell+1","Sword Boomerang+1"],"picked":"SKIP","floor":35},{"not_picked":["Heavy Blade","Thunderclap+1"],"picked":"Cleave","floor":38},{"not_picked":["Havoc","Iron Wave"],"picked":"Power Through+1","floor":39}],"player_experience":873070,"relics_obtained":[{"floor":9.0,"key":"reliquary:Crutches"},{"floor":13.0,"key":"Omamori"},{"floor":24.0,"key":"jedi:bottledfury"},{"floor":26,"key":"Self Forming Clay"},{"floor":30,"key":"RetroEgg"}],"event_choices":[{"damage_healed":0.0,"max_hp_gain":0.0,"max_hp_loss":0.0,"gold_gain":0.0,"event_name":"Wheel of Change","player_choice":"Damaged","floor":11.0,"gold_loss":0.0,"damage_taken":8.0},{"cards_removed":["Defend_R"],"damage_healed":0,"gold_gain":0,"player_choice":"Removed Skill","damage_taken":0,"max_hp_gain":0,"max_hp_loss":0,"event_name":"Falling","floor":37,"gold_loss":0}],"is_beta":false,"boss_relics":[{"not_picked":["hubris:Stopwatch","hubris:TerracottaHorce"],"picked":"ChewingGum"},{"not_picked":["Tiny House","Electric Blood"],"picked":"halation:HeavySnake"}],"items_purged_floors":[],"is_endless":false,"potions_floor_spawned":[4,5,16,18,21,22,25,38],"killed_by":"Reptomancer","ascension_level":1}}