{"host":"dlqyscxstsnu98l1","time":1613094279,"event":{"mods":["AchievementEnabler","BaseMod","Colored Map","Colored Powertips","Downfall","GifTheSpireLib","Highlight Path","Minty Spire (QoL Compilation)","Random Character Button","SacredBarkPlus","StSLib","everything is the same but u backflip on backflip"],"gold_per_floor":[117,117,133,133,149,149,163,163,190,215,215,227,239,266,278,290,290],"floor_reached":16,"language":"ENG","playtime":7222,"items_purged":[],"score":120,"play_id":"82011b14-38c0-48b8-a7cc-bf4163692088","local_time":"20210211194439","is_ascension_mode":true,"campfire_choices":[{"data":"Neutralize","floor":6,"key":"SMITH"},{"data":"Dodge and Roll","floor":8,"key":"SMITH"},{"floor":12,"key":"REST"},{"floor":15,"key":"REST"}],"circlet_count":0,"master_deck":["Strike_G","Strike_G","Strike_G","Defend_G","Defend_G","Defend_G","Defend_G","Defend_G","Survivor","Neutralize+1","Dagger Spray","Dodge and Roll+1","Acrobatics","Flechettes","Dagger Spray","Dash"],"relics":["Ring of the Snake","Lantern","Anchor","MawBank"],"acts_visited":["Exordium"],"potions_floor_usage":[10,14],"damage_taken":[{"damage":0,"enemies":"Jaw Worm","floor":1,"turns":4},{"damage":2,"enemies":"Cultist","floor":3,"turns":4},{"damage":0,"enemies":"Small Slimes","floor":5,"turns":3},{"damage":0,"enemies":"Blue Slaver","floor":7,"turns":4},{"damage":49,"enemies":"Lagavulin","floor":10,"turns":12},{"damage":0,"enemies":"Lots of Slimes","floor":14,"turns":1},{"damage":66,"enemies":"Hexaghost","floor":16,"turns":16}],"seed_played":"-1048018723242721531","potions_obtained":[{"floor":7,"key":"Weak Potion"},{"floor":10,"key":"Explosive Potion"}],"is_trial":false,"path_per_floor":["M","?","M","?","M","R","M","R","T","E","?","R","?","M","R","B"],"character_chosen":"THE_SILENT","items_purchased":[],"campfire_rested":2,"item_purchase_floors":[],"current_hp_per_floor":[77,82,80,80,80,80,80,80,80,31,13,37,37,37,61,0,0],"gold":290,"neow_bonus":"TEN_PERCENT_HP_BONUS","is_daily":false,"chose_seed":false,"campfire_upgraded":2,"win_rate":0.0,"timestamp":1613094279,"path_taken":["M","?","M","?","M","R","?","R","T","E","?","R","?","M","R","BOSS"],"items_purchased_type":[],"build_version":"2020-12-22","purchased_purges":0,"victory":false,"max_hp_per_floor":[77,82,82,82,82,82,82,82,82,82,82,82,82,82,82,82,82],"card_choices":[{"not_picked":["Slice","Eviscerate"],"picked":"Dagger Spray","floor":1},{"not_picked":["Prepared","Blade Dance"],"picked":"Dodge and Roll","floor":3},{"not_picked":["Bullet Time","Deflect"],"picked":"Acrobatics","floor":5},{"not_picked":["Skewer","Quick Slash","Sucker Punch"],"picked":"SKIP","floor":7},{"not_picked":["Bullet Time","Flying Knee"],"picked":"Flechettes","floor":10},{"not_picked":["Crippling Poison","Blade Dance"],"picked":"Dash","floor":14}],"player_experience":182873,"relics_obtained":[{"floor":9,"key":"Lantern"},{"floor":10,"key":"Anchor"}],"event_choices":[{"damage_healed":0,"gold_gain":0,"player_choice":"Donut","damage_taken":0,"max_hp_gain":5,"max_hp_loss":0,"event_name":"Big Fish","floor":2,"gold_loss":0},{"cards_removed":["Strike_G"],"damage_healed":0,"gold_gain":0,"player_choice":"Offered Basic","damage_taken":0,"max_hp_gain":0,"max_hp_loss":0,"event_name":"Bonfire Elementals","floor":4,"gold_loss":0},{"damage_healed":0,"gold_gain":0,"player_choice":"Success","damage_taken":18,"relics_obtained":["MawBank"],"max_hp_gain":0,"max_hp_loss":0,"event_name":"Scrap Ooze","floor":11,"gold_loss":0},{"damage_healed":0,"gold_gain":0,"cards_transformed":["Strike_G"],"player_choice":"Transformed","damage_taken":0,"max_hp_gain":0,"max_hp_loss":0,"event_name":"Transmorgrifier","floor":13,"gold_loss":0,"cards_obtained":["Dagger Spray"]}],"is_beta":false,"boss_relics":[],"items_purged_floors":[],"is_endless":false,"potions_floor_spawned":[7,10],"killed_by":"Hexaghost","ascension_level":4}}