{"host":"2x189hkb4impm2gi","time":1613111365,"event":{"mods":["AchievementEnabler","BaseMod","Colored Map","Colored Powertips","Downfall","Minty Spire (QoL Compilation)","StSLib"],"gold_per_floor":[99,116,116,116,133,152,152,23,54,54,68,96,96,96,109,209,209,9,23,40,40,59,59,130,148,181,181,181,198,227,243,254,355,355,355,375,375,388,463,463,463,491,391,405,2,17,27,12,22,22,22,48,48,48,48,48,48,48],"floor_reached":56,"language":"ENG","playtime":6218,"items_purged":["Pain","Pride"],"score":806,"play_id":"50ab682a-b460-48b1-8071-7261150d153a","local_time":"20210212012925","is_ascension_mode":false,"campfire_choices":[{"floor":1,"key":"RECALL"},{"data":"Guardian:SentryBeam","floor":13,"key":"SMITH"},{"data":"Guardian:BronzeOrb","floor":18,"key":"SMITH"},{"data":"Guardian:PrismaticBarrier","floor":23,"key":"SMITH"},{"data":"Guardian:SpikerProtocol","floor":35,"key":"SMITH"},{"data":"Guardian:ArmoredProtocol","floor":40,"key":"SMITH"},{"data":"Guardian:RevengeProtocol","floor":43,"key":"SMITH"},{"floor":54,"key":"REST"}],"circlet_count":0,"master_deck":["Guardian:Defend_Guardian","Guardian:Defend_Guardian+1","Guardian:Defend_Guardian","Guardian:Defend_Guardian","Guardian:CurlUp","Guardian:TwinSlam","Guardian:StasisField+1","Guardian:PiercingHide","Guardian:RollAttack+1","Guardian:CrystalBeam","Guardian:PrismaticBarrier+1","Guardian:ArmoredProtocol+1","Guardian:BronzeOrb+1","downfall:Malfunctioning","Guardian:SentryBeam+1","Guardian:StasisStrike+1","Guardian:DonusPower","Slimebound:Tackle+1","Slimebound:Tackle+1","Slimebound:Tackle+1","Guardian:SpikerProtocol+1","Guardian:TemporalStrike+1","Guardian:PiercingHide+1","Guardian:BronzeArmor+1","Guardian:SpikerProtocol+1","Guardian:Suspension+1","Guardian:RevengeProtocol+1","Guardian:BronzeOrb+1","Guardian:Harden+1","Guardian:VentSteam+1","Guardian:CrystalBeam+1","Guardian:TemporalStrike+1"],"relics":["Guardian:ModeShifterPlus","WarpedTongs","Potion Belt","Bronze Scales","Mercury Hourglass","Black Star","downfall:HeartBlessingRed","downfall:HeartBlessingGreen","Nilry\u0027s Codex","Molten Egg 2","Ancient Tea Set","InkBottle","Pen Nib","Toxic Egg 2","Happy Flower","TungstenRod","Whetstone","downfall:HeartBlessingBlue","CaptainsWheel","Blue Candle","Incense Burner"],"acts_visited":["Exordium","TheCity","TheBeyond","TheEnding"],"potions_floor_usage":[9,33,38,42,48,48,50,50,50,55],"damage_taken":[{"damage":1,"enemies":"Jaw Worm","floor":2,"turns":8},{"damage":1,"enemies":"2 Louse","floor":5,"turns":3},{"damage":4,"enemies":"Cultist","floor":6,"turns":4},{"damage":9,"enemies":"downfall:FleeingMerchant","floor":8,"turns":4},{"damage":26,"enemies":"Lagavulin","floor":9,"turns":11},{"damage":0,"enemies":"Gremlin Gang","floor":11,"turns":3},{"damage":8,"enemies":"3 Sentries","floor":12,"turns":7},{"damage":0,"enemies":"Blue Slaver","floor":15,"turns":3},{"damage":8,"enemies":"IC_STATUS_ARCHETYPE","floor":16,"turns":14},{"damage":0,"enemies":"Shell Parasite","floor":19,"turns":4},{"damage":0,"enemies":"Centurion and Healer","floor":20,"turns":7},{"damage":9,"enemies":"Shelled Parasite and Fungi","floor":22,"turns":5},{"damage":0,"enemies":"Snecko","floor":25,"turns":4},{"damage":0,"enemies":"Gremlin Leader","floor":26,"turns":8},{"damage":4,"enemies":"Snake Plant","floor":29,"turns":4},{"damage":3,"enemies":"Book of Stabbing","floor":30,"turns":5},{"damage":3,"enemies":"Centurion and Healer","floor":31,"turns":5},{"damage":0,"enemies":"Shelled Parasite and Fungi","floor":32,"turns":4},{"damage":17,"enemies":"WA_ARCHETYPE_CALM","floor":33,"turns":9},{"damage":0,"enemies":"Orb Walker","floor":36,"turns":2},{"damage":0,"enemies":"3 Shapes","floor":38,"turns":4},{"damage":0,"enemies":"Nemesis","floor":42,"turns":5},{"damage":0,"enemies":"Maw","floor":44,"turns":8},{"damage":0,"enemies":"downfall:FleeingMerchant","floor":45,"turns":4},{"damage":0,"enemies":"3 Darklings","floor":46,"turns":2},{"damage":0,"enemies":"Spire Growth","floor":47,"turns":4},{"damage":0,"enemies":"downfall:FleeingMerchant","floor":48,"turns":4},{"damage":0,"enemies":"Sphere and 2 Shapes","floor":49,"turns":4},{"damage":21,"enemies":"DF_ARCHETYPE_ORBS","floor":50,"turns":11},{"damage":61,"enemies":"downfall:CharBossMerchant","floor":52,"turns":13},{"damage":26,"enemies":"downfall:NeowBoss","floor":55,"turns":16},{"damage":83,"enemies":"downfall:NeowBossFinal","floor":56,"turns":11}],"seed_played":"3655203842374991856","potions_obtained":[{"floor":2,"key":"SkillPotion"},{"floor":5,"key":"Regen Potion"},{"floor":12,"key":"DuplicationPotion"},{"floor":15,"key":"ColorlessPotion"},{"floor":25,"key":"hexamod:SoulburnPotion"},{"floor":26,"key":"CultistPotion"},{"floor":31,"key":"Weak Potion"},{"floor":33,"key":"EssenceOfSteel"},{"floor":44,"key":"hexamod:SoulburnPotion"},{"floor":46,"key":"Swift Potion"},{"floor":49,"key":"Dexterity Potion"}],"is_trial":false,"path_per_floor":["R","M","?","?","M","M","T","$","E","?","M","E","R","?","M","B",null,"R","M","M","?","M","R","T","M","E","?","?","M","E","M","M","B",null,"R","M","?","M","?","R","T","E","R","M","$","M","M","$","M","B",null,"E","$","R","B","B"],"character_chosen":"GUARDIAN","items_purchased":["Guardian:ArmoredProtocol","CaptainsWheel"],"campfire_rested":1,"item_purchase_floors":[8,45],"current_hp_per_floor":[80,79,79,79,78,74,74,65,39,39,39,31,31,31,31,23,80,80,80,80,64,55,55,55,55,55,55,55,51,48,45,45,28,80,80,80,80,80,80,80,80,80,90,90,90,90,90,90,90,69,90,29,29,56,45,0,0,0],"gold":48,"neow_bonus":"TRANSFORM_CARD","is_daily":false,"chose_seed":false,"campfire_upgraded":6,"win_rate":0.0,"timestamp":1613111365,"path_taken":["R","M","?","?","?","?","T","$","E","?","M","E","R","?","M","BOSS","R","M","M","?","M","R","T","M","E","?","?","?","E","?","M","BOSS","R","M","?","?","?","R","T","E","R","M","$","M","M","?","M","BOSS","E","$","R","BOSS","BOSS"],"items_purchased_type":["Card","Relic"],"build_version":"2020-12-22","purchased_purges":2,"victory":false,"max_hp_per_floor":[80,80,80,80,80,80,80,80,80,80,80,80,80,80,80,80,80,80,80,80,80,80,80,80,80,80,80,80,80,80,80,80,80,80,80,80,80,80,80,80,80,80,90,90,90,90,90,90,90,90,90,90,90,90,90,90,90,90],"card_choices":[{"not_picked":["Guardian:PolyBeam","Guardian:ChargeCore"],"picked":"Guardian:PiercingHide","floor":2},{"not_picked":["Guardian:VentSteam","Guardian:Incinerate"],"picked":"Guardian:RollAttack","floor":5},{"not_picked":["Guardian:RollAttack","Guardian:Recover"],"picked":"Guardian:CrystalBeam","floor":6},{"not_picked":["Guardian:CrystalBeam","Guardian:BaubleBeam"],"picked":"Guardian:PrismaticBarrier","floor":8},{"not_picked":["Guardian:PrimingBeam","Guardian:CrystalBeam"],"picked":"Guardian:BronzeOrb","floor":9},{"not_picked":["Guardian:PiercingHide","Guardian:PrismaticBarrier"],"picked":"Guardian:Gem_Red","floor":11},{"not_picked":["Guardian:CrystalBeam","Guardian:ExploitGems"],"picked":"Guardian:SentryBeam","floor":12},{"not_picked":["Guardian:TemporalStrike","Guardian:Planning"],"picked":"Guardian:Gem_Red","floor":15},{"not_picked":["Guardian:HyperBeam_Guardian","Guardian:AncientConstruct"],"picked":"Guardian:StasisStrike","floor":16},{"not_picked":["Guardian:SpikerProtocol+1","Guardian:Incinerate"],"picked":"Guardian:Gem_Cyan","floor":19},{"not_picked":["Guardian:Incinerate","Guardian:Preprogram+1"],"picked":"Guardian:DonusPower","floor":20},{"not_picked":["Guardian:VentSteam","Guardian:PrismaticBarrier"],"picked":"Guardian:Gem_Crimson","floor":22},{"not_picked":["Guardian:MultiBeam+1","Guardian:Recover"],"picked":"Guardian:Gem_Lightblue","floor":25},{"not_picked":["Guardian:VentSteam","Guardian:Suspension+1"],"picked":"Guardian:Gem_Cyan","floor":26},{"not_picked":["Guardian:FastForward","Guardian:FloatingOrbs+1"],"picked":"Guardian:Gem_Green","floor":29},{"not_picked":["Guardian:Gem_Cyan","Guardian:MultiBeam+1"],"picked":"Guardian:SpikerProtocol","floor":30},{"not_picked":["Guardian:RollAttack+1","Guardian:BronzeArmor+1"],"picked":"Guardian:TemporalStrike+1","floor":31},{"not_picked":["Guardian:TemporalShield+1","Guardian:Suspension+1"],"picked":"Guardian:PiercingHide+1","floor":32},{"not_picked":["Guardian:ConstructionForm","Guardian:AncientConstruct"],"picked":"Guardian:Gem_Orange","floor":33},{"not_picked":["Guardian:TemporalShield+1","Guardian:Gem_Fragmented"],"picked":"Guardian:BronzeArmor+1","floor":36},{"not_picked":["Guardian:SentryBeam+1","Guardian:ChargeCore+1"],"picked":"Guardian:Suspension+1","floor":38},{"not_picked":["Guardian:Gem_Red","Guardian:VentSteam+1"],"picked":"Guardian:RevengeProtocol","floor":42},{"not_picked":["Guardian:RollAttack+1","Guardian:ShieldCharger+1"],"picked":"Guardian:BronzeOrb+1","floor":44},{"not_picked":["Guardian:DonusPower+1","Guardian:Recover+1"],"picked":"Guardian:Harden+1","floor":45},{"not_picked":["Guardian:PrismaticBarrier+1","Guardian:TemporalStrike+1"],"picked":"Guardian:Gem_Red","floor":46},{"not_picked":["Guardian:VentSteam+1","Guardian:Gem_Red"],"picked":"Guardian:Gem_Synthetic","floor":47},{"not_picked":["Guardian:PrimingBeam+1","Guardian:AncientConstruct"],"picked":"Guardian:VentSteam+1","floor":48},{"not_picked":["Guardian:RefractedBeam+1","Guardian:Preprogram+1"],"picked":"Guardian:CrystalBeam+1","floor":49},{"not_picked":["Guardian:FastForward+1","Guardian:Incinerate+1"],"picked":"Guardian:TemporalStrike+1","floor":52}],"player_experience":85575,"relics_obtained":[{"floor":7,"key":"Potion Belt"},{"floor":9,"key":"Bronze Scales"},{"floor":12,"key":"Mercury Hourglass"},{"floor":21,"key":"Nilry\u0027s Codex"},{"floor":24,"key":"Molten Egg 2"},{"floor":26,"key":"Ancient Tea Set"},{"floor":26,"key":"InkBottle"},{"floor":30,"key":"Toxic Egg 2"},{"floor":30,"key":"Happy Flower"},{"floor":42,"key":"TungstenRod"},{"floor":42,"key":"Whetstone"},{"floor":52,"key":"Blue Candle"},{"floor":52,"key":"Incense Burner"}],"event_choices":[{"damage_healed":0,"gold_gain":0,"player_choice":"Stole Relic","damage_taken":0,"relics_obtained":["Pen Nib"],"max_hp_gain":0,"max_hp_loss":0,"event_name":"Addict","floor":27,"gold_loss":0,"cards_obtained":["Pride"]}],"is_beta":false,"boss_relics":[{"not_picked":["Pandora\u0027s Box","Empty Cage"],"picked":"Black Star"},{"not_picked":["Astrolabe","SacredBark"],"picked":"Guardian:ModeShifterPlus"}],"items_purged_floors":[8,45],"is_endless":false,"potions_floor_spawned":[2,5,12,15,25,26,29,31,33,36,44,46,49],"killed_by":"downfall:NeowBossFinal","ascension_level":0}}