{"host":"Sylvester","time":1613097203,"event":{"mods":["AchievementEnabler","BaseMod","Filter the Spire","Lobotomy","Minty Spire (QoL Compilation)","Replay The Spire","StSLib"],"gold_per_floor":[115,115,135,135,145,145,158,158,158,168,245,260,280,315,315,412,412,432,432,347,362,373,404,404,437,437,437,456,490,490,515,515,620,620,633,485,497,497,508,508,543,556,556,556,211,211,76,102,102,102,102],"floor_reached":52,"language":"ENG","playtime":1754,"items_purged":["Injury","Horn"],"score":1138,"play_id":"9ca40ed8-ddcb-4eef-9211-911996082179","local_time":"20210211183323","is_ascension_mode":true,"campfire_choices":[{"floor":40.0,"key":"RECALL"}],"circlet_count":0,"master_deck":["SpecialBullet","SpecialBullet","SpecialBullet","SpecialBullet","SpecialBullet","SpecialBullet","BlueScar","Hypocrisy","BearPaw","Tough","DaCapo+1","CurseOfTheBell","Harvest+1","Necronomicurse","Hornet+1","WristCuter+1","Justitia+1","Moonlight+1","Mimicry","SwordSharpenedByTears+1","DaCapo+1"],"relics":["Kintsugi","Pear","Tiny Chest","Molten Egg 2","Calling Bell","Bag of Marbles","Toxic Egg 2","Prayer Wheel","Necronomicon","Dream Catcher","Replay:Mystery Machine","Gremlin Food","Blood Vial","Ginger","Painkiller Herb","Toy Ornithopter","Bottled Tornado","Bag of Preparation","HornCleat","Replay:Rubber Ducky"],"acts_visited":["Exordium","TheCity","TheBeyond"],"potions_floor_usage":[52],"damage_taken":[{"damage":10.0,"enemies":"Small Slimes","floor":1.0,"turns":2.0},{"damage":12.0,"enemies":"Jaw Worm","floor":3.0,"turns":2.0},{"damage":8.0,"enemies":"2 Louse","floor":5.0,"turns":2.0},{"damage":0.0,"enemies":"Large Slime","floor":7.0,"turns":4.0},{"damage":0.0,"enemies":"3 Louse","floor":10.0,"turns":4.0},{"damage":3.0,"enemies":"Looter","floor":12.0,"turns":2.0},{"damage":0.0,"enemies":"Lots of Slimes","floor":13.0,"turns":1.0},{"damage":3.0,"enemies":"Lagavulin","floor":14.0,"turns":6.0},{"damage":3.0,"enemies":"Hexaghost","floor":16.0,"turns":7.0},{"damage":11.0,"enemies":"Shell Parasite","floor":18.0,"turns":9.0},{"damage":1.0,"enemies":"Spheric Guardian","floor":21.0,"turns":3.0},{"damage":6.0,"enemies":"Snake Plant","floor":22.0,"turns":3.0},{"damage":0.0,"enemies":"Replay:Snechameleon","floor":23.0,"turns":4.0},{"damage":8.0,"enemies":"Gremlin Leader","floor":25.0,"turns":4.0},{"damage":0.0,"enemies":"3 Cultists","floor":28.0,"turns":3.0},{"damage":1.0,"enemies":"Book of Stabbing","floor":29.0,"turns":3.0},{"damage":20.0,"enemies":"Automaton","floor":33.0,"turns":6.0},{"damage":0.0,"enemies":"3 Shapes","floor":35.0,"turns":1.0},{"damage":0.0,"enemies":"3 Darklings","floor":37.0,"turns":3.0},{"damage":8.0,"enemies":"Transient","floor":39.0,"turns":5.0},{"damage":0.0,"enemies":"R_Hoarder","floor":41.0,"turns":2.0},{"damage":0.0,"enemies":"Sphere and 2 Shapes","floor":42.0,"turns":2.0},{"damage":0,"enemies":"Giant Head","floor":48,"turns":4},{"damage":0,"enemies":"Donu and Deca","floor":51,"turns":1},{"damage":0,"enemies":"Malkuth","floor":52,"turns":3},{"damage":26,"enemies":"Netzach","floor":52,"turns":6}],"seed_played":"-8088709055718220856","potions_obtained":[{"floor":5.0,"key":"Milkshake"},{"floor":7.0,"key":"AttackPotion"},{"floor":10.0,"key":"Block Potion"},{"floor":13.0,"key":"LiquidBronze"},{"floor":16.0,"key":"Milkshake"},{"floor":23.0,"key":"Venom Potion"},{"floor":25.0,"key":"Fruit Juice"},{"floor":28.0,"key":"LifebloodPotion"},{"floor":41.0,"key":"BlessingOfTheForge"},{"floor":48,"key":"Death Potion"}],"is_trial":false,"path_per_floor":["M","?","M","?","M","R","M","R","T","M","?","M","M","E","R","B",null,"M","?","?","M","M","E","R","E","T","R","M","E","?","T","R","B",null,"?","T","?","?","?","T","E","?","T","T","T","?","T","E","?","T","B",null],"character_chosen":"Angela","items_purchased":["Moonlight+1","HornCleat","DaCapo+1"],"campfire_rested":0,"item_purchase_floors":[36,45,47],"current_hp_per_floor":[60,60,48,48,40,40,40,40,50,50,30,27,27,24,24,21,65,54,38,38,37,31,31,31,28,28,28,30,31,31,31,31,13,67,69,69,71,71,65,65,67,69,69,69,69,69,69,71,71,71,73],"gold":102,"neow_bonus":"BOSS_RELIC","is_daily":false,"chose_seed":false,"campfire_upgraded":0,"win_rate":0.0,"timestamp":1613097203,"path_taken":["M","?","M","?","?","R","M","R","T","M","?","M","M","E","R","BOSS","M","?","?","M","M","E","R","E","T","R","M","E","?","?","R","BOSS","?","T","?","?","?","T","E","?","T","T","T","?","T","E","?","T","BOSS"],"items_purchased_type":["Card","Relic","Card"],"build_version":"2020-11-17","purchased_purges":2,"victory":true,"max_hp_per_floor":[70,70,70,70,70,70,70,70,80,80,80,80,80,80,80,80,80,80,80,80,80,80,80,80,85,85,85,85,85,85,85,85,85,85,85,85,85,81,81,81,81,81,81,81,81,81,81,81,81,81,81],"card_choices":[{"not_picked":["SolemnVow"],"picked":"BlueScar","floor":1.0},{"not_picked":["Galaxy"],"picked":"Hypocrisy","floor":3.0},{"not_picked":["Penitence","Loneliness"],"picked":"SKIP","floor":5.0},{"not_picked":["SomewhereSpear","Horn"],"picked":"SKIP","floor":7.0},{"not_picked":["Harmony","Penitence"],"picked":"SKIP","floor":10.0},{"not_picked":["CUTE"],"picked":"BearPaw","floor":11.0},{"not_picked":["Harmony"],"picked":"Tough","floor":11.0},{"not_picked":["CrimsonScar"],"picked":"Horn","floor":12.0},{"not_picked":["TodaysExpression","Lamp"],"picked":"SKIP","floor":13.0},{"not_picked":["TodaysExpression","Amita"],"picked":"SKIP","floor":14.0},{"not_picked":["ParadiseLost+1"],"picked":"DaCapo","floor":16.0},{"not_picked":["Soda"],"picked":"Harvest+1","floor":18.0},{"not_picked":["Regret_ego","Penitence+1"],"picked":"SKIP","floor":18.0},{"not_picked":["Galaxy+1"],"picked":"Hornet+1","floor":21.0},{"not_picked":["RapturousDream+1","Harmony+1"],"picked":"SKIP","floor":21.0},{"not_picked":["Wingbeat+1"],"picked":"WristCuter+1","floor":22.0},{"not_picked":["Loneliness+1","TodaysExpression+1"],"picked":"SKIP","floor":22.0},{"not_picked":["BlackSwan_ego+1","FourthMatchFlame+1"],"picked":"SKIP","floor":23.0},{"not_picked":["WristCuter+1","SwordSharpenedByTears+1"],"picked":"SKIP","floor":25.0},{"not_picked":["Regret_ego","Lantern+1"],"picked":"SKIP","floor":28.0},{"not_picked":["BlueScar+1","WristCuter+1"],"picked":"SKIP","floor":28.0},{"not_picked":["Regret_ego","Lantern+1"],"picked":"SKIP","floor":28.0},{"not_picked":["BlueScar+1","WristCuter+1"],"picked":"SKIP","floor":28.0},{"not_picked":["Loneliness+1","Tough+1"],"picked":"SKIP","floor":29.0},{"not_picked":["Twilight+1"],"picked":"Justitia+1","floor":33.0},{"not_picked":["FourthMatchFlame+1","ScreamingWedge+1"],"picked":"SKIP","floor":35.0},{"not_picked":["FourthMatchFlame+1","Tough+1"],"picked":"SKIP","floor":35.0},{"not_picked":["Soda+1"],"picked":"Mimicry","floor":37.0},{"not_picked":["FourthMatchFlame+1","CherryBlossom+1"],"picked":"SKIP","floor":37.0},{"not_picked":["WristCuter+1"],"picked":"SwordSharpenedByTears+1","floor":39.0},{"not_picked":["Horn+1","SomewhereSpear+1"],"picked":"SKIP","floor":39.0},{"not_picked":["SwordSharpenedByTears+1","BearPaw+1"],"picked":"SKIP","floor":41.0},{"not_picked":["CherryBlossom","Soda+1"],"picked":"SKIP","floor":42.0},{"not_picked":["Penitence+1","Horn+1"],"picked":"SKIP","floor":42.0},{"not_picked":["SoundOfStar+1","CrimsonScar+1"],"picked":"SKIP","floor":48}],"player_experience":239236,"relics_obtained":[{"floor":9.0,"key":"Pear"},{"floor":11.0,"key":"Tiny Chest"},{"floor":14.0,"key":"Molten Egg 2"},{"floor":17.0,"key":"Bag of Marbles"},{"floor":17.0,"key":"Toxic Egg 2"},{"floor":17.0,"key":"Prayer Wheel"},{"floor":19.0,"key":"Necronomicon"},{"floor":23.0,"key":"Replay:Mystery Machine"},{"floor":25.0,"key":"Gremlin Food"},{"floor":26.0,"key":"Blood Vial"},{"floor":29.0,"key":"Ginger"},{"floor":41.0,"key":"Toy Ornithopter"},{"floor":43.0,"key":"Bottled Tornado"},{"floor":44.0,"key":"Bag of Preparation"},{"floor":48,"key":"Replay:Rubber Ducky"}],"event_choices":[{"damage_healed":0.0,"max_hp_gain":0.0,"max_hp_loss":0.0,"gold_gain":0.0,"event_name":"The Cleric","player_choice":"Leave","floor":2.0,"gold_loss":0.0,"damage_taken":0.0},{"cards_removed":["Spreading Infection"],"damage_healed":0.0,"max_hp_gain":0.0,"max_hp_loss":0.0,"gold_gain":0.0,"event_name":"Living Wall","player_choice":"Forget","floor":4.0,"gold_loss":0.0,"damage_taken":0.0},{"damage_healed":0.0,"max_hp_gain":0.0,"max_hp_loss":0.0,"gold_gain":0.0,"event_name":"Cursed Tome","player_choice":"Obtained Book","floor":19.0,"gold_loss":0.0,"damage_taken":16.0},{"damage_healed":0.0,"max_hp_gain":0.0,"max_hp_loss":0.0,"gold_gain":0.0,"event_name":"Addict","player_choice":"Obtained Relic","floor":20.0,"gold_loss":85.0,"damage_taken":0.0,"relics_obtained":["Dream Catcher"]},{"damage_healed":0.0,"max_hp_gain":0.0,"max_hp_loss":0.0,"gold_gain":0.0,"event_name":"Ghosts","player_choice":"Ignored","floor":30.0,"gold_loss":0.0,"damage_taken":0.0},{"damage_healed":0.0,"max_hp_gain":0.0,"max_hp_loss":4.0,"gold_gain":0.0,"event_name":"Winding Halls","player_choice":"Max HP","floor":38.0,"gold_loss":0.0,"damage_taken":0.0},{"damage_healed":0,"gold_gain":0,"player_choice":"Forge","damage_taken":0,"max_hp_gain":0,"max_hp_loss":0,"event_name":"Accursed Blacksmith","floor":49,"gold_loss":0,"cards_upgraded":["DaCapo"]}],"is_beta":true,"boss_relics":[{"not_picked":["Empty Cage","ReplayTheSpireMod:DimensionalGlitch"],"picked":"Calling Bell"},{"not_picked":["Tiny House","Runic Pyramid"],"picked":"Painkiller Herb"}],"items_purged_floors":[36,45],"is_endless":false,"potions_floor_spawned":[5,7,10,13,16,23,25,28,41,48],"ascension_level":5}}