{"host":"sian7qp8a9pc9xwd","time":1613125268,"event":{"mods":["BaseMod","Minty Spire (QoL Compilation)","StSLib","SuperFastMode"],"gold_per_floor":[115,115,134,13,29,29,43,43,43,57,57,71,87,102,102,197,197,212,212,31,41,5,5,36,49,102,136,136,163,163,178,178,277,277,287,162,162,212,257,257,283,283,283,298,298,311,342,364,364,364,364,373,105,143,143],"floor_reached":56,"language":"ENG","playtime":2004,"items_purged":["Strike_P","Strike_P","Strike_P","Strike_P"],"score":1752,"play_id":"5d1416b5-51a8-4009-be4a-a55704eab506","local_time":"20210212052108","is_ascension_mode":true,"campfire_choices":[{"data":"Eruption","floor":6.0,"key":"SMITH"},{"data":"Scrawl","floor":11.0,"key":"SMITH"},{"floor":15.0,"key":"REST"},{"data":"Nirvana","floor":23.0,"key":"SMITH"},{"data":"CutThroughFate","floor":28.0,"key":"SMITH"},{"floor":30.0,"key":"REST"},{"data":"CutThroughFate","floor":32.0,"key":"SMITH"},{"data":"1","floor":40.0,"key":"LIFT"},{"data":"2","floor":42.0,"key":"LIFT"},{"floor":49.0,"key":"RECALL"},{"floor":52.0,"key":"REST"}],"circlet_count":0,"master_deck":["Defend_P","Defend_P","Defend_P","Defend_P","Eruption+1","Vigilance+1","Scrawl+1","FlurryOfBlows+1","CutThroughFate+1","Prostrate+1","CutThroughFate+1","CutThroughFate+1","Consecrate","Brilliance","Prostrate+1","Pray+1","Pray+1","Nirvana+1","TalkToTheHand+1","FlurryOfBlows+1","Brilliance","Vault+1","Finesse+1","Evaluate+1","Prostrate+1","Impatience+1","Evaluate+1","FlurryOfBlows+1"],"relics":["PureWater","Toxic Egg 2","Sozu","Letter Opener","Nunchaku","Red Mask","Boot","Busted Crown","Girya","Mango","CeramicFish","InkBottle","Dream Catcher","Bag of Preparation"],"acts_visited":["Exordium","TheCity","TheBeyond","TheEnding"],"potions_floor_usage":[],"damage_taken":[{"damage":1.0,"enemies":"Small Slimes","floor":1.0,"turns":3.0},{"damage":0.0,"enemies":"2 Louse","floor":3.0,"turns":3.0},{"damage":0.0,"enemies":"Cultist","floor":5.0,"turns":3.0},{"damage":3.0,"enemies":"Lots of Slimes","floor":7.0,"turns":2.0},{"damage":0.0,"enemies":"Large Slime","floor":10.0,"turns":3.0},{"damage":0.0,"enemies":"Exordium Thugs","floor":12.0,"turns":2.0},{"damage":0.0,"enemies":"2 Fungi Beasts","floor":13.0,"turns":1.0},{"damage":20.0,"enemies":"Exordium Wildlife","floor":14.0,"turns":2.0},{"damage":17.0,"enemies":"The Guardian","floor":16.0,"turns":9.0},{"damage":0.0,"enemies":"2 Thieves","floor":18.0,"turns":1.0},{"damage":0.0,"enemies":"3 Byrds","floor":21.0,"turns":1.0},{"damage":10.0,"enemies":"Slavers","floor":24.0,"turns":2.0},{"damage":0.0,"enemies":"Shelled Parasite and Fungi","floor":25.0,"turns":2.0},{"damage":14.0,"enemies":"Masked Bandits","floor":27.0,"turns":3.0},{"damage":17.0,"enemies":"Book of Stabbing","floor":29.0,"turns":3.0},{"damage":0.0,"enemies":"Centurion and Healer","floor":31.0,"turns":2.0},{"damage":7.0,"enemies":"Automaton","floor":33.0,"turns":3.0},{"damage":0.0,"enemies":"Orb Walker","floor":35.0,"turns":2.0},{"damage":3.0,"enemies":"Mind Bloom Boss Battle","floor":38.0,"turns":4.0},{"damage":7.0,"enemies":"2 Orb Walkers","floor":39.0,"turns":3.0},{"damage":0.0,"enemies":"Nemesis","floor":41.0,"turns":1.0},{"damage":0.0,"enemies":"3 Darklings","floor":44.0,"turns":2.0},{"damage":0.0,"enemies":"Writhing Mass","floor":46.0,"turns":2.0},{"damage":0.0,"enemies":"Reptomancer","floor":47.0,"turns":2.0},{"damage":6.0,"enemies":"4 Shapes","floor":48.0,"turns":3.0},{"damage":35.0,"enemies":"Awakened One","floor":50.0,"turns":6.0},{"damage":0.0,"enemies":"Shield and Spear","floor":54.0,"turns":3.0},{"damage":79,"enemies":"The Heart","floor":55,"turns":7}],"seed_played":"-1168870033311674071","potions_obtained":[{"floor":1.0,"key":"SpeedPotion"},{"floor":3.0,"key":"Energy Potion"},{"floor":7.0,"key":"EssenceOfSteel"},{"floor":10.0,"key":"GamblersBrew"},{"floor":14.0,"key":"PowerPotion"}],"is_trial":false,"path_per_floor":["M","?","M","$","M","R","M","?","T","M","R","M","M","M","R","B",null,"M","?","$","M","$","R","E","M","T","?","R","E","R","M","R","B",null,"M","$","?","?","?","R","E","R","T","M","T","M","E","M","R","B",null,"R","$","E","B",null],"character_chosen":"WATCHER","items_purchased":["Prostrate","Pray+1","Nirvana","Impatience+1","Evaluate+1"],"campfire_rested":3,"item_purchase_floors":[4,20,22,53,53],"current_hp_per_floor":[46,32,32,32,32,32,29,29,29,29,29,29,29,9,30,13,57,57,57,57,57,57,57,47,47,47,33,33,16,37,37,37,30,62,62,62,52,49,56,56,56,56,56,56,56,56,56,50,50,15,68,86,86,86,7],"gold":143,"neow_bonus":"THREE_RARE_CARDS","is_daily":false,"chose_seed":false,"campfire_upgraded":5,"win_rate":0.0,"timestamp":1613125268,"path_taken":["M","?","M","$","M","R","M","?","T","?","R","?","M","M","R","BOSS","M","?","?","M","$","R","E","M","T","?","R","E","R","M","R","BOSS","M","$","?","?","?","R","E","R","T","M","?","M","E","M","R","BOSS","R","$","E","BOSS"],"items_purchased_type":["Card","Card","Card","Card","Card"],"build_version":"2020-12-22","purchased_purges":4,"victory":true,"max_hp_per_floor":[72,72,72,72,72,72,72,72,72,72,72,72,72,72,72,72,72,72,72,72,72,72,72,72,72,72,72,72,72,72,72,72,72,72,72,72,72,72,86,86,86,86,86,86,86,86,86,86,86,86,86,86,86,86,86],"card_choices":[{"not_picked":["Alpha","DeusExMachina"],"picked":"Scrawl","floor":0.0},{"not_picked":["Wireheading","Meditate"],"picked":"FlurryOfBlows","floor":1.0},{"not_picked":["Indignation","PathToVictory"],"picked":"CutThroughFate","floor":3.0},{"not_picked":["Protect","Swivel"],"picked":"CutThroughFate","floor":5.0},{"not_picked":["JustLucky","Sanctity"],"picked":"CutThroughFate","floor":7.0},{"not_picked":["Wireheading","BowlingBash","FearNoEvil"],"picked":"SKIP","floor":10.0},{"not_picked":["Collect+1","FlyingSleeves","WheelKick"],"picked":"SKIP","floor":12.0},{"not_picked":["PathToVictory+1","LikeWater","FearNoEvil"],"picked":"SKIP","floor":13.0},{"not_picked":["Vengeance+1","WindmillStrike"],"picked":"Consecrate","floor":14.0},{"not_picked":["DeusExMachina+1","Ragnarok"],"picked":"Brilliance","floor":16.0},{"not_picked":["Halt+1","FearNoEvil"],"picked":"Prostrate+1","floor":18.0},{"not_picked":["Prostrate+1","FollowUp+1"],"picked":"Pray+1","floor":21.0},{"not_picked":["Perseverance+1","WreathOfFlame+1"],"picked":"TalkToTheHand+1","floor":24.0},{"not_picked":["FlurryOfBlows","Fasting2","LikeWater"],"picked":"SKIP","floor":25.0},{"not_picked":["JustLucky","DeceiveReality+1"],"picked":"FlurryOfBlows+1","floor":27.0},{"not_picked":["Swivel+1","Crescendo+1"],"picked":"Brilliance","floor":29.0},{"not_picked":["EmptyBody+1","FollowUp+1","WindmillStrike+1"],"picked":"SKIP","floor":31.0},{"not_picked":["DeusExMachina+1","Devotion"],"picked":"Vault+1","floor":33.0},{"not_picked":["ReachHeaven+1"],"picked":"SKIP","floor":35.0},{"not_picked":[],"picked":"Finesse+1","floor":37.0},{"not_picked":["Swivel+1"],"picked":"SKIP","floor":41.0},{"not_picked":["Vengeance+1"],"picked":"SKIP","floor":44.0},{"not_picked":["Indignation+1"],"picked":"SKIP","floor":46.0},{"not_picked":["Protect+1"],"picked":"SKIP","floor":47.0},{"not_picked":[],"picked":"Evaluate+1","floor":48.0},{"not_picked":[],"picked":"Prostrate+1","floor":52.0},{"not_picked":[],"picked":"FlurryOfBlows+1","floor":54.0}],"player_experience":971485,"relics_obtained":[{"floor":9.0,"key":"Toxic Egg 2"},{"floor":24.0,"key":"Letter Opener"},{"floor":26.0,"key":"Nunchaku"},{"floor":27.0,"key":"Red Mask"},{"floor":29.0,"key":"Boot"},{"floor":38.0,"key":"Girya"},{"floor":39.0,"key":"Mango"},{"floor":41.0,"key":"CeramicFish"},{"floor":45.0,"key":"InkBottle"},{"floor":47.0,"key":"Dream Catcher"},{"floor":54.0,"key":"Bag of Preparation"}],"event_choices":[{"damage_healed":0.0,"max_hp_gain":0.0,"max_hp_loss":0.0,"gold_gain":0.0,"event_name":"Shining Light","player_choice":"Entered Light","floor":2.0,"gold_loss":0.0,"damage_taken":14.0,"cards_upgraded":["Vigilance","FlurryOfBlows"]},{"damage_healed":0.0,"max_hp_gain":0.0,"max_hp_loss":0.0,"gold_gain":0.0,"event_name":"Upgrade Shrine","player_choice":"Upgraded","floor":8.0,"gold_loss":0.0,"damage_taken":0.0,"cards_upgraded":["CutThroughFate"]},{"damage_healed":0.0,"max_hp_gain":0.0,"max_hp_loss":0.0,"gold_gain":0.0,"event_name":"Accursed Blacksmith","player_choice":"Forge","floor":19.0,"gold_loss":0.0,"damage_taken":0.0,"cards_upgraded":["Prostrate"]},{"damage_healed":0.0,"max_hp_gain":0.0,"max_hp_loss":0.0,"gold_gain":0.0,"event_name":"Masked Bandits","player_choice":"Fought Bandits","floor":27.0,"gold_loss":0.0,"damage_taken":0.0},{"damage_healed":0.0,"max_hp_gain":0.0,"max_hp_loss":0.0,"gold_gain":0.0,"event_name":"SensoryStone","player_choice":"Memory 3","floor":37.0,"gold_loss":0.0,"damage_taken":10.0},{"damage_healed":0.0,"max_hp_gain":0.0,"max_hp_loss":0.0,"gold_gain":0.0,"event_name":"MindBloom","player_choice":"Fight","floor":38.0,"gold_loss":0.0,"damage_taken":0.0},{"damage_healed":0.0,"max_hp_gain":0.0,"max_hp_loss":0.0,"gold_gain":0.0,"event_name":"Mysterious Sphere","player_choice":"Fight","floor":39.0,"gold_loss":0.0,"damage_taken":0.0}],"is_beta":false,"boss_relics":[{"not_picked":["Runic Dome","Black Star"],"picked":"Sozu"},{"not_picked":["Astrolabe","Fusion Hammer"],"picked":"Busted Crown"}],"items_purged_floors":[4,20,36,53],"is_endless":false,"potions_floor_spawned":[1,3,7,10,14,18,29,31,35,38,47,48,54],"ascension_level":8}}