{"host":"suw5tyb7z6zbnnfs","time":1613173446,"event":{"mods":["AchievementEnabler","BaseMod","Colored Map","Minty Spire (QoL Compilation)"],"gold_per_floor":[118,131,131,131,151,151,177,189,226,250,277,289,333,227,227,322,322,341,354,354,367,380,380,380,380],"floor_reached":24,"language":"ENG","playtime":2456,"items_purged":["Strike_G"],"score":302,"play_id":"430abba5-4f0b-411b-b5c6-a76c116cff21","local_time":"20210212184406","is_ascension_mode":true,"campfire_choices":[{"data":"Backflip","floor":6.0,"key":"SMITH"},{"data":"Burst","floor":8.0,"key":"SMITH"},{"data":"Cloak And Dagger","floor":12.0,"key":"SMITH"},{"floor":15.0,"key":"REST"},{"floor":23,"key":"REST"}],"circlet_count":0,"master_deck":["Strike_G","Strike_G","Strike_G","Strike_G","Defend_G","Defend_G","Defend_G","Defend_G","Survivor","Neutralize+1","Backstab","Backflip+1","PiercingWail","Burst+1","Infinite Blades","Cloak And Dagger+1","Blade Dance","Footwork","Venomology","Dagger Spray+1","Acrobatics+1","Infinite Blades"],"relics":["Philosopher\u0027s Stone","MawBank","Smiling Mask","Shuriken","SlaversCollar"],"acts_visited":["Exordium","TheCity"],"potions_floor_usage":[22,22,24],"damage_taken":[{"damage":1.0,"enemies":"Cultist","floor":1.0,"turns":5.0},{"damage":5.0,"enemies":"Jaw Worm","floor":2.0,"turns":2.0},{"damage":0.0,"enemies":"Small Slimes","floor":5.0,"turns":3.0},{"damage":14.0,"enemies":"3 Sentries","floor":7.0,"turns":12.0},{"damage":0.0,"enemies":"Gremlin Gang","floor":10.0,"turns":8.0},{"damage":0.0,"enemies":"3 Louse","floor":11.0,"turns":3.0},{"damage":2.0,"enemies":"Gremlin Nob","floor":13.0,"turns":3.0},{"damage":7.0,"enemies":"Slime Boss","floor":16.0,"turns":7.0},{"damage":14.0,"enemies":"Spheric Guardian","floor":18.0,"turns":4.0},{"damage":17.0,"enemies":"Chosen","floor":19.0,"turns":6.0},{"damage":17.0,"enemies":"Centurion and Healer","floor":21.0,"turns":5.0},{"damage":0,"enemies":"Snecko","floor":22,"turns":3},{"damage":33,"enemies":"Gremlin Leader","floor":24,"turns":3}],"seed_played":"-5081494177111550171","potions_obtained":[{"floor":1.0,"key":"FearPotion"},{"floor":2.0,"key":"Energy Potion"},{"floor":5.0,"key":"Block Potion"},{"floor":11.0,"key":"Strength Potion"},{"floor":21.0,"key":"LiquidMemories"}],"is_trial":false,"path_per_floor":["M","M","?","?","M","R","E","R","T","M","M","R","E","$","R","B",null,"M","M","?","M","M","R","E"],"character_chosen":"THE_SILENT","items_purchased":["Footwork"],"campfire_rested":2,"item_purchase_floors":[14],"current_hp_per_floor":[62,57,57,50,50,50,36,36,36,36,36,36,34,34,55,48,65,51,34,21,4,4,26,0,0],"gold":380,"neow_bonus":"BOSS_RELIC","is_daily":false,"chose_seed":false,"campfire_upgraded":3,"win_rate":0.0,"timestamp":1613173446,"path_taken":["M","M","?","?","M","R","E","R","T","M","M","R","E","$","R","BOSS","M","M","?","M","M","R","E"],"items_purchased_type":["Card"],"build_version":"2020-12-22","purchased_purges":1,"victory":false,"max_hp_per_floor":[70,70,70,70,70,70,70,70,70,70,70,70,70,70,70,70,70,70,70,75,75,75,75,75,75],"card_choices":[{"not_picked":["Tactician","Outmaneuver"],"picked":"Backstab","floor":1.0},{"not_picked":["Endless Agony","Eviscerate"],"picked":"Backflip","floor":2.0},{"not_picked":["Dagger Spray","Flechettes"],"picked":"PiercingWail","floor":5.0},{"not_picked":["Bane","PiercingWail"],"picked":"Burst","floor":7.0},{"not_picked":["Deadly Poison","Quick Slash"],"picked":"Infinite Blades","floor":10.0},{"not_picked":["Underhanded Strike","Predator"],"picked":"Cloak And Dagger","floor":11.0},{"not_picked":["Predator","Quick Slash"],"picked":"Blade Dance","floor":13.0},{"not_picked":["Tools of the Trade","Storm of Steel"],"picked":"Venomology","floor":16.0},{"not_picked":["Underhanded Strike","Outmaneuver","Dagger Throw"],"picked":"SKIP","floor":18.0},{"not_picked":["Predator+1","Tactician"],"picked":"Dagger Spray+1","floor":19.0},{"not_picked":["Prepared","Bane"],"picked":"Acrobatics+1","floor":21.0},{"not_picked":["Tactician","Predator"],"picked":"Infinite Blades","floor":22}],"player_experience":898160,"relics_obtained":[{"floor":7.0,"key":"MawBank"},{"floor":9.0,"key":"Smiling Mask"},{"floor":13.0,"key":"Shuriken"}],"event_choices":[{"damage_healed":0.0,"max_hp_gain":0.0,"max_hp_loss":0.0,"gold_gain":0.0,"event_name":"Living Wall","player_choice":"Grow","floor":3.0,"gold_loss":0.0,"damage_taken":0.0,"cards_upgraded":["Neutralize"]},{"cards_removed":["Defend_G"],"damage_healed":0.0,"max_hp_gain":0.0,"max_hp_loss":0.0,"gold_gain":0.0,"event_name":"Golden Wing","player_choice":"Card Removal","floor":4.0,"gold_loss":0.0,"damage_taken":7.0},{"damage_healed":0.0,"max_hp_gain":5.0,"max_hp_loss":0.0,"gold_gain":0.0,"event_name":"Forgotten Altar","player_choice":"Shed Blood","floor":20.0,"gold_loss":0.0,"damage_taken":18.0}],"is_beta":false,"boss_relics":[{"not_picked":["Busted Crown","Fusion Hammer"],"picked":"SlaversCollar"}],"items_purged_floors":[14],"is_endless":false,"potions_floor_spawned":[1,2,5,11,21],"killed_by":"Gremlin Leader","ascension_level":9}}