{"host":"z3qs3l37sjzyczji","time":1613148678,"event":{"mods":["AchievementEnabler","BaseMod","Colored Map","Colored Powertips","Keyboard Shortcuts","Minty Spire (QoL Compilation)","Relic Stats","SuperFastMode"],"gold_per_floor":[118,136,136,86,86,129,129,165,165,196,196,41,54,88,88,216,216,239,12,43,67,67,110,110,134,134,168,184,224,248,248,248,378,378,398,308,183,199,250,289,289,289,289,37,73,89,38,81,81,81,81,81,13,54,54],"floor_reached":56,"language":"ENG","playtime":5122,"items_purged":["Strike_G","Strike_G","Defend_G","Defend_G"],"score":1504,"play_id":"41b262d3-2c82-406e-aecd-861681479da6","local_time":"20210212165118","is_ascension_mode":true,"campfire_choices":[{"data":"Dodge and Roll","floor":7.0,"key":"SMITH"},{"data":"Eviscerate","floor":11.0,"key":"SMITH"},{"data":"Infinite Blades","floor":15.0,"key":"SMITH"},{"data":"Phantasmal Killer","floor":24.0,"key":"SMITH"},{"data":"1","floor":32.0,"key":"LIFT"},{"data":"2","floor":41.0,"key":"LIFT"},{"data":"3","floor":42.0,"key":"LIFT"},{"floor":49.0,"key":"RECALL"},{"data":"Well Laid Plans","floor":52.0,"key":"SMITH"}],"circlet_count":0,"master_deck":["Strike_G","Strike_G","Defend_G","Survivor","Neutralize+1","Eviscerate+1","Blade Dance","Flying Knee","Dodge and Roll+1","Crippling Poison","Blade Dance+1","Infinite Blades+1","Dagger Throw","Phantasmal Killer+1","Infinite Blades","Well Laid Plans+1","Leg Sweep+1","Dash+1","Blade Dance+1","Calculated Gamble","Expertise+1","Malaise","Dagger Throw","Calculated Gamble+1","Tools of the Trade+1","Dagger Throw+1"],"relics":["Ring of the Snake","Golden Idol","Eternal Feather","Centennial Puzzle","HornCleat","WingedGreaves","Vajra","SlaversCollar","Red Mask","Frozen Egg 2","Girya","Regal Pillow","Bottled Flame","HoveringKite","Bag of Preparation","Lantern","Calipers","The Specimen","Paper Crane"],"acts_visited":["Exordium","TheCity","TheBeyond","TheEnding"],"potions_floor_usage":[55,55,55,55,55,55],"damage_taken":[{"damage":0.0,"enemies":"2 Louse","floor":1.0,"turns":5.0},{"damage":0.0,"enemies":"Small Slimes","floor":2.0,"turns":3.0},{"damage":15.0,"enemies":"Gremlin Nob","floor":6.0,"turns":4.0},{"damage":13.0,"enemies":"3 Sentries","floor":8.0,"turns":10.0},{"damage":7.0,"enemies":"Lagavulin","floor":10.0,"turns":9.0},{"damage":0.0,"enemies":"Cultist","floor":13.0,"turns":3.0},{"damage":22.0,"enemies":"Gremlin Nob","floor":14.0,"turns":4.0},{"damage":7.0,"enemies":"Slime Boss","floor":16.0,"turns":7.0},{"damage":16.0,"enemies":"2 Thieves","floor":18.0,"turns":3.0},{"damage":28.0,"enemies":"Masked Bandits","floor":20.0,"turns":5.0},{"damage":2.0,"enemies":"Chosen","floor":21.0,"turns":3.0},{"damage":29.0,"enemies":"Slavers","floor":23.0,"turns":7.0},{"damage":4.0,"enemies":"Snake Plant","floor":25.0,"turns":4.0},{"damage":0.0,"enemies":"Book of Stabbing","floor":27.0,"turns":3.0},{"damage":3.0,"enemies":"Chosen and Byrds","floor":28.0,"turns":6.0},{"damage":7.0,"enemies":"Slavers","floor":29.0,"turns":4.0},{"damage":7.0,"enemies":"Shelled Parasite and Fungi","floor":30.0,"turns":5.0},{"damage":0.0,"enemies":"Collector","floor":33.0,"turns":6.0},{"damage":2.0,"enemies":"3 Darklings","floor":35.0,"turns":4.0},{"damage":0.0,"enemies":"Orb Walker","floor":38.0,"turns":3.0},{"damage":7.0,"enemies":"Giant Head","floor":40.0,"turns":6.0},{"damage":0.0,"enemies":"Reptomancer","floor":45.0,"turns":3.0},{"damage":5.0,"enemies":"4 Shapes","floor":46.0,"turns":4.0},{"damage":0.0,"enemies":"Giant Head","floor":48.0,"turns":4.0},{"damage":52.0,"enemies":"Awakened One","floor":50.0,"turns":9.0},{"damage":6,"enemies":"Shield and Spear","floor":54,"turns":5},{"damage":62,"enemies":"The Heart","floor":55,"turns":9}],"seed_played":"-2190671168788947572","potions_obtained":[{"floor":8.0,"key":"Fruit Juice"},{"floor":10.0,"key":"Regen Potion"},{"floor":14.0,"key":"DistilledChaos"},{"floor":23.0,"key":"AttackPotion"},{"floor":27.0,"key":"Fire Potion"},{"floor":29.0,"key":"AttackPotion"},{"floor":40.0,"key":"SpeedPotion"},{"floor":45.0,"key":"EntropicBrew"}],"is_trial":false,"path_per_floor":["M","M","?","?","?","E","R","E","T","E","R","$","M","E","R","B",null,"M","$","?","M","?","E","R","M","T","E","M","E","M","?","R","B",null,"M","?","$","M","T","E","R","R","T","$","E","M","$","E","R","B",null,"R","$","E","B",null],"character_chosen":"THE_SILENT","items_purchased":["Infinite Blades","Well Laid Plans","Dexterity Potion","Dagger Throw","Dexterity Potion","Strength Potion","Tools of the Trade+1"],"campfire_rested":0,"item_purchase_floors":[12,19,19,44,44,47,53],"current_hp_per_floor":[70,70,65,65,65,50,56,43,43,36,45,45,45,23,32,25,65,49,49,21,19,40,26,38,34,34,34,31,24,17,17,29,29,65,63,63,63,63,63,56,65,65,65,65,65,60,65,65,70,18,70,70,70,64,2],"gold":54,"neow_bonus":"TRANSFORM_CARD","is_daily":false,"chose_seed":false,"campfire_upgraded":5,"win_rate":0.0,"timestamp":1613148678,"path_taken":["M","M","?","?","?","E","R","E","T","E","R","$","M","E","R","BOSS","M","$","?","M","?","E","R","M","T","E","M","E","M","?","R","BOSS","M","?","?","M","?","E","R","R","T","$","E","?","$","E","R","BOSS","R","$","E","BOSS"],"items_purchased_type":["Card","Card","Potion","Card","Potion","Potion","Card"],"build_version":"2020-12-22","purchased_purges":4,"victory":true,"max_hp_per_floor":[70,70,65,65,65,65,65,65,65,65,65,65,65,65,65,65,65,65,65,65,65,65,65,65,65,65,65,65,65,65,65,65,65,65,65,65,65,65,65,65,65,65,65,65,65,65,70,70,70,70,70,70,70,70,70],"relic_stats":{"Centennial Puzzle":[49],"Regal Pillow":0,"counters":[27,138],"Golden Idol":229,"HoveringKite":[35],"Eternal Feather":62,"Bag of Preparation":[14],"obtain_stats":[{"Girya":26,"Regal Pillow":27,"Lantern":40,"Calipers":45,"The Specimen":48,"Golden Idol":3,"Vajra":14,"HoveringKite":34,"Eternal Feather":6,"Bag of Preparation":39,"Frozen Egg 2":23,"Paper Crane":54,"SlaversCollar":17,"Centennial Puzzle":8,"Bottled Flame":29,"HornCleat":9,"WingedGreaves":10,"Red Mask":20,"Ring of the Snake":0},{"Girya":13,"Regal Pillow":14,"Lantern":21,"Calipers":22,"The Specimen":24,"Golden Idol":2,"Vajra":7,"HoveringKite":18,"Eternal Feather":3,"Bag of Preparation":20,"Frozen Egg 2":12,"Paper Crane":26,"SlaversCollar":8,"Centennial Puzzle":4,"Bottled Flame":16,"HornCleat":4,"WingedGreaves":5,"Red Mask":10,"Ring of the Snake":0},{"Girya":67,"Regal Pillow":70,"Lantern":104,"Calipers":107,"The Specimen":115,"Golden Idol":8,"Vajra":38,"HoveringKite":91,"Eternal Feather":12,"Bag of Preparation":98,"Frozen Egg 2":63,"Paper Crane":129,"SlaversCollar":45,"Centennial Puzzle":22,"Bottled Flame":80,"HornCleat":22,"WingedGreaves":31,"Red Mask":53,"Ring of the Snake":0}],"Ring of the Snake":[54]},"card_choices":[{"not_picked":["Sucker Punch","Backflip"],"picked":"Blade Dance","floor":1.0},{"not_picked":["Deadly Poison","Slice"],"picked":"Flying Knee","floor":2.0},{"not_picked":["Bane","Backstab"],"picked":"Dodge and Roll","floor":6.0},{"not_picked":["PiercingWail","Blur"],"picked":"Crippling Poison","floor":8.0},{"not_picked":["Predator","A Thousand Cuts"],"picked":"Blade Dance","floor":10.0},{"not_picked":["All Out Attack","Slice"],"picked":"Dagger Throw","floor":13.0},{"not_picked":["Choke","Quick Slash","Deflect"],"picked":"SKIP","floor":14.0},{"not_picked":["Night Terror","Bullet Time"],"picked":"Phantasmal Killer","floor":16.0},{"not_picked":["Blur","Reflex+1"],"picked":"Infinite Blades","floor":18.0},{"not_picked":["Sucker Punch+1","Slice+1"],"picked":"Leg Sweep+1","floor":20.0},{"not_picked":["PiercingWail","Heel Hook"],"picked":"Dash+1","floor":21.0},{"not_picked":["Quick Slash+1","Dodge and Roll","Tactician"],"picked":"SKIP","floor":23.0},{"not_picked":["Backstab","Deadly Poison"],"picked":"Blade Dance+1","floor":25.0},{"not_picked":["Sucker Punch","Masterful Stab"],"picked":"Calculated Gamble","floor":27.0},{"not_picked":["Tactician","Deflect"],"picked":"Expertise+1","floor":28.0},{"not_picked":["All Out Attack","Glass Knife","Underhanded Strike"],"picked":"SKIP","floor":29.0},{"not_picked":["Quick Slash","Choke","Sucker Punch+1"],"picked":"SKIP","floor":30.0},{"not_picked":["Glass Knife","Night Terror"],"picked":"Malaise","floor":33.0},{"not_picked":["Distraction+1","Flying Knee","Backflip"],"picked":"SKIP","floor":35.0},{"not_picked":["Quick Slash","Well Laid Plans+1","Deadly Poison+1"],"picked":"SKIP","floor":38.0},{"not_picked":["Endless Agony+1","Quick Slash+1","Bane+1"],"picked":"SKIP","floor":40.0},{"not_picked":["Underhanded Strike+1","Crippling Poison","Bane+1"],"picked":"SKIP","floor":45.0},{"not_picked":["Crippling Poison+1","Masterful Stab","Poisoned Stab"],"picked":"SKIP","floor":46.0},{"not_picked":["Backflip+1","Bullet Time"],"picked":"Calculated Gamble+1","floor":48.0},{"not_picked":["Quick Slash+1","Outmaneuver"],"picked":"Dagger Throw+1","floor":54}],"player_experience":76574,"relics_obtained":[{"floor":6.0,"key":"Eternal Feather"},{"floor":8.0,"key":"Centennial Puzzle"},{"floor":9.0,"key":"HornCleat"},{"floor":10.0,"key":"WingedGreaves"},{"floor":14.0,"key":"Vajra"},{"floor":20.0,"key":"Red Mask"},{"floor":23.0,"key":"Frozen Egg 2"},{"floor":26.0,"key":"Girya"},{"floor":27.0,"key":"Regal Pillow"},{"floor":29.0,"key":"Bottled Flame"},{"floor":39.0,"key":"Bag of Preparation"},{"floor":40.0,"key":"Lantern"},{"floor":45.0,"key":"Calipers"},{"floor":48.0,"key":"The Specimen"},{"floor":54,"key":"Paper Crane"}],"event_choices":[{"damage_healed":0.0,"max_hp_gain":0.0,"max_hp_loss":5.0,"gold_gain":0.0,"event_name":"Golden Idol","player_choice":"Lose Max HP","floor":3.0,"gold_loss":0.0,"damage_taken":0.0,"relics_obtained":["Golden Idol"]},{"cards_removed":["Defend_G"],"damage_healed":0.0,"max_hp_gain":0.0,"max_hp_loss":0.0,"gold_gain":0.0,"event_name":"The Cleric","player_choice":"Card Removal","floor":4.0,"gold_loss":50.0,"damage_taken":0.0},{"damage_healed":0.0,"max_hp_gain":0.0,"max_hp_loss":0.0,"gold_gain":0.0,"event_name":"Living Wall","player_choice":"Grow","floor":5.0,"gold_loss":0.0,"damage_taken":0.0,"cards_upgraded":["Neutralize"]},{"damage_healed":0.0,"max_hp_gain":0.0,"max_hp_loss":0.0,"gold_gain":0.0,"event_name":"Masked Bandits","player_choice":"Fought Bandits","floor":20.0,"gold_loss":0.0,"damage_taken":0.0},{"damage_healed":21.0,"max_hp_gain":0.0,"max_hp_loss":0.0,"gold_gain":0.0,"event_name":"The Library","player_choice":"Heal","floor":22.0,"gold_loss":0.0,"damage_taken":0.0},{"damage_healed":0.0,"max_hp_gain":0.0,"max_hp_loss":0.0,"gold_gain":0.0,"event_name":"FaceTrader","player_choice":"Leave","floor":31.0,"gold_loss":0.0,"damage_taken":0.0},{"cards_removed":["Defend_G"],"damage_healed":0.0,"max_hp_gain":0.0,"max_hp_loss":0.0,"gold_gain":0.0,"event_name":"Designer","player_choice":"Upgrade and Remove","floor":36.0,"gold_loss":90.0,"damage_taken":0.0,"cards_upgraded":["Blade Dance"]}],"is_beta":false,"boss_relics":[{"not_picked":["Calling Bell","SacredBark"],"picked":"SlaversCollar"},{"not_picked":["Snecko Eye","Tiny House"],"picked":"HoveringKite"}],"items_purged_floors":[12,19,37,44],"is_endless":false,"potions_floor_spawned":[8,10,14,20,23,27,29,40,45],"ascension_level":2}}