{"host":"pazl5877qhghhrip","time":1613144168,"event":{"mods":["Act Like it!","BaseMod","Minty Spire (QoL Compilation)","Reliquary","Replay The Spire","RumiaBox-露米娅的神秘盒子","Spicy Shops","StSLib","【功能Mod】混沌之环修复补丁"],"gold_per_floor":[114,114,189,199,256,287,352,352,352,215,228,189,189,64,64,167,167,216,227,227,127,186,186,203,231,231,146,203,262,407,407,407,364,364,423,423,645,702,176,202,202,258,285,301,361,380,380,409,409,409,409,409,60,85,85],"floor_reached":56,"language":"ZHS","playtime":5438,"items_purged":["Looming Evil","ReplayTheSpireMod:Doomed","Delirium"],"score":1467,"play_id":"79d07e4c-459b-428b-a3a7-95594c6e9b18","local_time":"20210212233608","is_ascension_mode":false,"campfire_choices":[{"data":"Infernal Blade","floor":8.0,"key":"SMITH"},{"data":"Armaments","floor":13.0,"key":"SMITH"},{"data":"Seeing Red","floor":15.0,"key":"SMITH"},{"data":"Reaper","floor":23.0,"key":"SMITH"},{"data":"Spot Weakness","floor":32,"key":"SMITH"},{"floor":41,"key":"RECALL"},{"data":"Shockwave","floor":49,"key":"SMITH"},{"data":"Pot Of Greed","floor":52,"key":"SMITH"}],"circlet_count":0,"master_deck":["Strike_R","Strike_R","Strike_R","Strike_R","Defend_R","Defend_R","Defend_R","Defend_R","Bash","Battle Trance","Strike_R","Armaments+1","Twin Strike","Seeing Red+1","Infernal Blade+1","Parasite","Pot Of Greed+1","Pot Of Greed","Run Through","Reaper+1","CommonCold","Shrug It Off","Pot Of Greed","Pot Of Greed+1","Cleave+1","Spot Weakness+1","Inflame+1","Hemogenesis+1","Abandon+1","Run Through","Berserk+1","Shockwave+1","Shrug It Off+1","Inflame+1","Spot Weakness+1","Metallicize+1","Pot Of Greed"],"relics":["Burning Blood","Baka","ReplayTheSpireMod:Ring of Exchange","ReplayTheSpireMod:Ring of Challenge","HornCleat","Ornamental Fan","Grinning Jar","GodSword3","Onion Ring","Replay:Ancient Bell","Pet Ghost","GodSword4","Thread and Needle","reliquary:ExpiredCoupon","Red Mask","Frozen Egg 2","reliquary:SilkGlove","Juzu Bracelet","Replay:Towering Pillar of Hats","Snack Pack","Replay:Bronze Core","ReplayTheSpireMod:TigerMarble","GodSword5","Bronze Scales","InkBottle","Pantograph","CeramicFish","Calipers","reliquary:PorcupineQuills"],"acts_visited":["Exordium","TheCity","TheBeyond","TheEnding"],"potions_floor_usage":[30,55,55],"damage_taken":[{"damage":1.0,"enemies":"Jaw Worm","floor":1.0,"turns":5.0},{"damage":11.0,"enemies":"Small Slimes","floor":4.0,"turns":4.0},{"damage":15.0,"enemies":"Cultist","floor":5.0,"turns":5.0},{"damage":24.0,"enemies":"Gremlin Nob","floor":6.0,"turns":4.0},{"damage":0.0,"enemies":"Gremlin Gang","floor":7.0,"turns":5.0},{"damage":0.0,"enemies":"Lagavulin","floor":11.0,"turns":5.0},{"damage":12.0,"enemies":"Exordium Thugs","floor":12.0,"turns":3.0},{"damage":0.0,"enemies":"Slime Boss","floor":16.0,"turns":2.0},{"damage":19.0,"enemies":"3 Byrds","floor":18.0,"turns":2.0},{"damage":0.0,"enemies":"2 Thieves","floor":19.0,"turns":3.0},{"damage":5.0,"enemies":"Shelled Parasite and Fungi","floor":22.0,"turns":2.0},{"damage":0.0,"enemies":"Snake Plant","floor":24.0,"turns":3.0},{"damage":0.0,"enemies":"Masked Bandits","floor":25.0,"turns":3.0},{"damage":0.0,"enemies":"Snecko","floor":28.0,"turns":4.0},{"damage":0.0,"enemies":"Centurion and Healer","floor":29.0,"turns":5.0},{"damage":0,"enemies":"Colosseum Slavers","floor":30,"turns":1},{"damage":0,"enemies":"Colosseum Nobs","floor":30,"turns":3},{"damage":59,"enemies":"Champ","floor":33,"turns":8},{"damage":2,"enemies":"3 Darklings","floor":35,"turns":2},{"damage":24,"enemies":"Orb Walker","floor":38,"turns":1},{"damage":5,"enemies":"R_Hoarder","floor":40,"turns":7},{"damage":0,"enemies":"Sphere and 2 Shapes","floor":44,"turns":1},{"damage":6,"enemies":"Spire Growth","floor":45,"turns":4},{"damage":0,"enemies":"Maw","floor":46,"turns":4},{"damage":1,"enemies":"Giant Head","floor":48,"turns":4},{"damage":0,"enemies":"Donu and Deca","floor":50,"turns":4},{"damage":2,"enemies":"Shield and Spear","floor":54,"turns":3},{"damage":2,"enemies":"The Heart","floor":55,"turns":6}],"seed_played":"8694241790201453150","potions_obtained":[{"floor":1.0,"key":"ColorlessPotion"},{"floor":5.0,"key":"Block Potion"},{"floor":6.0,"key":"Explosive Potion"},{"floor":12.0,"key":"Toxic Potion"},{"floor":16.0,"key":"SneckoOil"},{"floor":18.0,"key":"ColorlessPotion"},{"floor":20.0,"key":"PowerPotion"},{"floor":20.0,"key":"CultistPotion"},{"floor":22.0,"key":"Fire Potion"},{"floor":28.0,"key":"Fruit Juice"},{"floor":29.0,"key":"Strength Potion"},{"floor":30,"key":"Milkshake"},{"floor":40,"key":"Energy Potion"}],"is_trial":false,"path_per_floor":["M","?","?","M","M","E","M","R","T","$","E","M","R","$","R","B",null,"M","M","?","$","M","R","M","?","T","?","M","M","?","?","R","B",null,"M","?","?","M","$","E","R","?","T","M","M","M","?","E","R","B",null,"R","$","E","B",null],"character_chosen":"IRONCLAD","items_purchased":["Grinning Jar","Onion Ring","GodSword5","Bronze Scales","Calipers","Metallicize+1"],"campfire_rested":0,"item_purchase_floors":[10,14,39,39,53,53],"current_hp_per_floor":[80,80,72,67,58,40,53,53,53,53,59,53,53,53,53,59,80,67,73,73,73,74,74,80,80,80,80,85,85,85,69,69,46,90,90,90,90,72,72,90,90,68,68,77,1,25,25,98,98,100,100,100,100,100,100],"gold":85,"neow_bonus":"REMOVE_CARD","is_daily":false,"chose_seed":false,"campfire_upgraded":7,"win_rate":0.0,"timestamp":1613144168,"path_taken":["M","?","?","?","?","E","M","R","T","?","E","M","R","$","R","BOSS","M","M","?","?","?","R","M","?","T","?","M","M","?","?","R","BOSS","M","?","?","M","$","E","R","?","T","M","M","M","?","E","R","BOSS","R","$","E","BOSS"],"items_purchased_type":["Relic","Relic","Relic","Relic","Relic","Card"],"build_version":"2020-12-22","purchased_purges":3,"victory":true,"max_hp_per_floor":[80,80,80,80,80,80,80,80,80,80,80,80,80,80,80,80,80,80,80,80,80,80,80,80,80,80,80,85,85,85,90,90,90,90,90,90,90,90,90,90,90,90,90,90,90,100,100,100,100,100,100,100,100,100,100],"card_choices":[{"not_picked":["Infernal Blade","Anger"],"picked":"Battle Trance","floor":1.0},{"not_picked":["Battle Trance","Shrug It Off"],"picked":"Armaments","floor":4.0},{"not_picked":["Wild Strike","Clothesline"],"picked":"Twin Strike","floor":5.0},{"not_picked":["Barricade","Intimidate"],"picked":"Seeing Red","floor":6.0},{"not_picked":["Clash","ReplayTheSpireMod:Limb From Limb"],"picked":"Infernal Blade","floor":7.0},{"not_picked":["Havoc","Armaments","Dual Wield"],"picked":"SKIP","floor":11.0},{"not_picked":["Replay:Undeath\u0027s Touch","Reckless Charge"],"picked":"Run Through","floor":12.0},{"not_picked":["Fiend Fire","Demon Form"],"picked":"Reaper","floor":16.0},{"not_picked":["Pain","Normality"],"picked":"ReplayTheSpireMod:Doomed","floor":17.0},{"not_picked":["Looming Evil","Spreading Infection"],"picked":"Delirium","floor":17.0},{"not_picked":["Parasite","Sickly"],"picked":"CommonCold","floor":17.0},{"not_picked":["Bloodletting+1","Clash","Metallicize"],"picked":"SKIP","floor":18.0},{"not_picked":["True Grit","Headbutt","Wild Strike+1"],"picked":"SKIP","floor":19.0},{"not_picked":["Perfected Strike","Clash+1"],"picked":"Shrug It Off","floor":22.0},{"not_picked":["Combust+1","ReplayTheSpireMod:Strike From Hell"],"picked":"Cleave+1","floor":24.0},{"not_picked":["Combust+1","True Grit","Sever Soul"],"picked":"SKIP","floor":28.0},{"not_picked":["Barricade+1","Twin Strike"],"picked":"Spot Weakness","floor":29.0},{"not_picked":["Anger","Combust+1"],"picked":"Inflame+1","floor":30},{"not_picked":["Demonic Infusion","Barricade+1"],"picked":"Hemogenesis","floor":33},{"not_picked":["Thunderclap+1","Feel No Pain+1"],"picked":"Abandon+1","floor":35},{"not_picked":["Wild Strike+1","Flex","Havoc"],"picked":"SKIP","floor":38},{"not_picked":["Armaments+1","Rupture+1"],"picked":"Berserk+1","floor":40},{"not_picked":["ReplayTheSpireMod:Strike From Hell+1","Rage+1"],"picked":"Shockwave","floor":42},{"not_picked":["Searing Blow+1","Replay:Undeath\u0027s Touch"],"picked":"Shrug It Off+1","floor":42},{"not_picked":["True Grit","Combust+1","Heavy Blade"],"picked":"SKIP","floor":44},{"not_picked":["Rampage","Juggernaut+1"],"picked":"Inflame+1","floor":45},{"not_picked":["ReplayTheSpireMod:Strike From Hell","Twin Strike+1","Metallicize+1"],"picked":"SKIP","floor":46},{"not_picked":["ReplayTheSpireMod:Limb From Limb","Intimidate+1","True Grit"],"picked":"SKIP","floor":48},{"not_picked":["Pommel Strike","Run Through","Immolate"],"picked":"SKIP","floor":54}],"player_experience":228959,"relics_obtained":[{"floor":1.0,"key":"Baka"},{"floor":2.0,"key":"ReplayTheSpireMod:Ring of Exchange"},{"floor":2.0,"key":"ReplayTheSpireMod:Ring of Challenge"},{"floor":6.0,"key":"HornCleat"},{"floor":9.0,"key":"Ornamental Fan"},{"floor":11.0,"key":"GodSword3"},{"floor":18.0,"key":"reliquary:ExpiredCoupon"},{"floor":25.0,"key":"Red Mask"},{"floor":26.0,"key":"Frozen Egg 2"},{"floor":29.0,"key":"Juzu Bracelet"},{"floor":30,"key":"Replay:Towering Pillar of Hats"},{"floor":30,"key":"Snack Pack"},{"floor":38,"key":"ReplayTheSpireMod:TigerMarble"},{"floor":40,"key":"InkBottle"},{"floor":42,"key":"Pantograph"},{"floor":48,"key":"CeramicFish"},{"floor":54,"key":"reliquary:PorcupineQuills"}],"event_choices":[{"damage_healed":0.0,"max_hp_gain":0.0,"max_hp_loss":0.0,"gold_gain":75.0,"event_name":"FaceTrader","player_choice":"Touch","floor":3.0,"gold_loss":0.0,"damage_taken":8.0},{"damage_healed":0.0,"max_hp_gain":0.0,"max_hp_loss":0.0,"gold_gain":0.0,"event_name":"Lab","player_choice":"Got Potions","floor":20.0,"gold_loss":0.0,"damage_taken":0.0},{"damage_healed":0.0,"max_hp_gain":0.0,"max_hp_loss":0.0,"gold_gain":0.0,"event_name":"Masked Bandits","player_choice":"Fought Bandits","floor":25.0,"gold_loss":0.0,"damage_taken":0.0},{"damage_healed":0.0,"max_hp_gain":0.0,"max_hp_loss":0.0,"gold_gain":0.0,"event_name":"Addict","player_choice":"Obtained Relic","floor":27.0,"gold_loss":85.0,"damage_taken":0.0,"relics_obtained":["reliquary:SilkGlove"]},{"damage_healed":0,"gold_gain":0,"player_choice":"Fight","damage_taken":0,"max_hp_gain":0,"max_hp_loss":0,"event_name":"Colosseum","floor":30,"gold_loss":0},{"damage_healed":0,"gold_gain":0,"player_choice":"Fought Nobs","damage_taken":0,"max_hp_gain":0,"max_hp_loss":0,"event_name":"Colosseum","floor":30,"gold_loss":0},{"damage_healed":0,"gold_gain":0,"player_choice":"Shed Blood","damage_taken":21,"max_hp_gain":5,"max_hp_loss":0,"event_name":"Forgotten Altar","floor":31,"gold_loss":0},{"damage_healed":0,"gold_gain":0,"player_choice":"Upgraded","damage_taken":0,"max_hp_gain":0,"max_hp_loss":0,"event_name":"Upgrade Shrine","floor":36,"gold_loss":0,"cards_upgraded":["Hemogenesis"]},{"damage_healed":0,"gold_gain":222,"player_choice":"Wore Mask","damage_taken":0,"max_hp_gain":0,"max_hp_loss":0,"event_name":"Tomb of Lord Red Mask","floor":37,"gold_loss":0},{"damage_healed":0,"gold_gain":0,"player_choice":"Copied","damage_taken":0,"max_hp_gain":0,"max_hp_loss":0,"event_name":"Duplicator","floor":47,"gold_loss":0,"cards_obtained":["Spot Weakness"]}],"is_beta":false,"boss_relics":[{"not_picked":["Orrery","Empty Cage"],"picked":"Replay:Ancient Bell"},{"not_picked":["PreservedInsect","reliquary:PartyBalloon"],"picked":"Pet Ghost"},{"not_picked":["ReplayTheSpireMod:Shallot","reliquary:TridentHead"],"picked":"GodSword4"},{"not_picked":["Unceasing Top","Ginger"],"picked":"Thread and Needle"},{"not_picked":["Snecko Eye","reliquary:Craggleroot"],"picked":"Replay:Bronze Core"}],"items_purged_floors":[10,21,39],"is_endless":false,"potions_floor_spawned":[1,5,6,12,16,18,22,24,28,29,30,40,45,46,54],"ascension_level":0}}