{"host":"sosyidtcrrl56kzs","time":1613101123,"event":{"mods":["2.2 Compatiblity","BaseMod","Colored Map","Marisa????????","Minty Spire (QoL Compilation)","READ ME - Guardian Mod","StSLib","The Cursed","The Disciple","The Servant 0.9.4"],"gold_per_floor":[20,37,48,48,58,58,58],"floor_reached":6,"language":"ENG","playtime":496,"items_purged":[],"score":38,"play_id":"f7d3d78d-a100-48aa-91c0-5fb5a27ca5f6","local_time":"20210211223843","is_ascension_mode":false,"campfire_choices":[],"circlet_count":0,"master_deck":["TheCursedMod:Strike_TheCursed","TheCursedMod:Strike_TheCursed","TheCursedMod:Strike_TheCursed","TheCursedMod:Defend_TheCursed","TheCursedMod:Defend_TheCursed","TheCursedMod:Defend_TheCursed","TheCursedMod:Defend_TheCursed","TheCursedMod:CursedWand","TheCursedMod:CleanUpWorkshop","TheCursedMod:Dregs","TheCursedMod:CollectTribute","TheCursedMod:WearCloak","TheCursedMod:Obscuration","TheCursedMod:CursedAmulet"],"relics":["TheCursedMod:BlackMagic101"],"acts_visited":["Exordium"],"potions_floor_usage":[6],"damage_taken":[{"damage":5,"enemies":"Jaw Worm","floor":1,"turns":4},{"damage":1,"enemies":"2 Louse","floor":2,"turns":4},{"damage":2,"enemies":"Cultist","floor":3,"turns":5},{"damage":6,"enemies":"3 Louse","floor":5,"turns":8},{"damage":77,"enemies":"Gremlin Nob","floor":6,"turns":6}],"seed_played":"60586127804421357","potions_obtained":[{"floor":2,"key":"Regen Potion"}],"is_trial":false,"path_per_floor":["M","M","M","?","M","E"],"character_chosen":"THE_CURSED","items_purchased":[],"campfire_rested":0,"item_purchase_floors":[],"current_hp_per_floor":[70,69,67,60,54,0,0],"gold":58,"neow_bonus":"THREE_RARE_CARDS","is_daily":false,"chose_seed":false,"campfire_upgraded":0,"win_rate":0.0,"timestamp":1613101123,"path_taken":["M","M","M","?","M","E"],"items_purchased_type":[],"build_version":"2020-12-22","purchased_purges":0,"victory":false,"max_hp_per_floor":[75,75,75,75,75,75,75],"card_choices":[{"not_picked":["TheCursedMod:UltimatePain","TheCursedMod:StunningStrike"],"picked":"TheCursedMod:CollectTribute","floor":0},{"not_picked":["TheCursedMod:SpitefulStrike","TheCursedMod:ReleasedStrength"],"picked":"TheCursedMod:WearCloak","floor":1},{"not_picked":["TheCursedMod:TacticalStrike","TheCursedMod:CursedMace"],"picked":"TheCursedMod:Obscuration","floor":2},{"not_picked":["TheCursedMod:VitalStrike","TheCursedMod:CircleOfBlood"],"picked":"TheCursedMod:CursedAmulet","floor":3},{"not_picked":["TheCursedMod:FuryStrike","TheCursedMod:Stretching","TheCursedMod:CircleOfCorruption"],"picked":"SKIP","floor":5}],"player_experience":351984,"relics_obtained":[],"event_choices":[{"cards_removed":["TheCursedMod:Strike_TheCursed"],"damage_healed":0,"gold_gain":0,"player_choice":"Card Removal","damage_taken":7,"max_hp_gain":0,"max_hp_loss":0,"event_name":"Golden Wing","floor":4,"gold_loss":0}],"is_beta":false,"boss_relics":[],"items_purged_floors":[],"is_endless":false,"potions_floor_spawned":[2],"killed_by":"Gremlin Nob","ascension_level":0}}