{"host":"bf5upntvbdompq33","time":1613097152,"event":{"mods":["BaseMod","Colored Map","Colored Powertips","Curses Come First","Minty Spire (QoL Compilation)","StSLib","The Dragon Tamer","The Hierophant","The Marked","The Mystic","The Servant 0.9.4"],"gold_per_floor":[16,16,16,41,65,65,65],"floor_reached":6,"language":"ENG","playtime":275,"items_purged":[],"score":56,"play_id":"4bda0e8f-c79c-4763-bcad-a2f98d860c94","local_time":"20210211193232","is_ascension_mode":true,"campfire_choices":[],"circlet_count":0,"master_deck":["AscendersBane","Strike_B","Strike_B","Strike_B","Strike_B","Defend_B","Defend_B","Defend_B","Defend_B","Zap","Dualcast","Sweeping Beam","Gash","Genetic Algorithm"],"relics":["Cracked Core","Golden Idol"],"acts_visited":["Exordium"],"potions_floor_usage":[],"damage_taken":[{"damage":1,"enemies":"Cultist","floor":1,"turns":3},{"damage":10,"enemies":"Small Slimes","floor":4,"turns":2},{"damage":9,"enemies":"2 Louse","floor":5,"turns":2},{"damage":65,"enemies":"Lagavulin","floor":6,"turns":6}],"seed_played":"2029929599310463462","potions_obtained":[{"floor":1,"key":"DuplicationPotion"}],"is_trial":false,"path_per_floor":["M","?","?","M","M","E"],"character_chosen":"DEFECT","items_purchased":[],"campfire_rested":0,"item_purchase_floors":[],"current_hp_per_floor":[67,67,79,69,60,0,0],"gold":65,"neow_bonus":"THREE_RARE_CARDS","is_daily":false,"chose_seed":false,"campfire_upgraded":0,"win_rate":0.0,"timestamp":1613097152,"path_taken":["M","?","?","M","?","E"],"items_purchased_type":[],"build_version":"2020-12-22","purchased_purges":0,"victory":false,"max_hp_per_floor":[75,69,79,79,79,79,79],"card_choices":[{"not_picked":["Fission","Amplify"],"picked":"Meteor Strike","floor":0},{"not_picked":["Tempest","Hologram"],"picked":"Sweeping Beam","floor":1},{"not_picked":["Coolheaded","Conserve Battery"],"picked":"Gash","floor":4},{"not_picked":["Barrage","Capacitor"],"picked":"Genetic Algorithm","floor":5}],"player_experience":1550412,"relics_obtained":[],"event_choices":[{"damage_healed":0,"gold_gain":0,"player_choice":"Lose Max HP","damage_taken":0,"relics_obtained":["Golden Idol"],"max_hp_gain":0,"max_hp_loss":6,"event_name":"Golden Idol","floor":2,"gold_loss":0},{"cards_removed":["Meteor Strike"],"damage_healed":2,"gold_gain":0,"player_choice":"Offered Rare","damage_taken":0,"max_hp_gain":10,"max_hp_loss":0,"event_name":"Bonfire Elementals","floor":3,"gold_loss":0}],"is_beta":false,"boss_relics":[],"items_purged_floors":[],"is_endless":false,"potions_floor_spawned":[1],"killed_by":"Lagavulin","ascension_level":11}}