{"host":"njb27ds59h4j3ikk","time":1613089275,"event":{"mods":["AchievementEnabler","BaseMod","Better Altar","Better Match","Better Note","Better Sensory Stone","Better Skull","Better Third Choice","BetterRewards","Downfall","Hermit","Hubris","Minty Spire (QoL Compilation)","Permanent Neow","Quarter Circle Forward PUNCH!","Quick Restart","Rare Cards Sparkle","Replay The Spire","Shop Mod","StSLib","Trackpad","Transform Curses"],"gold_per_floor":[135,180,180,180,50,50,102,102,102,220,261,337,389,499,499,712,712,772,829,905,562,562,697,784,784,784,784,784,834,834,901,901,971,971],"floor_reached":33,"language":"ENG","playtime":1229,"items_purged":[],"score":479,"play_id":"befffe00-d172-4f10-981e-78ea9f579cce","local_time":"20210211192115","is_ascension_mode":true,"campfire_choices":[{"data":"ReplayTheSpireMod:Uncanny Aura","floor":6.0,"key":"SMITH"},{"data":"hermit:FlashPowder","floor":8.0,"key":"SMITH"},{"floor":15.0,"key":"REST"},{"floor":25.0,"key":"REST"},{"floor":32,"key":"REST"}],"circlet_count":0,"master_deck":["hermit:Strike_Hermit","hermit:Strike_Hermit","hermit:Strike_Hermit","hermit:Strike_Hermit","hermit:Defend_Hermit","hermit:Defend_Hermit","hermit:Defend_Hermit","hermit:Defend_Hermit","hermit:Snapshot","hermit:Covet","hermit:Misfire","hermit:Coalescence","hermit:Grudge","hermit:Determination","ReplayTheSpireMod:Uncanny Aura+1","hermit:SprayPray+1","Flash of Steel","hermit:Determination","hermit:FlashPowder+1","hermit:Scavenge","hermit:Spite","hermit:Misfire","hermit:Maintenance","hermit:Ricochet","hermit:Magnum","hermit:Gestalt","hermit:Cheat","hermit:OverwhelmingPower","CurseOfTheBell","hermit:ShadowCloak+1","hermit:FlashPowder+1","hermit:CalledShot+1","hermit:Horror","hermit:HeroicBravado+1","hermit:Virtue+1","hermit:Desperado+1","hermit:FromBeyond","Slimebound:CheckThePlaybook","downfall:Icky","hermit:Feint+1","Necronomicurse","hermit:Deadeye+1","hermit:Gestalt+1"],"relics":["hermit:Momento","Replay:Bandana","Replay:Mystery Machine","hubris:Reverence","hermit:RedScarf","Dream Catcher","Calling Bell","Juzu Bracelet","Onion Ring","hubris:MedicalManual","MerchantsRug","Bronze Scales","Centennial Puzzle","trackpad:BottledTsunami","Necronomicon"],"acts_visited":["Exordium","TheCity"],"potions_floor_usage":[33],"damage_taken":[{"damage":5.0,"enemies":"Jaw Worm","floor":1.0,"turns":3.0},{"damage":0.0,"enemies":"Small Slimes","floor":2.0,"turns":3.0},{"damage":34.0,"enemies":"3 Sentries","floor":10.0,"turns":6.0},{"damage":0.0,"enemies":"2 Louse","floor":11.0,"turns":2.0},{"damage":12.0,"enemies":"Replay:BlueRogue","floor":12.0,"turns":5.0},{"damage":5.0,"enemies":"Blue Slaver","floor":13.0,"turns":4.0},{"damage":20.0,"enemies":"Lagavulin","floor":14.0,"turns":5.0},{"damage":7.0,"enemies":"Hexaghost","floor":16.0,"turns":9.0},{"damage":12.0,"enemies":"Spheric Guardian","floor":18.0,"turns":4.0},{"damage":38.0,"enemies":"2 Thieves","floor":19.0,"turns":4.0},{"damage":11.0,"enemies":"Chosen and Byrds","floor":20.0,"turns":3.0},{"damage":20.0,"enemies":"Gremlin Leader","floor":23.0,"turns":7.0},{"damage":7.0,"enemies":"3 Cultists","floor":24.0,"turns":3.0},{"damage":1.0,"enemies":"Snecko","floor":29.0,"turns":4.0},{"damage":12,"enemies":"Snake Plant","floor":31,"turns":3},{"damage":29,"enemies":"hubris:MusketHawk","floor":33,"turns":7}],"seed_played":"-7132468461445496692","potions_obtained":[{"floor":2.0,"key":"Swift Potion"},{"floor":14.0,"key":"hexamod:SoulburnPotion"},{"floor":19.0,"key":"Explosive Potion"},{"floor":20.0,"key":"Weak Potion"},{"floor":31,"key":"Slimebound:ThreeZeroPotion"}],"is_trial":false,"path_per_floor":["M","M","?","?","$","R","T","R","T","E","M","E","M","E","R","B",null,"M","M","M","$","?","E","M","R","T","?","?","M","?","M","R","B"],"character_chosen":"HERMIT","items_purchased":["Replay:Bandana","hermit:Misfire","Death Potion","hermit:Coalescence","BargainBundle","Mango","hermit:SprayPray+1","Flash of Steel","hermit:Determination","hermit:FlashPowder","hermit:Scavenge","hermit:Spite","BlessingOfTheForge","MerchantsRug","Bronze Scales","hermit:Horror"],"campfire_rested":3,"item_purchase_floors":[0,0,0,0,5,5,5,5,5,5,5,5,5,21,21,21],"current_hp_per_floor":[70,70,70,73,87,87,87,87,87,53,53,41,36,16,43,36,92,80,42,31,31,31,11,4,31,31,31,31,30,14,2,29,0,0],"gold":971,"neow_bonus":"","is_daily":false,"chose_seed":false,"campfire_upgraded":2,"win_rate":0.0,"timestamp":1613089275,"path_taken":["M","M","?","?","?","R","?","R","T","E","M","E","?","E","R","BOSS","M","M","M","$","?","E","M","R","T","?","?","M","?","M","R","BOSS"],"items_purchased_type":["Relic","Card","Potion","Card","Relic","Relic","Card","Card","Card","Card","Card","Card","Potion","Relic","Relic","Card"],"build_version":"2020-12-22","purchased_purges":0,"victory":false,"max_hp_per_floor":[75,75,75,78,92,92,92,92,92,92,92,92,92,92,92,92,92,92,92,92,92,92,92,92,92,92,92,92,92,92,92,92,92,92],"card_choices":[{"not_picked":["hermit:BodyArmor","hermit:WideOpen"],"picked":"hermit:Grudge","floor":1.0},{"not_picked":["hermit:Roulette","hermit:Showdown"],"picked":"hermit:Determination","floor":2.0},{"not_picked":["ReplayTheSpireMod:Private Reserves","Enlightenment"],"picked":"ReplayTheSpireMod:Uncanny Aura","floor":3.0},{"not_picked":["hermit:Vantage","hermit:TrackingShot"],"picked":"hermit:Misfire","floor":10.0},{"not_picked":["hermit:Shortfuse","hermit:HighCaliber"],"picked":"hermit:Maintenance","floor":11.0},{"not_picked":["hermit:WideOpen","hermit:NoHoldsBarred"],"picked":"hermit:Ricochet","floor":12.0},{"not_picked":["hermit:SprayPray","hermit:Horror"],"picked":"hermit:Magnum","floor":13.0},{"not_picked":["hermit:Snipe","hermit:Vantage"],"picked":"hermit:Gestalt","floor":14.0},{"not_picked":["hermit:Vantage","hermit:CalledShot"],"picked":"hermit:Cheat","floor":15.0},{"not_picked":["hermit:Adapt","hermit:Magnum"],"picked":"hermit:OverwhelmingPower","floor":16.0},{"not_picked":["hermit:Desperado","hermit:Roulette+1"],"picked":"hermit:ShadowCloak+1","floor":18.0},{"not_picked":["hermit:Dive","hermit:BigShot"],"picked":"hermit:FlashPowder+1","floor":19.0},{"not_picked":["hermit:ItchyTrigger","hermit:Malice"],"picked":"hermit:CalledShot+1","floor":20.0},{"not_picked":["hermit:TrackingShot","hermit:Coalescence"],"picked":"hermit:Virtue+1","floor":23.0},{"not_picked":["hermit:LoneWolf","hermit:Midnight"],"picked":"hermit:Desperado+1","floor":24.0},{"not_picked":["hermit:TakeCover","hermit:Desperado"],"picked":"hermit:FromBeyond","floor":25.0},{"not_picked":["hermit:Glare","hermit:NoHoldsBarred"],"picked":"hermit:Feint+1","floor":29.0},{"not_picked":["hermit:Shortfuse","hermit:WideOpen"],"picked":"hermit:Deadeye+1","floor":31},{"not_picked":["hermit:LowProfile","hermit:HoleUp+1"],"picked":"hermit:Gestalt+1","floor":32}],"player_experience":1357211,"relics_obtained":[{"floor":7.0,"key":"Replay:Mystery Machine"},{"floor":10.0,"key":"hubris:Reverence"},{"floor":12.0,"key":"hermit:RedScarf"},{"floor":14.0,"key":"Dream Catcher"},{"floor":17.0,"key":"Juzu Bracelet"},{"floor":17.0,"key":"Onion Ring"},{"floor":17.0,"key":"hubris:MedicalManual"},{"floor":23.0,"key":"Centennial Puzzle"},{"floor":26.0,"key":"trackpad:BottledTsunami"},{"floor":30.0,"key":"Necronomicon"}],"event_choices":[{"damage_healed":0.0,"max_hp_gain":0.0,"max_hp_loss":0.0,"gold_gain":1.0,"event_name":"betterStone:BetterStone","player_choice":"1","floor":3.0,"gold_loss":0.0,"damage_taken":0.0},{"cards_removed":["hermit:FlashPowder"],"damage_healed":0.0,"max_hp_gain":0.0,"max_hp_loss":0.0,"gold_gain":0.0,"event_name":"betterNote:BetterNote","player_choice":"Take \u0026 Give","floor":22.0,"gold_loss":0.0,"damage_taken":0.0,"cards_obtained":["hermit:HeroicBravado"]},{"damage_healed":0.0,"max_hp_gain":0.0,"max_hp_loss":0.0,"gold_gain":0.0,"event_name":"Beggar","player_choice":"Ignored","floor":27.0,"gold_loss":0.0,"damage_taken":0.0},{"damage_healed":0.0,"max_hp_gain":0.0,"max_hp_loss":0.0,"gold_gain":0.0,"event_name":"Cursed Tome","player_choice":"Obtained Book","floor":30.0,"gold_loss":0.0,"damage_taken":16.0}],"is_beta":false,"boss_relics":[{"not_picked":["Runic Pyramid","trackpad:Coffee"],"picked":"Calling Bell"}],"items_purged_floors":[],"is_endless":false,"potions_floor_spawned":[2,14,19,20,31],"killed_by":"hubris:MusketHawk","ascension_level":1}}