{"host":"u1pme1jhvp02dnrz","time":1613111868,"event":{"mods":["AchievementEnabler","BaseMod","Bestiary","Colored Map","Colored Powertips","Highlight Path","Minty Spire (QoL Compilation)","Random Character Button","Relic Stats"],"gold_per_floor":[116,41,116,132,132,132,167,167,244,244,270,270,302,22,22,121,121,141,101,31,31,51,81,81,91,117,142,142,168,168,181,181,286,286,305,305,305,351,374,405,405,433,511,511,511,511],"floor_reached":45,"language":"ENG","playtime":2943,"items_purged":["Defend_P","Defend_P"],"score":823,"play_id":"62bf0e44-0156-45df-b575-0dbdeceb1536","local_time":"20210212003748","is_ascension_mode":true,"campfire_choices":[{"floor":6,"key":"REST"},{"floor":10,"key":"REST"},{"floor":12,"key":"REST"},{"floor":15,"key":"REST"},{"floor":24,"key":"DIG"},{"floor":28,"key":"REST"},{"floor":32,"key":"REST"},{"floor":41,"key":"REST"},{"floor":44,"key":"REST"}],"circlet_count":0,"master_deck":["Eruption","Vigilance","CutThroughFate","JustLucky","TalkToTheHand","Wireheading","PathToVictory","Judgement","Pray","Ragnarok","Swivel","Conclude","Wallop","PathToVictory","Wireheading","Nirvana","Weave","Protect+1","EmptyBody+1","Alpha","Ghostly","Ghostly","Ghostly","Ghostly","Ghostly","SpiritShield","ThirdEye+1"],"relics":["PureWater","Bag of Preparation","Shovel","Ancient Tea Set","Thread and Needle","White Beast Statue","WingedGreaves","Singing Bowl","Omamori","Pandora\u0027s Box","Mango","Ice Cream","Toy Ornithopter","Gremlin Horn","Dead Branch","Busted Crown","Torii","Question Card","Smiling Mask","InkBottle"],"acts_visited":["Exordium","TheCity","TheBeyond"],"potions_floor_usage":[13,16,23,23,27,27,33,33,33,40,40,40,45,45],"damage_taken":[{"damage":2,"enemies":"Cultist","floor":1,"turns":4},{"damage":0,"enemies":"2 Louse","floor":4,"turns":2},{"damage":22,"enemies":"Gremlin Nob","floor":7,"turns":4},{"damage":35,"enemies":"3 Sentries","floor":11,"turns":12},{"damage":0,"enemies":"Gremlin Nob","floor":13,"turns":4},{"damage":24,"enemies":"The Guardian","floor":16,"turns":8},{"damage":23,"enemies":"2 Thieves","floor":18,"turns":3},{"damage":8,"enemies":"Chosen","floor":22,"turns":5},{"damage":0,"enemies":"Slavers","floor":23,"turns":1},{"damage":13,"enemies":"Snecko","floor":25,"turns":3},{"damage":33,"enemies":"Book of Stabbing","floor":27,"turns":8},{"damage":21,"enemies":"Gremlin Leader","floor":29,"turns":5},{"damage":17,"enemies":"Snake Plant","floor":31,"turns":5},{"damage":8,"enemies":"Champ","floor":33,"turns":9},{"damage":0,"enemies":"Orb Walker","floor":35,"turns":4},{"damage":24,"enemies":"2 Orb Walkers","floor":38,"turns":6},{"damage":43,"enemies":"Giant Head","floor":40,"turns":9},{"damage":0,"enemies":"Nemesis","floor":42,"turns":7},{"damage":56,"enemies":"Reptomancer","floor":45,"turns":2}],"seed_played":"3118315052411019623","potions_obtained":[{"floor":11,"key":"AttackPotion"},{"floor":13,"key":"Swift Potion"},{"floor":16,"key":"Swift Potion"},{"floor":18,"key":"EssenceOfSteel"},{"floor":22,"key":"Ambrosia"},{"floor":23,"key":"Energy Potion"},{"floor":25,"key":"Regen Potion"},{"floor":27,"key":"Ambrosia"},{"floor":29,"key":"Fire Potion"},{"floor":31,"key":"DistilledChaos"},{"floor":33,"key":"Dexterity Potion"},{"floor":35,"key":"Regen Potion"},{"floor":38,"key":"BottledMiracle"},{"floor":40,"key":"Energy Potion"},{"floor":42,"key":"FearPotion"}],"is_trial":false,"path_per_floor":["M","$","?","M","?","R","E","T","T","R","E","R","E","$","R","B",null,"M","$","$","?","M","E","R","M","T","E","R","E","?","M","R","B",null,"M","?","?","?","T","E","R","E","T","R","E"],"character_chosen":"WATCHER","items_purchased":["Omamori","PathToVictory","Wireheading","Nirvana"],"campfire_rested":8,"item_purchase_floors":[14,14,19,20],"current_hp_per_floor":[63,63,52,52,27,48,26,26,26,47,12,33,33,33,54,30,62,39,39,39,39,31,45,45,32,32,24,49,30,30,15,28,35,43,45,45,45,23,23,9,24,24,24,39,0,0],"gold":511,"neow_bonus":"RANDOM_COMMON_RELIC","is_daily":false,"chose_seed":false,"campfire_upgraded":0,"win_rate":0.0,"timestamp":1613111868,"path_taken":["M","?","?","?","?","R","E","?","T","R","E","R","E","$","R","BOSS","M","?","$","?","M","E","R","M","T","E","R","E","?","M","R","BOSS","M","?","?","?","?","E","R","E","T","R","E"],"items_purchased_type":["Relic","Card","Card","Card"],"build_version":"2020-12-22","purchased_purges":2,"victory":false,"max_hp_per_floor":[72,72,72,72,72,72,72,72,72,72,72,72,72,72,72,72,72,72,72,72,72,72,86,86,86,86,86,86,88,44,46,46,46,46,48,48,46,48,48,50,50,50,50,50,50,50],"relic_stats":{"Singing Bowl":10,"Gremlin Horn":[4,4],"Torii":0,"counters":[19,101],"Dead Branch":[56],"Bag of Preparation":[38],"Question Card":1,"Smiling Mask":0,"Shovel":1,"Busted Crown":8,"Pandora\u0027s Box":["Pray","Ragnarok","Swivel","Conclude","Wallop","PathToVictory"],"obtain_stats":[{"Ice Cream":24,"Singing Bowl":13,"Gremlin Horn":27,"Torii":38,"Dead Branch":29,"Thread and Needle":8,"Mango":23,"Bag of Preparation":0,"Omamori":14,"Ancient Tea Set":7,"Question Card":40,"Smiling Mask":42,"White Beast Statue":9,"Shovel":5,"Busted Crown":34,"Pandora\u0027s Box":17,"WingedGreaves":11,"PureWater":0,"Toy Ornithopter":26,"InkBottle":43},{"Ice Cream":9,"Singing Bowl":5,"Gremlin Horn":11,"Torii":16,"Dead Branch":12,"Thread and Needle":3,"Mango":9,"Bag of Preparation":0,"Omamori":5,"Ancient Tea Set":3,"Question Card":17,"Smiling Mask":18,"White Beast Statue":3,"Shovel":2,"Busted Crown":14,"Pandora\u0027s Box":6,"WingedGreaves":4,"PureWater":0,"Toy Ornithopter":10,"InkBottle":18},{"Ice Cream":43,"Singing Bowl":26,"Gremlin Horn":54,"Torii":83,"Dead Branch":59,"Thread and Needle":10,"Mango":43,"Bag of Preparation":0,"Omamori":26,"Ancient Tea Set":10,"Question Card":92,"Smiling Mask":99,"White Beast Statue":10,"Shovel":6,"Busted Crown":73,"Pandora\u0027s Box":34,"WingedGreaves":22,"PureWater":0,"Toy Ornithopter":46,"InkBottle":99}],"Toy Ornithopter":50,"InkBottle":[0]},"card_choices":[{"not_picked":["EmptyFist","DeceiveReality"],"picked":"CutThroughFate","floor":1},{"not_picked":["Evaluate","Perseverance"],"picked":"JustLucky","floor":4},{"not_picked":["Conclude","Perseverance"],"picked":"Blasphemy","floor":7},{"not_picked":["Consecrate","ClearTheMind"],"picked":"TalkToTheHand","floor":11},{"not_picked":["Collect","Perseverance"],"picked":"Wireheading","floor":13},{"not_picked":["DeusExMachina","Brilliance"],"picked":"Judgement","floor":16},{"not_picked":["Meditate","Crescendo"],"picked":"FlurryOfBlows","floor":18},{"not_picked":["Evaluate","ClearTheMind"],"picked":"Weave","floor":22},{"not_picked":["ReachHeaven","WheelKick"],"picked":"Protect+1","floor":23},{"not_picked":["InnerPeace","EmptyFist+1"],"picked":"EmptyBody+1","floor":25},{"not_picked":["Study","FlyingSleeves"],"picked":"Alpha","floor":27},{"not_picked":["Sanctity","Halt","Weave"],"picked":"Singing Bowl","floor":29},{"not_picked":["FollowUp+1","Protect","Conclude"],"picked":"Singing Bowl","floor":31},{"not_picked":["MasterReality","Judgement"],"picked":"SpiritShield","floor":33},{"not_picked":["EmptyFist+1"],"picked":"Singing Bowl","floor":35},{"not_picked":["Pray"],"picked":"Singing Bowl","floor":38},{"not_picked":["Conclude+1"],"picked":"Singing Bowl","floor":40},{"not_picked":["Ragnarok"],"picked":"ThirdEye+1","floor":42}],"player_experience":202549,"relics_obtained":[{"floor":7,"key":"Ancient Tea Set"},{"floor":8,"key":"Thread and Needle"},{"floor":9,"key":"White Beast Statue"},{"floor":11,"key":"WingedGreaves"},{"floor":13,"key":"Singing Bowl"},{"floor":23,"key":"Mango"},{"floor":24,"key":"Ice Cream"},{"floor":26,"key":"Toy Ornithopter"},{"floor":27,"key":"Gremlin Horn"},{"floor":29,"key":"Dead Branch"},{"floor":38,"key":"Torii"},{"floor":40,"key":"Question Card"},{"floor":42,"key":"Smiling Mask"},{"floor":43,"key":"InkBottle"}],"event_choices":[{"damage_healed":0,"gold_gain":75,"player_choice":"Gather Gold","damage_taken":11,"max_hp_gain":0,"max_hp_loss":0,"event_name":"World of Goop","floor":3,"gold_loss":0},{"damage_healed":0,"gold_gain":0,"player_choice":"Success","damage_taken":25,"relics_obtained":["Shovel"],"max_hp_gain":0,"max_hp_loss":0,"event_name":"Scrap Ooze","floor":5,"gold_loss":0},{"cards_removed":["Blasphemy"],"damage_healed":0,"gold_gain":0,"player_choice":"Elegance","damage_taken":0,"max_hp_gain":0,"max_hp_loss":0,"event_name":"Back to Basics","floor":21,"gold_loss":0},{"damage_healed":0,"gold_gain":0,"player_choice":"Became a Ghost","damage_taken":0,"max_hp_gain":0,"max_hp_loss":44,"event_name":"Ghosts","floor":30,"gold_loss":0,"cards_obtained":["Ghostly","Ghostly","Ghostly","Ghostly","Ghostly"]},{"cards_removed":["FlurryOfBlows"],"damage_healed":0,"gold_gain":0,"player_choice":"Removed Attack","damage_taken":0,"max_hp_gain":0,"max_hp_loss":0,"event_name":"Falling","floor":36,"gold_loss":0},{"damage_healed":0,"gold_gain":0,"player_choice":"Max HP","damage_taken":0,"max_hp_gain":0,"max_hp_loss":2,"event_name":"Winding Halls","floor":37,"gold_loss":0},{"damage_healed":0,"gold_gain":0,"player_choice":"Fight","damage_taken":0,"max_hp_gain":0,"max_hp_loss":0,"event_name":"Mysterious Sphere","floor":38,"gold_loss":0}],"is_beta":false,"boss_relics":[{"not_picked":["Runic Pyramid","SlaversCollar"],"picked":"Pandora\u0027s Box"},{"not_picked":["Philosopher\u0027s Stone","Sozu"],"picked":"Busted Crown"}],"items_purged_floors":[2,14],"is_endless":false,"potions_floor_spawned":[11,13,16,18,22,23,25,27,29,31,33,35,38,40,42],"killed_by":"Reptomancer","ascension_level":6}}