{"host":"97gqqvl04geh4ia8","time":1613091128,"event":{"mods":["BaseMod","Curses Come First","Downfall","Minty Spire (QoL Compilation)","Say the Spire","StSLib","The Servant 0.9.4","UnlockEverythingMod","[IsaacMod]ÒÔÈö¼âËþ","¡¾ÒÅÎï¿¨ÅÆ¡¿REMEMod"],"gold_per_floor":[116,116,127,140,70,99,99,129,154,174,190,190,234,234,234,332,341,368,368,136,149,26,56,56,115,197,296,334,386,311,344,344,455,473,501,501,376,394,406,406,439,450,450,475,496,496,496,542,542,542],"floor_reached":51,"language":"ZHS","playtime":2542,"items_purged":["Strike_S","Strike_S+1","Strike_S+1","KidneyShot","Defend_S+1"],"score":1360,"play_id":"f1297e6f-6080-46ed-b54f-18ef9bce5795","local_time":"20210212085208","is_ascension_mode":true,"campfire_choices":[{"data":"Hightail","floor":7,"key":"SMITH"},{"data":"Contraction","floor":12,"key":"SMITH"},{"data":"Ricochet","floor":15,"key":"SMITH"},{"data":"Luminosity","floor":24,"key":"SMITH"},{"data":"Exchange","floor":32,"key":"SMITH"},{"data":"Madness","floor":40,"key":"SMITH"},{"data":"1","floor":49,"key":"LIFT"}],"circlet_count":0,"master_deck":["Defend_S+1","Exchange+1","Ricochet+1","Contraction+1","Hightail+1","BottledTime","MurderousAura","TimeTheft","BottledTime+1","Starlight+1","TrueSight","Dilation","ReturningBlade","Rearm+1","Madness","Madness+1","SpecialFormula"],"relics":["HushsDoor","REME_ComplimentaryCards","GuppysHead","Busted Crown","MealTicket","HowToJump","CeramicFish","Smiling Mask","REME_PuzzleBoxRelic","SlaversCollar","GuppysHairball","SatanicBible","Membership Card","Medical Kit","Anchor","DeathBook","BookOfRevelations","TheBible","Bronze Scales","Orichalcum","Gremlin Horn","Empty Cage","GuppysCollar","Oddly Smooth Stone","Chaos","FossilizedHelix","Girya","KneeBrace"],"acts_visited":["Exordium","TheCity","TheBeyond"],"potions_floor_usage":[23,28,28,28],"damage_taken":[{"damage":5,"enemies":"Small Slimes","floor":1,"turns":3},{"damage":6,"enemies":"Cultist","floor":3,"turns":3},{"damage":8,"enemies":"Jaw Worm","floor":4,"turns":4},{"damage":2,"enemies":"Lagavulin","floor":6,"turns":10},{"damage":0,"enemies":"3 Sentries","floor":8,"turns":2},{"damage":0,"enemies":"Exordium Wildlife","floor":10,"turns":4},{"damage":0,"enemies":"3 Louse","floor":11,"turns":5},{"damage":0,"enemies":"Lagavulin","floor":13,"turns":9},{"damage":3,"enemies":"Slime Boss","floor":16,"turns":11},{"damage":0,"enemies":"Spheric Guardian","floor":18,"turns":4},{"damage":0,"enemies":"3 Byrds","floor":21,"turns":4},{"damage":0,"enemies":"Book of Stabbing","floor":23,"turns":4},{"damage":0,"enemies":"Hiden Room Battle","floor":25,"turns":3},{"damage":0,"enemies":"REME_1_Revenger","floor":28,"turns":2},{"damage":0,"enemies":"Book of Stabbing","floor":31,"turns":3},{"damage":0,"enemies":"Collector","floor":33,"turns":10},{"damage":0,"enemies":"3 Shapes","floor":35,"turns":3},{"damage":0,"enemies":"Orb Walker","floor":39,"turns":2},{"damage":0,"enemies":"Nemesis","floor":41,"turns":3},{"damage":0,"enemies":"Jaw Worm Horde","floor":42,"turns":1},{"damage":0,"enemies":"Reptomancer","floor":44,"turns":3},{"damage":0,"enemies":"Maw","floor":45,"turns":3},{"damage":0,"enemies":"2 Orb Walkers","floor":48,"turns":2},{"damage":0,"enemies":"Time Eater","floor":50,"turns":5}],"seed_played":"4377890940175322607","potions_obtained":[{"floor":1,"key":"SkillPotion"},{"floor":8,"key":"GamblersBrew"},{"floor":11,"key":"DistilledChaos"},{"floor":25,"key":"Block Potion"},{"floor":28,"key":"SteroidPotion"},{"floor":42,"key":"ColorlessPotion"},{"floor":48,"key":"Dexterity Potion"}],"is_trial":false,"path_per_floor":["M","?","M","M","$","E","R","E","T","M","M","R","E","?","R","B",null,"M","?","$","M","$","E","R","?","T","?","E","T","?","E","R","B",null,"M","?","$","?","M","R","E","M","T","E","M","?","?","?","R","B",null],"character_chosen":"THE_SERVANT","items_purchased":["Contraction","GuppysHairball","SatanicBible","MurderousAura","Membership Card","Luminosity","Medical Kit","Dilation","GuppysCollar","ReturningBlade","Oddly Smooth Stone"],"campfire_rested":0,"item_purchase_floors":[5,17,17,17,20,20,22,34,34,34,37],"current_hp_per_floor":[60,65,59,51,51,49,49,49,49,49,49,49,49,42,42,39,41,41,41,41,41,41,41,41,26,26,26,26,26,26,26,26,36,15,15,15,15,13,13,13,13,13,13,13,13,13,15,15,15,15],"gold":542,"neow_bonus":"BOSS_RELIC","is_daily":false,"chose_seed":false,"campfire_upgraded":6,"win_rate":0.0,"timestamp":1613091128,"path_taken":["M","?","M","M","?","E","R","E","T","?","M","R","E","?","R","BOSS","M","?","$","M","?","E","R","?","T","?","E","?","?","E","R","BOSS","M","?","$","?","M","R","E","M","T","E","M","?","?","?","R","BOSS"],"items_purchased_type":["Card","Relic","Relic","Card","Relic","Card","Relic","Card","Relic","Card","Relic"],"build_version":"2020-12-22","purchased_purges":5,"victory":true,"max_hp_per_floor":[65,70,70,70,70,70,70,70,70,70,70,70,70,70,70,70,41,41,41,41,41,41,41,41,41,41,41,41,41,41,41,41,41,15,15,15,15,15,15,15,15,15,15,15,15,15,15,15,15,15],"card_choices":[{"not_picked":[],"picked":"Bomb","floor":0},{"not_picked":[],"picked":"Ricochet","floor":1},{"not_picked":["Replace"],"picked":"SKIP","floor":3},{"not_picked":["BestPractice"],"picked":"SKIP","floor":4},{"not_picked":[],"picked":"Hightail","floor":6},{"not_picked":["DualDimension"],"picked":"SKIP","floor":8},{"not_picked":["BestPractice"],"picked":"SKIP","floor":10},{"not_picked":["ReturningBlade"],"picked":"SKIP","floor":11},{"not_picked":[],"picked":"BottledTime","floor":13},{"not_picked":[],"picked":"TimeTheft","floor":18},{"not_picked":["RealityMarble"],"picked":"SKIP","floor":21},{"not_picked":["ShatteredReality","FloweringNight"],"picked":"SKIP","floor":23},{"not_picked":[],"picked":"BottledTime+1","floor":25},{"not_picked":[],"picked":"Starlight+1","floor":28},{"not_picked":["ReturningBlade"],"picked":"SKIP","floor":31},{"not_picked":[],"picked":"TrueSight","floor":33},{"not_picked":[],"picked":"Rearm+1","floor":35},{"not_picked":["Barrier"],"picked":"SKIP","floor":39},{"not_picked":["Desolation"],"picked":"SKIP","floor":41},{"not_picked":["BottledTime"],"picked":"SKIP","floor":42},{"not_picked":["Unruled"],"picked":"SKIP","floor":44},{"not_picked":[],"picked":"SpecialFormula","floor":45}],"player_experience":111768,"relics_obtained":[{"floor":6,"key":"MealTicket"},{"floor":8,"key":"HowToJump"},{"floor":9,"key":"CeramicFish"},{"floor":13,"key":"Smiling Mask"},{"floor":23,"key":"Anchor"},{"floor":25,"key":"DeathBook"},{"floor":25,"key":"BookOfRevelations"},{"floor":26,"key":"TheBible"},{"floor":28,"key":"Bronze Scales"},{"floor":29,"key":"Orichalcum"},{"floor":31,"key":"Gremlin Horn"},{"floor":41,"key":"Chaos"},{"floor":43,"key":"FossilizedHelix"},{"floor":44,"key":"Girya"},{"floor":48,"key":"KneeBrace"}],"event_choices":[{"damage_healed":0,"gold_gain":0,"player_choice":"Donut","damage_taken":0,"max_hp_gain":5,"max_hp_loss":0,"event_name":"Big Fish","floor":2,"gold_loss":0},{"damage_healed":0,"gold_gain":0,"player_choice":"Success","damage_taken":7,"relics_obtained":["REME_PuzzleBoxRelic"],"max_hp_gain":0,"max_hp_loss":0,"event_name":"Scrap Ooze","floor":14,"gold_loss":0},{"damage_healed":0,"gold_gain":0,"player_choice":"Simplicity","damage_taken":0,"max_hp_gain":0,"max_hp_loss":0,"event_name":"Back to Basics","floor":19,"gold_loss":0,"cards_upgraded":["Strike_S","Strike_S","Strike_S","Defend_S","Defend_S","Defend_S","Defend_S"]},{"damage_healed":0,"gold_gain":0,"player_choice":"Fight","damage_taken":0,"max_hp_gain":0,"max_hp_loss":0,"event_name":"HidenRoomEvent","floor":25,"gold_loss":0},{"damage_healed":0,"gold_gain":99,"player_choice":"Stole From Cult","damage_taken":0,"max_hp_gain":0,"max_hp_loss":0,"event_name":"Nest","floor":27,"gold_loss":0},{"cards_removed":["Strike_S"],"damage_healed":0,"gold_gain":0,"player_choice":"Gave Gold","damage_taken":0,"max_hp_gain":0,"max_hp_loss":0,"event_name":"Beggar","floor":30,"gold_loss":75},{"damage_healed":0,"gold_gain":0,"player_choice":"Embrace Madness","damage_taken":2,"max_hp_gain":0,"max_hp_loss":0,"event_name":"Winding Halls","floor":38,"gold_loss":0,"cards_obtained":["Madness","Madness"]},{"cards_removed":["Luminosity"],"damage_healed":0,"gold_gain":0,"player_choice":"Removed Power","damage_taken":0,"max_hp_gain":0,"max_hp_loss":0,"event_name":"Falling","floor":46,"gold_loss":0},{"cards_removed":["BestPractice"],"damage_healed":2,"gold_gain":0,"player_choice":"Offered Uncommon","damage_taken":0,"max_hp_gain":0,"max_hp_loss":0,"event_name":"Bonfire Elementals","floor":47,"gold_loss":0},{"damage_healed":0,"gold_gain":0,"player_choice":"Fight","damage_taken":0,"max_hp_gain":0,"max_hp_loss":0,"event_name":"Mysterious Sphere","floor":48,"gold_loss":0}],"is_beta":false,"boss_relics":[{"not_picked":["bronze:MakeshiftBattery","Pandora\u0027s Box"],"picked":"SlaversCollar"},{"not_picked":[]},{"not_picked":["Calling Bell","SacredBark"],"picked":"Empty Cage"},{"not_picked":[]}],"items_purged_floors":[17,20,22,34,37],"is_endless":false,"potions_floor_spawned":[1,8,11,13,16,25,28,42,48],"ascension_level":3}}