{"host":"u8f6oqzdc7r6igag","time":1613158242,"event":{"mods":["BaseMod","Minty Spire (QoL Compilation)","Relic Stats"],"gold_per_floor":[113,131,141,216,233,233,263,275,313,325,325],"floor_reached":10,"language":"ENG","playtime":319,"items_purged":[],"score":92,"play_id":"587a83e9-5fe6-4a50-a4a9-45e92989a5c2","local_time":"20210212133042","is_ascension_mode":true,"campfire_choices":[{"data":"True Grit","floor":6,"key":"SMITH"},{"data":"Thunderclap","floor":8,"key":"SMITH"}],"circlet_count":0,"master_deck":["Strike_R","Strike_R","Strike_R","Strike_R","Strike_R","Defend_R","Defend_R","Defend_R","Defend_R","Bash","Clothesline","Thunderclap+1","True Grit+1"],"relics":["Philosopher\u0027s Stone","MawBank","Regal Pillow"],"acts_visited":["Exordium"],"potions_floor_usage":[5,7,10],"damage_taken":[{"damage":8.0,"enemies":"Small Slimes","floor":1.0,"turns":3.0},{"damage":8.0,"enemies":"Jaw Worm","floor":2.0,"turns":2.0},{"damage":6,"enemies":"2 Louse","floor":3,"turns":3},{"damage":5,"enemies":"Blue Slaver","floor":5,"turns":2},{"damage":6,"enemies":"Lagavulin","floor":7,"turns":4},{"damage":36,"enemies":"3 Sentries","floor":10,"turns":4}],"seed_played":"-2284090092025518247","potions_obtained":[{"floor":2.0,"key":"DistilledChaos"},{"floor":3,"key":"SneckoOil"},{"floor":7,"key":"GamblersBrew"}],"is_trial":false,"path_per_floor":["M","M","M","?","M","R","E","R","T","E"],"character_chosen":"IRONCLAD","items_purchased":[],"campfire_rested":0,"item_purchase_floors":[],"current_hp_per_floor":[64,56,50,39,34,34,28,28,28,0,0],"gold":325,"neow_bonus":"BOSS_RELIC","is_daily":false,"chose_seed":false,"campfire_upgraded":2,"win_rate":0.0,"timestamp":1613158242,"path_taken":["M","M","M","?","M","R","E","R","T","E"],"items_purchased_type":[],"build_version":"2020-12-22","purchased_purges":0,"victory":false,"max_hp_per_floor":[80,80,80,80,80,80,80,80,80,80,80],"relic_stats":{"Regal Pillow":0,"counters":[6,18],"MawBank":36,"obtain_stats":[{"Regal Pillow":9,"Philosopher\u0027s Stone":0,"MawBank":7,"Burning Blood":0},{"Regal Pillow":5,"Philosopher\u0027s Stone":0,"MawBank":5,"Burning Blood":0},{"Regal Pillow":14,"Philosopher\u0027s Stone":0,"MawBank":14,"Burning Blood":0}]},"card_choices":[{"not_picked":["Sword Boomerang","Sentinel"],"picked":"Clothesline","floor":1.0},{"not_picked":["Hemokinesis","Perfected Strike"],"picked":"Thunderclap","floor":2.0},{"not_picked":["Iron Wave","Thunderclap"],"picked":"True Grit","floor":3},{"not_picked":["Warcry","Body Slam","Headbutt"],"picked":"SKIP","floor":5},{"not_picked":["Clothesline","Warcry","Rampage"],"picked":"SKIP","floor":7}],"player_experience":173122,"relics_obtained":[{"floor":7,"key":"MawBank"},{"floor":9,"key":"Regal Pillow"}],"event_choices":[{"damage_healed":0,"gold_gain":75,"player_choice":"Gather Gold","damage_taken":11,"max_hp_gain":0,"max_hp_loss":0,"event_name":"World of Goop","floor":4,"gold_loss":0}],"is_beta":false,"boss_relics":[],"items_purged_floors":[],"is_endless":false,"potions_floor_spawned":[2,3,7],"killed_by":"3 Sentries","ascension_level":7}}