{"host":"4kmvpqjeiacgn1pr","time":1613172800,"event":{"mods":["A Penny For Your Troubles","AchievementEnabler","AlwaysNeverKeys","Aspiration","BaseMod","Bestiary","Better Altar","Better Match","Better Note","Better Sensory Stone","Better Skull","Better Third Choice","Better Vampires","BetterRewards","Colored Map","Colored Powertips","Conspire","Curses Come First","Downfall","Halation","Highlight Path","Infinite Spire","Minty Spire (QoL Compilation)","Permanent Neow","Quick Restart","Rare Cards Sparkle","Relic Sorter","Relic Stats","Replay The Spire","Reworked Bosses","Shop Mod","Smile Girya","Spicy Shops","Spikes Relics","StSLib","Waifu the Spire"],"gold_per_floor":[113,288,300,312,312,312,351,351,351,351],"floor_reached":9,"language":"ENG","playtime":341,"items_purged":[],"score":77,"play_id":"a257e6b3-abae-48f5-b539-e2c7fc6cf07f","local_time":"20210212183320","is_ascension_mode":true,"campfire_choices":[],"circlet_count":0,"master_deck":["AscendersBane","Strike_G","Strike_G","Strike_G","Strike_G","Strike_G","Defend_G","Defend_G","Defend_G","Defend_G","Defend_G","Survivor","Neutralize","Footwork","Doubt","Bane","infinitespire:Neurotoxin","Hidden Blade"],"relics":["Ring of the Snake","halation:LettersToHer","Art of War"],"acts_visited":["Exordium"],"potions_floor_usage":[7],"damage_taken":[{"damage":0.0,"enemies":"Small Slimes","floor":1.0,"turns":4.0},{"damage":3.0,"enemies":"Jaw Worm","floor":3.0,"turns":7.0},{"damage":3.0,"enemies":"Cultist","floor":4.0,"turns":5.0},{"damage":32,"enemies":"conspire:MimicChest","floor":7,"turns":11},{"damage":22,"enemies":"3 Sentries","floor":9,"turns":3}],"seed_played":"6028181698388446683","potions_obtained":[{"floor":3.0,"key":"Swift Potion"}],"is_trial":false,"path_per_floor":["M","?","M","M","PTL","PTL","?","R","E"],"character_chosen":"THE_SILENT","items_purchased":[],"campfire_rested":0,"item_purchase_floors":[],"current_hp_per_floor":[63,63,60,57,57,57,25,25,3,3],"gold":351,"neow_bonus":"RANDOM_COMMON_RELIC","is_daily":false,"chose_seed":false,"campfire_upgraded":0,"win_rate":0.0,"timestamp":1613172800,"path_taken":["M","?","M","M","PTL","PTL","?","R","E"],"items_purchased_type":[],"build_version":"2020-12-22","purchased_purges":0,"victory":false,"max_hp_per_floor":[70,70,70,70,70,70,70,70,70,70],"relic_stats":{"counters":[5,30],"Art of War":[0],"obtain_stats":[{"Art of War":7,"halation:LettersToHer":0,"Ring of the Snake":0},{"Art of War":4,"halation:LettersToHer":0,"Ring of the Snake":0},{"Art of War":27,"halation:LettersToHer":0,"Ring of the Snake":0}],"Ring of the Snake":[10]},"card_choices":[{"not_picked":["PiercingWail","Sucker Punch"],"picked":"Footwork","floor":1.0},{"not_picked":["Dash","Blur"],"picked":"Bane","floor":3.0},{"not_picked":["Blade Dance","Fluid Movement"],"picked":"infinitespire:Neurotoxin","floor":4.0},{"not_picked":["ReplayTheSpireMod:The Works","Sucker Punch"],"picked":"Hidden Blade","floor":7}],"player_experience":474290,"relics_obtained":[{"floor":7,"key":"Art of War"}],"event_choices":[{"damage_healed":0.0,"max_hp_gain":0.0,"max_hp_loss":0.0,"gold_gain":175.0,"event_name":"betterThird:BetterSerpent","player_choice":"AGREE","floor":2.0,"gold_loss":0.0,"damage_taken":113.0}],"is_beta":false,"boss_relics":[],"items_purged_floors":[],"is_endless":false,"potions_floor_spawned":[3],"killed_by":"3 Sentries","ascension_level":10}}