{"host":"52lujqhsyicpcskq","time":1613111574,"event":{"mods":["BaseMod","Colored Map","DeckTracker","Minty Spire (QoL Compilation)","Permanent Neow","StSLib","SuperFastMode","everything is the same but u backflip on backflip"],"gold_per_floor":[11,30,49,62,62,90,90,90,90],"floor_reached":8,"language":"KOR","playtime":278,"items_purged":[],"score":99,"play_id":"5bd80c20-43fc-4a15-94c4-613d8b460040","local_time":"20210212153254","is_ascension_mode":true,"campfire_choices":[{"floor":7,"key":"REST"}],"circlet_count":0,"master_deck":["AscendersBane","Strike_B","Strike_B","Strike_B","Strike_B","Defend_B","Defend_B","Defend_B","Defend_B","Zap","Dualcast","All For One","Leap","Streamline","Gash","Genetic Algorithm","Buffer"],"relics":["Cracked Core","Incense Burner"],"acts_visited":["Exordium"],"potions_floor_usage":[5,6],"damage_taken":[{"damage":9,"enemies":"Jaw Worm","floor":1,"turns":3},{"damage":7,"enemies":"Small Slimes","floor":2,"turns":3},{"damage":8,"enemies":"2 Louse","floor":3,"turns":2},{"damage":11,"enemies":"Exordium Wildlife","floor":4,"turns":5},{"damage":0,"enemies":"Exordium Thugs","floor":5,"turns":1},{"damage":13,"enemies":"Gremlin Nob","floor":6,"turns":4},{"damage":28,"enemies":"3 Sentries","floor":8,"turns":4}],"seed_played":"76285375630441655","potions_obtained":[{"floor":1,"key":"Block Potion"},{"floor":2,"key":"SmokeBomb"},{"floor":6,"key":"FocusPotion"}],"is_trial":false,"path_per_floor":["M","M","M","M","M","E","R","E"],"character_chosen":"DEFECT","items_purchased":[],"campfire_rested":1,"item_purchase_floors":[],"current_hp_per_floor":[59,52,44,33,33,20,42,14,14],"gold":90,"neow_bonus":"THREE_RARE_CARDS","is_daily":false,"chose_seed":false,"campfire_upgraded":0,"win_rate":0.0,"timestamp":1613111574,"path_taken":["M","M","M","M","M","E","R","E"],"items_purchased_type":[],"build_version":"2020-12-22","purchased_purges":0,"victory":false,"max_hp_per_floor":[75,75,75,75,75,75,75,75,75],"card_choices":[{"not_picked":["Thunder Strike","Hyperbeam"],"picked":"All For One","floor":0},{"not_picked":["Storm","Consume"],"picked":"Leap","floor":1},{"not_picked":["Ball Lightning","Coolheaded"],"picked":"Streamline","floor":2},{"not_picked":["Thunder Strike","Recycle"],"picked":"Gash","floor":3},{"not_picked":["Go for the Eyes","Auto Shields"],"picked":"Genetic Algorithm","floor":4},{"not_picked":["Hologram","All For One"],"picked":"Buffer","floor":6}],"player_experience":790729,"relics_obtained":[{"floor":6,"key":"Incense Burner"}],"event_choices":[],"is_beta":false,"boss_relics":[],"items_purged_floors":[],"is_endless":false,"potions_floor_spawned":[1,2,6],"killed_by":"3 Sentries","ascension_level":13}}