{"host":"md0dejzd6k70gl1f","time":1613149740,"event":{"mods":["BaseMod","Bestiary","Minty Spire (QoL Compilation)","Quick Restart"],"gold_per_floor":[112,39,39,139,159,190,35,46,99,130,130,143,143,155,155,255,255,267,128,128,140,155,155,182,207,207,207,207,207,222,73,73,174,174,191,15,26,26,372,372,406,406,453,485,534,97,97,77,77,77,77,77,27,62,62,62],"floor_reached":55,"language":"ENG","playtime":3629,"items_purged":["Strike_B","Strike_B","Strike_B+1","Zap"],"score":1144,"play_id":"c7c7a83d-2813-48af-a720-970279be9325","local_time":"20210212180900","is_ascension_mode":true,"campfire_choices":[{"data":"Defragment","floor":11.0,"key":"SMITH"},{"data":"Storm","floor":13.0,"key":"SMITH"},{"floor":15.0,"key":"REST"},{"data":"Static Discharge","floor":23.0,"key":"SMITH"},{"floor":27.0,"key":"REST"},{"data":"Storm","floor":29.0,"key":"SMITH"},{"floor":32.0,"key":"REST"},{"data":"Mayhem","floor":40.0,"key":"SMITH"},{"data":"Thunder Strike","floor":47.0,"key":"SMITH"},{"floor":49.0,"key":"RECALL"},{"data":"Static Discharge","floor":52.0,"key":"SMITH"}],"circlet_count":0,"master_deck":["AscendersBane","Defend_B+1","Defend_B+1","Defend_B+1","Defend_B+1","Dualcast+1","Go for the Eyes","Defragment+1","Static Discharge+1","Storm+1","Consume+1","Conserve Battery","Static Discharge+1","Thunder Strike+1","Storm+1","Seek","Leap","Undo","Steam","Echo Form","Mayhem+1","Go for the Eyes+1","Hologram+1","Defragment+1"],"relics":["Cracked Core","NeowsBlessing","Omamori","Anchor","Pear","Busted Crown","War Paint","Red Mask","Bag of Preparation","Nilry\u0027s Codex","SacredBark","Old Coin","HornCleat","InkBottle","Art of War","Turnip","Gremlin Horn"],"acts_visited":["Exordium","TheCity","TheBeyond","TheEnding"],"potions_floor_usage":[55,55],"damage_taken":[{"damage":0.0,"enemies":"2 Louse","floor":1.0,"turns":1.0},{"damage":0.0,"enemies":"Small Slimes","floor":5.0,"turns":1.0},{"damage":0.0,"enemies":"3 Sentries","floor":6.0,"turns":1.0},{"damage":8.0,"enemies":"Cultist","floor":8.0,"turns":3.0},{"damage":28.0,"enemies":"Gremlin Nob","floor":10.0,"turns":4.0},{"damage":8.0,"enemies":"Red Slaver","floor":12.0,"turns":3.0},{"damage":4.0,"enemies":"Blue Slaver","floor":14.0,"turns":3.0},{"damage":44.0,"enemies":"The Guardian","floor":16.0,"turns":9.0},{"damage":2.0,"enemies":"Shell Parasite","floor":18.0,"turns":5.0},{"damage":14.0,"enemies":"3 Byrds","floor":21.0,"turns":2.0},{"damage":5.0,"enemies":"Centurion and Healer","floor":22.0,"turns":3.0},{"damage":22.0,"enemies":"Book of Stabbing","floor":24.0,"turns":4.0},{"damage":14.0,"enemies":"Masked Bandits","floor":25.0,"turns":2.0},{"damage":5.0,"enemies":"Snecko","floor":30.0,"turns":3.0},{"damage":20.0,"enemies":"Champ","floor":33.0,"turns":7.0},{"damage":0.0,"enemies":"Orb Walker","floor":35.0,"turns":3.0},{"damage":20.0,"enemies":"3 Darklings","floor":37.0,"turns":3.0},{"damage":0.0,"enemies":"2 Orb Walkers","floor":39.0,"turns":2.0},{"damage":31.0,"enemies":"Nemesis","floor":41.0,"turns":7.0},{"damage":9.0,"enemies":"Giant Head","floor":44.0,"turns":6.0},{"damage":53.0,"enemies":"Time Eater","floor":50.0,"turns":8.0},{"damage":37.0,"enemies":"Shield and Spear","floor":54.0,"turns":4.0},{"damage":30,"enemies":"The Heart","floor":55,"turns":3}],"seed_played":"-1481148887152757539","potions_obtained":[{"floor":8.0,"key":"FearPotion"},{"floor":12.0,"key":"EntropicBrew"},{"floor":14.0,"key":"GamblersBrew"},{"floor":24.0,"key":"Block Potion"},{"floor":25.0,"key":"SkillPotion"},{"floor":30.0,"key":"FocusPotion"},{"floor":33.0,"key":"PowerPotion"},{"floor":44.0,"key":"Weak Potion"}],"is_trial":false,"path_per_floor":["M","$","?","?","M","E","$","M","T","E","R","M","R","M","R","B",null,"M","$","?","M","M","R","E","?","T","R","?","R","M","$","R","B",null,"M","$","M","?","?","R","E","?","T","E","T","$","R","?","R","B",null,"R","$","E","B"],"character_chosen":"DEFECT","items_purchased":["Defragment","Consume","Storm","Steam","Mayhem","Turnip","Dexterity Potion"],"campfire_rested":3,"item_purchase_floors":[2,7,19,31,36,46,53],"current_hp_per_floor":[68,68,61,61,61,61,61,53,53,35,35,27,27,23,48,4,65,63,63,63,49,44,44,22,8,8,33,17,17,12,12,37,17,68,68,68,48,48,48,48,17,81,81,72,72,72,72,72,72,19,66,66,66,29,0,0],"gold":62,"neow_bonus":"THREE_ENEMY_KILL","is_daily":false,"chose_seed":false,"campfire_upgraded":7,"win_rate":0.0,"timestamp":1613149740,"path_taken":["M","$","?","?","?","E","?","M","T","E","R","M","R","M","R","BOSS","M","$","?","M","M","R","E","?","T","R","?","R","M","?","R","BOSS","M","$","M","?","?","R","E","?","T","E","?","$","R","?","R","BOSS","R","$","E","BOSS"],"items_purchased_type":["Card","Card","Card","Card","Card","Relic","Potion"],"build_version":"2020-12-22","purchased_purges":4,"victory":false,"max_hp_per_floor":[75,75,75,75,75,75,75,75,75,85,85,85,85,85,85,85,85,85,85,85,85,85,85,85,85,85,85,85,85,85,85,85,85,85,85,85,85,81,81,81,81,81,81,81,81,81,81,81,81,81,81,81,81,81,81,81],"card_choices":[{"not_picked":["Coolheaded","Hologram"],"picked":"Go for the Eyes","floor":1.0},{"not_picked":["Steam Power","Undo"],"picked":"Static Discharge","floor":5.0},{"not_picked":["Fusion","Stack"],"picked":"Storm","floor":6.0},{"not_picked":["Stack","Redo","Chaos"],"picked":"SKIP","floor":8.0},{"not_picked":["Barrage","Redo"],"picked":"Conserve Battery","floor":10.0},{"not_picked":["Fusion","Sunder","Reprogram"],"picked":"SKIP","floor":12.0},{"not_picked":["Coolheaded","Steam"],"picked":"Static Discharge","floor":14.0},{"not_picked":["Machine Learning","Seek"],"picked":"Thunder Strike","floor":16.0},{"not_picked":["Beam Cell"],"picked":"SKIP","floor":18.0},{"not_picked":["Cold Snap"],"picked":"SKIP","floor":21.0},{"not_picked":["Recycle"],"picked":"SKIP","floor":22.0},{"not_picked":[],"picked":"Seek","floor":24.0},{"not_picked":[],"picked":"Leap","floor":25.0},{"not_picked":[],"picked":"Undo","floor":30.0},{"not_picked":[],"picked":"Echo Form","floor":33.0},{"not_picked":["Chaos"],"picked":"SKIP","floor":35.0},{"not_picked":[],"picked":"Go for the Eyes+1","floor":37.0},{"not_picked":["Compile Driver+1"],"picked":"SKIP","floor":41.0},{"not_picked":[],"picked":"Hologram+1","floor":44.0},{"not_picked":[],"picked":"Defragment+1","floor":54.0}],"player_experience":503180,"relics_obtained":[{"floor":6.0,"key":"Omamori"},{"floor":9.0,"key":"Anchor"},{"floor":10.0,"key":"Pear"},{"floor":24.0,"key":"War Paint"},{"floor":25.0,"key":"Red Mask"},{"floor":26.0,"key":"Bag of Preparation"},{"floor":28.0,"key":"Nilry\u0027s Codex"},{"floor":39.0,"key":"Old Coin"},{"floor":41.0,"key":"HornCleat"},{"floor":44.0,"key":"InkBottle"},{"floor":45.0,"key":"Art of War"},{"floor":54.0,"key":"Gremlin Horn"}],"event_choices":[{"cards_removed":["Strike_B"],"damage_healed":0.0,"max_hp_gain":0.0,"max_hp_loss":0.0,"gold_gain":0.0,"event_name":"Golden Wing","player_choice":"Card Removal","floor":3.0,"gold_loss":0.0,"damage_taken":7.0},{"damage_healed":0.0,"max_hp_gain":0.0,"max_hp_loss":0.0,"gold_gain":100.0,"event_name":"Golden Shrine","player_choice":"Pray","floor":4.0,"gold_loss":0.0,"damage_taken":0.0},{"damage_healed":0.0,"max_hp_gain":0.0,"max_hp_loss":0.0,"gold_gain":0.0,"event_name":"Back to Basics","player_choice":"Simplicity","floor":20.0,"gold_loss":0.0,"damage_taken":0.0,"cards_upgraded":["Strike_B","Defend_B","Defend_B","Defend_B","Defend_B"]},{"damage_healed":0.0,"max_hp_gain":0.0,"max_hp_loss":0.0,"gold_gain":0.0,"event_name":"Masked Bandits","player_choice":"Fought Bandits","floor":25.0,"gold_loss":0.0,"damage_taken":0.0},{"damage_healed":0.0,"max_hp_gain":0.0,"max_hp_loss":0.0,"gold_gain":0.0,"event_name":"Cursed Tome","player_choice":"Obtained Book","floor":28.0,"gold_loss":0.0,"damage_taken":16.0},{"damage_healed":0.0,"max_hp_gain":0.0,"max_hp_loss":4.0,"gold_gain":0.0,"event_name":"Winding Halls","player_choice":"Max HP","floor":38.0,"gold_loss":0.0,"damage_taken":0.0},{"damage_healed":0.0,"max_hp_gain":0.0,"max_hp_loss":0.0,"gold_gain":0.0,"event_name":"Mysterious Sphere","player_choice":"Fight","floor":39.0,"gold_loss":0.0,"damage_taken":0.0},{"damage_healed":64.0,"max_hp_gain":0.0,"max_hp_loss":0.0,"gold_gain":0.0,"event_name":"MindBloom","player_choice":"Heal","floor":42.0,"gold_loss":0.0,"damage_taken":0.0,"cards_obtained":["Doubt"]},{"damage_healed":0.0,"max_hp_gain":0.0,"max_hp_loss":0.0,"gold_gain":0.0,"event_name":"The Woman in Blue","player_choice":"Bought 1 Potion","floor":48.0,"gold_loss":0.0,"damage_taken":0.0}],"is_beta":false,"boss_relics":[{"not_picked":["SlaversCollar","Fusion Hammer"],"picked":"Busted Crown"},{"not_picked":["Runic Dome","Philosopher\u0027s Stone"],"picked":"SacredBark"}],"items_purged_floors":[7,19,31,46],"is_endless":false,"potions_floor_spawned":[8,12,14,24,25,30,33,44],"killed_by":"The Heart","ascension_level":11}}