{"host":"d61fcf2p3sjwe6yo","time":1613131925,"event":{"mods":["Act Like it!","BaseMod","Colored Map","Hallownest","Minty Spire (QoL Compilation)","StSLib","SuperFastMode","The Bug Knight"],"gold_per_floor":[113,113,113,113,132,132,167,167,167,97,109,138,63,63,63,63,63],"floor_reached":16,"language":"ENG","playtime":868,"items_purged":["HollowMod:QuickDashStart"],"score":192,"play_id":"56228b86-3ea6-4387-9c8b-678fd8e51be2","local_time":"20210212151205","is_ascension_mode":true,"campfire_choices":[{"data":"HollowMod:DoubleDash","floor":6,"key":"SMITH"},{"data":"HollowMod:PogoStrike","floor":8,"key":"SMITH"},{"data":"HollowMod:QuickDashStart","floor":15,"key":"SMITH"}],"circlet_count":0,"master_deck":["AscendersBane","HollowMod:NailStrikeStart","HollowMod:NailStrikeStart","HollowMod:NailStrikeStart","HollowMod:QuickDashStart+1","HollowMod:FocusHealStart","HollowMod:PogoStrike+1","HollowMod:DoubleDash+1"],"relics":["HollowMod:VesselMask","Oddly Smooth Stone","Meat on the Bone","Hallownest:StagBellRelic1","Turnip","Hallownest:DreamNailRelic"],"acts_visited":["Hallownest:Greenpath"],"potions_floor_usage":[12,12,16],"damage_taken":[{"damage":13,"enemies":"Hallownest:2_Tiktiks_and_1_Crawlid","floor":1,"turns":5},{"damage":2,"enemies":"2_ Uuma","floor":5,"turns":7},{"damage":34,"enemies":"Hallownest:eliteCrystalGuardian","floor":7,"turns":7},{"damage":0,"enemies":"Hallownest:monsterHuskGuard","floor":11,"turns":3},{"damage":15,"enemies":"Hallownest:eliteMossKnight","floor":12,"turns":21},{"damage":50,"enemies":"Hallownest:BossBrokenVessel","floor":16,"turns":16}],"seed_played":"5505920081024417586","potions_obtained":[{"floor":11,"key":"EntropicBrew"},{"floor":12,"key":"Regen Potion"}],"is_trial":false,"path_per_floor":["M","?","?","?","M","R","E","R","T","?","M","E","$","?","R","B"],"character_chosen":"THE_BUGKNIGHT","items_purchased":[],"campfire_rested":0,"item_purchase_floors":[],"current_hp_per_floor":[61,61,61,61,68,68,43,43,43,43,43,46,46,46,46,11,11],"gold":63,"neow_bonus":"REMOVE_TWO","is_daily":false,"chose_seed":false,"campfire_upgraded":3,"win_rate":0.0,"timestamp":1613131925,"path_taken":["M","?","?","?","M","R","E","R","T","?","M","E","$","?","R","BOSS"],"items_purchased_type":[],"build_version":"2020-12-22","purchased_purges":1,"victory":false,"max_hp_per_floor":[68,68,68,68,68,68,68,68,68,68,68,68,68,68,68,68,68],"card_choices":[{"not_picked":["HollowMod:ChannelNail","HollowMod:SiblingsSouls"],"picked":"HollowMod:DoubleDash","floor":1},{"not_picked":["HollowMod:NewLittleFool","HollowMod:SharpenedShadows","HollowMod:InfectedAttack"],"picked":"SKIP","floor":5},{"not_picked":["HollowMod:Grubsong","HollowMod:WraithStrike","HollowMod:LifebloodCocoon"],"picked":"SKIP","floor":7},{"not_picked":["HollowMod:LifebloodCocoon","HollowMod:VengefulSpirit","HollowMod:MawleksShell"],"picked":"SKIP","floor":11},{"not_picked":["HollowMod:ChannelNail","HollowMod:FastStrike","HollowMod:SiblingsSouls"],"picked":"SKIP","floor":12}],"player_experience":273116,"relics_obtained":[{"floor":7,"key":"Oddly Smooth Stone"},{"floor":9,"key":"Meat on the Bone"},{"floor":12,"key":"Turnip"}],"event_choices":[],"is_beta":false,"boss_relics":[],"items_purged_floors":[13],"is_endless":false,"potions_floor_spawned":[11,12],"killed_by":"Hallownest:BossBrokenVessel","ascension_level":20}}