{"host":"i3w38rq1z4slkels","time":1613120565,"event":{"mods":["2.2 Compatiblity","Act Like it!","BaseMod","Better Match","Better Vampires","BetterRewards","Conspire","Downfall","Hallownest","Minty Spire (QoL Compilation)","Rare Cards Sparkle","Replay The Spire","StSLib","The Bug Knight"],"gold_per_floor":[99,112,22,22,40,40,40,56,56,89,109,9,21,104,116,116,116,116],"floor_reached":16,"language":"ENG","playtime":1503,"items_purged":["Delirium"],"score":117,"play_id":"af537cb7-8d1b-4cba-954b-c8777deca0c1","local_time":"20210212160245","is_ascension_mode":true,"campfire_choices":[{"floor":1,"key":"RECALL"},{"data":"champ:Taunt","floor":6,"key":"SMITH"},{"data":"champ:FalseCounter","floor":9,"key":"SMITH"},{"data":"champ:SkillfulDodge","floor":12,"key":"SMITH"}],"circlet_count":0,"master_deck":["champ:Strike","champ:Strike","champ:Strike","champ:Strike","champ:Defend","champ:Defend","champ:Defend","champ:Defend","champ:Execute","champ:Taunt+1","champ:IgnorePain+1","champ:FalseCounter+1","champ:FocusedDefense","champ:SkillfulDodge+1","champ:TornadoPunch","champ:EnchantShield"],"relics":["champ:ChampionCrown","Frozen Egg 2","Shovel","downfall:HeartBlessingRed","Lantern"],"acts_visited":["Exordium"],"potions_floor_usage":[10,13,16,16],"damage_taken":[{"damage":15,"enemies":"2 Louse","floor":2,"turns":4},{"damage":20,"enemies":"downfall:FleeingMerchant","floor":3,"turns":4},{"damage":16,"enemies":"Cultist","floor":5,"turns":5},{"damage":10,"enemies":"Small Slimes","floor":8,"turns":5},{"damage":26,"enemies":"Replay:BlueRogue","floor":10,"turns":5},{"damage":17,"enemies":"Blue Slaver","floor":11,"turns":4},{"damage":6,"enemies":"Lots of Slimes","floor":13,"turns":5},{"damage":28,"enemies":"Large Slime","floor":15,"turns":7},{"damage":41,"enemies":"IC_STATUS_ARCHETYPE","floor":16,"turns":8}],"seed_played":"54317319400979985","potions_obtained":[{"floor":2,"key":"PowerPotion"},{"floor":8,"key":"DuplicationPotion"},{"floor":11,"key":"conspire:TimeTravelPotion"},{"floor":13,"key":"LiquidMemories"}],"is_trial":false,"path_per_floor":["R","M","$","?","M","R","T","M","R","E","M","R","M","?","M","B"],"character_chosen":"THE_CHAMP","items_purchased":[],"campfire_rested":0,"item_purchase_floors":[],"current_hp_per_floor":[90,85,85,85,79,79,79,79,79,73,66,66,60,38,30,0,0,0],"gold":116,"neow_bonus":"THREE_RARE_CARDS","is_daily":false,"chose_seed":false,"campfire_upgraded":3,"win_rate":0.0,"timestamp":1613120565,"path_taken":["R","M","$","?","M","R","T","M","R","E","M","R","?","?","M","BOSS"],"items_purchased_type":[],"build_version":"2020-12-22","purchased_purges":1,"victory":false,"max_hp_per_floor":[90,90,90,90,90,90,90,90,90,90,90,90,90,90,90,90,90,90],"card_choices":[{"not_picked":["champ:EnchantShield","champ:HeavySlash"],"picked":"champ:IgnorePain","floor":0},{"not_picked":["champ:DefensiveShout","champ:PerfectedStrike","champ:CrownThrow"],"picked":"SKIP","floor":2},{"not_picked":["champ:BringItOn","champ:DeathBlow"],"picked":"champ:FalseCounter","floor":3},{"not_picked":["champ:DefensiveShout","champ:ViciousMockery"],"picked":"champ:FocusedDefense","floor":5},{"not_picked":["champ:GutPunch","champ:FancyFootwork","champ:Duel"],"picked":"SKIP","floor":8},{"not_picked":["champ:EnGarde","champ:ArenaPreparation"],"picked":"champ:SkillfulDodge","floor":10},{"not_picked":["champ:GutPunch","champ:CheapShot","champ:EnGarde"],"picked":"SKIP","floor":11},{"not_picked":["champ:BladeFlurry","champ:ShieldSigil"],"picked":"champ:TornadoPunch","floor":13},{"not_picked":["champ:FlashCut","champ:EndlessRage+1"],"picked":"champ:EnchantShield","floor":15}],"player_experience":478425,"relics_obtained":[{"floor":7,"key":"Frozen Egg 2"},{"floor":10,"key":"Shovel"},{"floor":14,"key":"Lantern"}],"event_choices":[],"is_beta":false,"boss_relics":[],"items_purged_floors":[3],"is_endless":false,"potions_floor_spawned":[2,8,11,13],"killed_by":"IC_STATUS_ARCHETYPE","ascension_level":3}}