{"host":"wuernuywc9gl215o","time":1613167685,"event":{"mods":["2.2 Compatiblity","AchievementEnabler","BaseMod","Bestiary","Block Reminder","Displayed Cursed Tome","Highlight Path","Key Reminder","Minty Spire (QoL Compilation)","Permanent Neow","Potion Indicator Mod","Quick Restart","Rare Cards Sparkle","Relic Stats","ojb\u0027s Info Mod"],"gold_per_floor":[116,132,147,147,157,191,191,203,203,229,229,240,60,77,77,178,178,191,207,306,323,25,60,60,60,60,70,103,203,222,241,241,336,336,354,367,1366,1276,1291,1291,1318,1318,1318,1335,962,1313,961,991,991,991,991,991,288,320,320],"floor_reached":56,"language":"ENG","playtime":6114,"items_purged":["Normality","Zap+1"],"score":1734,"play_id":"f2ab356e-4f3a-49b1-b16e-1f737e90639b","local_time":"20210212220805","is_ascension_mode":true,"campfire_choices":[{"data":"Genetic Algorithm","floor":7.0,"key":"SMITH"},{"data":"Electrodynamics","floor":11.0,"key":"SMITH"},{"data":"Lockon","floor":15.0,"key":"SMITH"},{"data":"Buffer","floor":24.0,"key":"SMITH"},{"data":"Zap","floor":32.0,"key":"SMITH"},{"data":"Echo Form","floor":40.0,"key":"SMITH"},{"data":"Static Discharge","floor":42.0,"key":"SMITH"},{"floor":49.0,"key":"RECALL"},{"data":"Buffer","floor":52.0,"key":"SMITH"}],"circlet_count":0,"master_deck":["Dualcast","Genetic Algorithm+1","Lockon+1","Conserve Battery","Buffer+1","Ball Lightning+1","Cold Snap+1","Electrodynamics+1","Compile Driver+1","Cold Snap+1","Ball Lightning+1","Thunder Strike+1","Self Repair+1","Self Repair","Aggregate","Chill","Loop","Genetic Algorithm","Streamline+1","Doom and Gloom+1","Capacitor+1","Go for the Eyes+1","Stack","Cold Snap+1","Consume+1","Lockon+1","Compile Driver+1","Coolheaded+1","Echo Form+1","Hologram+1","Darkness+1","Static Discharge+1","Glacier+1","Double Energy+1","Hologram+1","Loop+1","Buffer+1","Skim+1","Core Surge+1","Echo Form","Coolheaded+1","Leap+1"],"relics":["Cracked Core","Thread and Needle","Lantern","Molten Egg 2","White Beast Statue","Happy Flower","Pandora\u0027s Box","Gambling Chip","Question Card","Pen Nib","Toxic Egg 2","Mango","Symbiotic Virus","Snecko Eye","DataDisk","Anchor","Orrery","Old Coin","InkBottle","Whetstone","TheAbacus","Blood Vial","Art of War","Bag of Marbles"],"acts_visited":["Exordium","TheCity","TheBeyond","TheEnding"],"potions_floor_usage":[55,55],"damage_taken":[{"damage":0.0,"enemies":"2 Louse","floor":1.0,"turns":2.0},{"damage":2.0,"enemies":"Jaw Worm","floor":2.0,"turns":4.0},{"damage":0.0,"enemies":"Small Slimes","floor":3.0,"turns":3.0},{"damage":0.0,"enemies":"2 Fungi Beasts","floor":5.0,"turns":4.0},{"damage":15.0,"enemies":"Lagavulin","floor":6.0,"turns":8.0},{"damage":0.0,"enemies":"Red Slaver","floor":8.0,"turns":3.0},{"damage":0.0,"enemies":"3 Sentries","floor":10.0,"turns":6.0},{"damage":0.0,"enemies":"Large Slime","floor":12.0,"turns":3.0},{"damage":2.0,"enemies":"Exordium Thugs","floor":14.0,"turns":2.0},{"damage":0.0,"enemies":"Hexaghost","floor":16.0,"turns":7.0},{"damage":7.0,"enemies":"3 Byrds","floor":18.0,"turns":3.0},{"damage":0.0,"enemies":"Spheric Guardian","floor":19.0,"turns":3.0},{"damage":0.0,"enemies":"Centurion and Healer","floor":21.0,"turns":6.0},{"damage":10.0,"enemies":"Gremlin Leader","floor":23.0,"turns":6.0},{"damage":0.0,"enemies":"3 Cultists","floor":27.0,"turns":5.0},{"damage":17.0,"enemies":"Book of Stabbing","floor":28.0,"turns":5.0},{"damage":12.0,"enemies":"Colosseum Slavers","floor":29.0,"turns":4.0},{"damage":0.0,"enemies":"Colosseum Nobs","floor":29.0,"turns":4.0},{"damage":21.0,"enemies":"Snake Plant","floor":30.0,"turns":3.0},{"damage":0.0,"enemies":"Snecko","floor":31.0,"turns":5.0},{"damage":40.0,"enemies":"Automaton","floor":33.0,"turns":8.0},{"damage":0.0,"enemies":"3 Darklings","floor":35.0,"turns":3.0},{"damage":10.0,"enemies":"Orb Walker","floor":36.0,"turns":2.0},{"damage":0.0,"enemies":"3 Darklings","floor":39.0,"turns":6.0},{"damage":18.0,"enemies":"Giant Head","floor":41.0,"turns":7.0},{"damage":0.0,"enemies":"Writhing Mass","floor":44.0,"turns":5.0},{"damage":0.0,"enemies":"2 Orb Walkers","floor":46.0,"turns":4.0},{"damage":10.0,"enemies":"Nemesis","floor":48.0,"turns":11.0},{"damage":0.0,"enemies":"Awakened One","floor":50.0,"turns":8.0},{"damage":21.0,"enemies":"Shield and Spear","floor":54.0,"turns":7.0},{"damage":44,"enemies":"The Heart","floor":55,"turns":10}],"seed_played":"72932983124703583","potions_obtained":[{"floor":3.0,"key":"Swift Potion"},{"floor":5.0,"key":"GamblersBrew"},{"floor":8.0,"key":"Block Potion"},{"floor":10.0,"key":"Weak Potion"},{"floor":12.0,"key":"FearPotion"},{"floor":16.0,"key":"Fire Potion"},{"floor":18.0,"key":"Regen Potion"},{"floor":21.0,"key":"DistilledChaos"},{"floor":23.0,"key":"DuplicationPotion"},{"floor":29.0,"key":"Dexterity Potion"},{"floor":30.0,"key":"PotionOfCapacity"},{"floor":35.0,"key":"DuplicationPotion"},{"floor":41.0,"key":"Weak Potion"},{"floor":44.0,"key":"Energy Potion"},{"floor":54.0,"key":"DistilledChaos"}],"is_trial":false,"path_per_floor":["M","M","M","?","M","E","R","M","T","E","R","M","$","M","R","B",null,"M","M","?","M","$","E","R","$","T","M","E","?","M","M","R","B",null,"M","M","?","?","M","R","E","R","T","M","$","?","$","E","R","B",null,"R","$","E","B",null],"character_chosen":"DEFECT","items_purchased":["Happy Flower","Cold Snap+1","Gambling Chip","Anchor","Orrery","InkBottle","Core Surge+1","Echo Form","TheAbacus","Blood Vial","Art of War","Coolheaded+1"],"campfire_rested":0,"item_purchase_floors":[13,13,22,45,45,47,53,53,53,53,53,53],"current_hp_per_floor":[68,66,66,66,66,51,51,51,51,51,51,51,51,49,49,49,63,68,68,68,68,68,68,68,68,68,68,58,82,61,68,68,35,70,77,74,74,74,82,82,81,81,81,82,82,82,82,82,82,82,82,82,82,71,46],"gold":320,"neow_bonus":"ONE_RARE_RELIC","is_daily":false,"chose_seed":false,"campfire_upgraded":8,"win_rate":0.0,"timestamp":1613167685,"path_taken":["M","M","M","?","M","E","R","M","T","E","R","M","$","M","R","BOSS","M","M","?","M","$","E","R","$","T","M","E","?","M","M","R","BOSS","M","M","?","?","?","R","E","R","T","M","$","?","?","E","R","BOSS","R","$","E","BOSS"],"items_purchased_type":["Relic","Card","Relic","Relic","Relic","Relic","Card","Card","Relic","Relic","Relic","Card"],"build_version":"2020-12-22","purchased_purges":2,"victory":true,"max_hp_per_floor":[68,68,68,68,68,68,68,68,68,68,68,68,68,68,68,68,68,68,68,68,68,68,68,68,68,68,68,68,82,82,82,82,82,82,82,82,82,82,82,82,82,82,82,82,82,82,82,82,82,82,82,82,82,82,82],"relic_stats":{"Happy Flower":[41],"counters":[31,156],"Pen Nib":[16],"Whetstone":["Ball Lightning","Cold Snap"],"Question Card":19,"Blood Vial":2,"TheAbacus":[18],"Gambling Chip":[45],"Snecko Eye":[122,145,135,130],"Pandora\u0027s Box":["Self Repair","Self Repair","Aggregate","Chill","Loop","Genetic Algorithm","Streamline"],"Art of War":[2],"obtain_stats":[{"Lantern":6,"Mango":29,"Whetstone":48,"Old Coin":46,"Blood Vial":53,"TheAbacus":53,"Gambling Chip":22,"Toxic Egg 2":28,"Cracked Core":0,"InkBottle":47,"Happy Flower":13,"Thread and Needle":0,"Pen Nib":26,"Question Card":23,"White Beast Statue":10,"keyreminder:keyreminder":43,"DataDisk":41,"Anchor":45,"Snecko Eye":34,"Orrery":45,"Molten Egg 2":9,"Pandora\u0027s Box":17,"Art of War":53,"Bag of Marbles":54,"Symbiotic Virus":29},{"Lantern":5,"Mango":18,"Whetstone":28,"Old Coin":27,"Blood Vial":29,"TheAbacus":29,"Gambling Chip":13,"Toxic Egg 2":16,"Cracked Core":0,"InkBottle":27,"Happy Flower":8,"Thread and Needle":0,"Pen Nib":14,"Question Card":14,"White Beast Statue":7,"keyreminder:keyreminder":25,"DataDisk":25,"Anchor":26,"Snecko Eye":21,"Orrery":26,"Molten Egg 2":6,"Pandora\u0027s Box":10,"Art of War":29,"Bag of Marbles":30,"Symbiotic Virus":18},{"Lantern":21,"Mango":78,"Whetstone":131,"Old Coin":121,"Blood Vial":139,"TheAbacus":139,"Gambling Chip":54,"Toxic Egg 2":70,"Cracked Core":0,"InkBottle":121,"Happy Flower":33,"Thread and Needle":0,"Pen Nib":60,"Question Card":60,"White Beast Statue":30,"keyreminder:keyreminder":112,"DataDisk":112,"Anchor":117,"Snecko Eye":94,"Orrery":117,"Molten Egg 2":24,"Pandora\u0027s Box":42,"Art of War":139,"Bag of Marbles":146,"Symbiotic Virus":78}],"InkBottle":[17]},"card_choices":[{"not_picked":["Rebound","Force Field"],"picked":"Genetic Algorithm","floor":1.0},{"not_picked":["Steam","Aggregate"],"picked":"Lockon","floor":2.0},{"not_picked":["Skim","Double Energy"],"picked":"Conserve Battery","floor":3.0},{"not_picked":["Conserve Battery","Compile Driver","Barrage"],"picked":"SKIP","floor":5.0},{"not_picked":["Leap","Streamline"],"picked":"Ball Lightning","floor":6.0},{"not_picked":["Sweeping Beam","Heatsinks"],"picked":"Cold Snap","floor":8.0},{"not_picked":["Defragment","Undo"],"picked":"Electrodynamics","floor":10.0},{"not_picked":["Leap","Steam"],"picked":"Compile Driver+1","floor":12.0},{"not_picked":["Streamline+1","Rip and Tear+1"],"picked":"Ball Lightning+1","floor":14.0},{"not_picked":["Electrodynamics","Hyperbeam+1"],"picked":"Thunder Strike+1","floor":16.0},{"not_picked":["Hologram","Undo"],"picked":"Doom and Gloom+1","floor":18.0},{"not_picked":["Gash+1","Undo"],"picked":"Capacitor+1","floor":19.0},{"not_picked":["Beam Cell+1","Heatsinks"],"picked":"Go for the Eyes+1","floor":21.0},{"not_picked":["All For One+1","Steam"],"picked":"Stack","floor":23.0},{"not_picked":["Hello World","Stack","Conserve Battery"],"picked":"Cold Snap+1","floor":27.0},{"not_picked":["Sweeping Beam+1","Core Surge+1","Darkness+1"],"picked":"Consume+1","floor":28.0},{"not_picked":["Leap+1","Go for the Eyes+1","Cold Snap+1"],"picked":"Lockon+1","floor":29.0},{"not_picked":["Beam Cell+1","Scrape+1","Rebound+1"],"picked":"Compile Driver+1","floor":30.0},{"not_picked":["Static Discharge","Chaos+1","Barrage+1"],"picked":"Coolheaded+1","floor":31.0},{"not_picked":["Reboot+1","Buffer","Hyperbeam+1"],"picked":"Echo Form","floor":33.0},{"not_picked":["Melter+1","Leap+1","Streamline+1"],"picked":"Hologram+1","floor":35.0},{"not_picked":["Melter+1","Undo+1","Redo+1","Sweeping Beam+1"],"picked":"SKIP","floor":36.0},{"not_picked":["Chaos+1","Turbo+1","Go for the Eyes+1"],"picked":"Darkness+1","floor":39.0},{"not_picked":["BootSequence+1","Amplify+1","Compile Driver+1"],"picked":"Static Discharge","floor":41.0},{"not_picked":["Beam Cell+1","Leap+1","Redo+1"],"picked":"Glacier+1","floor":44.0},{"not_picked":["Rainbow+1","Go for the Eyes+1","Stack+1"],"picked":"Double Energy+1","floor":45.0},{"not_picked":["Storm+1","Streamline+1","Self Repair+1"],"picked":"Hologram+1","floor":45.0},{"not_picked":["Scrape+1","Steam+1","Beam Cell+1"],"picked":"Loop+1","floor":45.0},{"not_picked":["Steam Power+1","Leap+1","Compile Driver+1"],"picked":"Buffer","floor":46.0},{"not_picked":["Doom and Gloom+1","Sweeping Beam+1","Stack+1"],"picked":"Skim+1","floor":48.0},{"not_picked":["Compile Driver+1","Loop+1","All For One+1"],"picked":"Leap+1","floor":54.0}],"player_experience":933012,"relics_obtained":[{"floor":6.0,"key":"Lantern"},{"floor":9.0,"key":"Molten Egg 2"},{"floor":10.0,"key":"White Beast Statue"},{"floor":23.0,"key":"Question Card"},{"floor":26.0,"key":"Pen Nib"},{"floor":28.0,"key":"Toxic Egg 2"},{"floor":29.0,"key":"Mango"},{"floor":29.0,"key":"Symbiotic Virus"},{"floor":41.0,"key":"DataDisk"},{"floor":46.0,"key":"Old Coin"},{"floor":48.0,"key":"Whetstone"},{"floor":54.0,"key":"Bag of Marbles"}],"event_choices":[{"damage_healed":0.0,"max_hp_gain":0.0,"max_hp_loss":0.0,"gold_gain":0.0,"cards_transformed":["Strike_B"],"event_name":"Living Wall","player_choice":"Change","floor":4.0,"gold_loss":0.0,"damage_taken":0.0,"cards_obtained":["Buffer"]},{"damage_healed":0.0,"max_hp_gain":0.0,"max_hp_loss":0.0,"gold_gain":99.0,"event_name":"Nest","player_choice":"Stole From Cult","floor":20.0,"gold_loss":0.0,"damage_taken":0.0},{"damage_healed":0.0,"max_hp_gain":0.0,"max_hp_loss":0.0,"gold_gain":0.0,"event_name":"Colosseum","player_choice":"Fight","floor":29.0,"gold_loss":0.0,"damage_taken":0.0},{"damage_healed":0.0,"max_hp_gain":0.0,"max_hp_loss":0.0,"gold_gain":0.0,"event_name":"Colosseum","player_choice":"Fought Nobs","floor":29.0,"gold_loss":0.0,"damage_taken":0.0},{"damage_healed":0.0,"max_hp_gain":0.0,"max_hp_loss":0.0,"gold_gain":999.0,"event_name":"MindBloom","player_choice":"Gold","floor":37.0,"gold_loss":0.0,"damage_taken":0.0,"cards_obtained":["Normality","Normality"]},{"cards_removed":["Normality"],"damage_healed":0.0,"max_hp_gain":0.0,"max_hp_loss":0.0,"gold_gain":0.0,"event_name":"Designer","player_choice":"Upgrade and Remove","floor":38.0,"gold_loss":90.0,"damage_taken":0.0,"cards_upgraded":["Self Repair"]},{"damage_healed":0.0,"max_hp_gain":0.0,"max_hp_loss":0.0,"gold_gain":0.0,"event_name":"Mysterious Sphere","player_choice":"Fight","floor":46.0,"gold_loss":0.0,"damage_taken":0.0}],"is_beta":false,"boss_relics":[{"not_picked":["Coffee Dripper","Calling Bell"],"picked":"Pandora\u0027s Box"},{"not_picked":["SlaversCollar","SacredBark"],"picked":"Snecko Eye"}],"items_purged_floors":[45,47],"is_endless":false,"potions_floor_spawned":[3,5,8,10,12,14,16,18,19,21,23,27,28,29,29,30,31,33,35,36,39,41,44,46,48,54],"ascension_level":6}}