{"host":"s24sb66hw4a4sfft","time":1613117484,"event":{"mods":["AchievementEnabler","BaseMod","Colored Map","Colored Powertips","Googly Eyes","Hermit","Hubris","Minty Spire (QoL Compilation)","Quick Restart","Shop Mod","StSLib"],"gold_per_floor":[117,117,117,128,78,110,110,110,110,122,135,135,135],"floor_reached":12,"language":"ENG","playtime":484,"items_purged":[],"score":78,"play_id":"f78d1620-ed2e-4af2-b81b-df59d59f73f3","local_time":"20210212031124","is_ascension_mode":false,"campfire_choices":[{"data":"hermit:Deadeye","floor":7,"key":"SMITH"}],"circlet_count":0,"master_deck":["hermit:Strike_Hermit","hermit:Strike_Hermit+1","hermit:Defend_Hermit+1","hermit:Defend_Hermit+1","hermit:Defend_Hermit+1","hermit:Defend_Hermit","hermit:Snapshot","hermit:Covet","hermit:SprayPray","hermit:Deadeye+1","hermit:WideOpen","hermit:CursedWeapon","hermit:GoldenBullet"],"relics":["hermit:Momento","Vajra","hubris:Icosahedron","War Paint","Shuriken"],"acts_visited":["Exordium"],"potions_floor_usage":[6,12],"damage_taken":[{"damage":6,"enemies":"Jaw Worm","floor":1,"turns":3},{"damage":0,"enemies":"2 Louse","floor":4,"turns":1},{"damage":15,"enemies":"Lagavulin","floor":6,"turns":4},{"damage":12,"enemies":"Small Slimes","floor":10,"turns":2},{"damage":7,"enemies":"Red Slaver","floor":11,"turns":2},{"damage":23,"enemies":"3 Sentries","floor":12,"turns":2}],"seed_played":"7558388698005898575","potions_obtained":[{"floor":1,"key":"SteroidPotion"},{"floor":4,"key":"hermit:Eclipse"},{"floor":11,"key":"ColorlessPotion"}],"is_trial":false,"path_per_floor":["M","?","?","M","?","E","R","?","T","M","M","E"],"character_chosen":"HERMIT","items_purchased":[],"campfire_rested":0,"item_purchase_floors":[],"current_hp_per_floor":[69,54,54,54,54,39,39,39,39,27,20,0,0],"gold":135,"neow_bonus":"RANDOM_COMMON_RELIC","is_daily":false,"chose_seed":false,"campfire_upgraded":1,"win_rate":0.0,"timestamp":1613117484,"path_taken":["M","?","?","M","?","E","R","?","T","M","?","E"],"items_purchased_type":[],"build_version":"2020-12-22","purchased_purges":0,"victory":false,"max_hp_per_floor":[75,75,75,75,75,75,75,75,75,75,75,75,75],"card_choices":[{"not_picked":["hermit:TakeAim","hermit:HighCaliber"],"picked":"hermit:SprayPray","floor":1},{"not_picked":["hermit:TrackingShot","hermit:ShadowCloak"],"picked":"hermit:Deadeye","floor":4},{"not_picked":["hermit:Midnight","hermit:Combo"],"picked":"hermit:WideOpen","floor":6},{"not_picked":["hermit:Dive","hermit:Snipe"],"picked":"hermit:CursedWeapon","floor":10},{"not_picked":["hermit:NoHoldsBarred","hermit:Deadeye"],"picked":"hermit:GoldenBullet","floor":11}],"player_experience":628928,"relics_obtained":[{"floor":6,"key":"War Paint"},{"floor":9,"key":"Shuriken"}],"event_choices":[{"damage_healed":0,"gold_gain":0,"player_choice":"Entered Light","damage_taken":15,"max_hp_gain":0,"max_hp_loss":0,"event_name":"Shining Light","floor":2,"gold_loss":0,"cards_upgraded":["hermit:Strike_Hermit","hermit:Defend_Hermit"]},{"cards_removed":["hermit:Strike_Hermit"],"damage_healed":0,"gold_gain":0,"player_choice":"Card Removal","damage_taken":0,"max_hp_gain":0,"max_hp_loss":0,"event_name":"The Cleric","floor":5,"gold_loss":50},{"cards_removed":["hermit:Strike_Hermit"],"damage_healed":0,"gold_gain":0,"player_choice":"Offered Basic","damage_taken":0,"max_hp_gain":0,"max_hp_loss":0,"event_name":"Bonfire Elementals","floor":8,"gold_loss":0}],"is_beta":false,"boss_relics":[],"items_purged_floors":[],"is_endless":false,"potions_floor_spawned":[1,4,11],"killed_by":"3 Sentries","ascension_level":0}}