{"host":"91blwi3hgehj6ch9","time":1613109999,"event":{"mods":["2.2 Compatiblity","AchievementEnabler","BaseMod","Colored Map","DeckTracker","Keyboard Shortcuts","Minty Spire (QoL Compilation)","Permanent Neow","Quick Restart","StSLib","SuperFastMode","everything is the same but u backflip on backflip"],"gold_per_floor":[115,129,54,54,65,65,100,100,126,126,153,168,188,77,77,151,151,168,184,184,194,210,241,241,241,241],"floor_reached":25,"language":"KOR","playtime":945,"items_purged":["Strike_P"],"score":408,"play_id":"0bf05b93-377e-4bc7-8991-e96a51b77288","local_time":"20210212150639","is_ascension_mode":true,"campfire_choices":[{"data":"EmptyFist","floor":6.0,"key":"SMITH"},{"data":"WheelKick","floor":8.0,"key":"SMITH"},{"floor":10.0,"key":"REST"},{"data":"Adaptation","floor":15.0,"key":"SMITH"},{"floor":24,"key":"REST"}],"circlet_count":0,"master_deck":["AscendersBane","Strike_P","Defend_P","Defend_P","Defend_P","Defend_P","Eruption+1","Vigilance","EmptyFist+1","SashWhip","WheelKick+1","EmptyBody","Adaptation+1","SandsOfTime","Judgement"],"relics":["PureWater","MealTicket","Centennial Puzzle","Boot","SacredBark","StoneCalendar"],"acts_visited":["Exordium","TheCity"],"potions_floor_usage":[19,19,21,23,23,25],"damage_taken":[{"damage":5.0,"enemies":"Cultist","floor":1.0,"turns":4.0},{"damage":2.0,"enemies":"Jaw Worm","floor":2.0,"turns":3.0},{"damage":2.0,"enemies":"2 Louse","floor":5.0,"turns":2.0},{"damage":17.0,"enemies":"3 Sentries","floor":7.0,"turns":8.0},{"damage":12.0,"enemies":"Gremlin Nob","floor":11.0,"turns":3.0},{"damage":5.0,"enemies":"Red Slaver","floor":12.0,"turns":2.0},{"damage":4.0,"enemies":"Lots of Slimes","floor":13.0,"turns":4.0},{"damage":10.0,"enemies":"Slime Boss","floor":16.0,"turns":5.0},{"damage":3.0,"enemies":"Shell Parasite","floor":18.0,"turns":3.0},{"damage":4,"enemies":"2 Thieves","floor":19,"turns":3},{"damage":18,"enemies":"Snake Plant","floor":21,"turns":3},{"damage":15,"enemies":"Chosen and Byrds","floor":22,"turns":5},{"damage":15,"enemies":"Gremlin Leader","floor":23,"turns":3},{"damage":28,"enemies":"Book of Stabbing","floor":25,"turns":5}],"seed_played":"-4325578785355934645","potions_obtained":[{"floor":7.0,"key":"Swift Potion"},{"floor":11.0,"key":"EntropicBrew"},{"floor":12.0,"key":"BottledMiracle"},{"floor":19,"key":"PowerPotion"},{"floor":20,"key":"SteroidPotion"},{"floor":20,"key":"Weak Potion"},{"floor":22,"key":"CultistPotion"},{"floor":23,"key":"Ancient Potion"}],"is_trial":false,"path_per_floor":["M","M","?","?","M","R","E","R","T","R","E","M","M","$","R","B",null,"M","M","?","M","M","E","R","E"],"character_chosen":"WATCHER","items_purchased":["SandsOfTime"],"campfire_rested":2,"item_purchase_floors":[14],"current_hp_per_floor":[56,54,54,54,52,52,35,35,35,55,43,38,34,49,49,39,61,58,54,54,36,21,6,26,0,0],"gold":241,"neow_bonus":"UPGRADE_CARD","is_daily":false,"chose_seed":false,"campfire_upgraded":3,"win_rate":0.0,"timestamp":1613109999,"path_taken":["M","M","?","?","M","R","E","R","T","R","E","?","M","$","R","BOSS","M","M","?","M","?","E","R","E"],"items_purchased_type":["Card"],"build_version":"2020-12-22","purchased_purges":1,"victory":false,"max_hp_per_floor":[68,68,68,68,68,68,68,68,68,68,68,68,68,68,68,68,68,68,68,68,68,68,68,68,68,68],"card_choices":[{"not_picked":["SashWhip","ThirdEye"],"picked":"EmptyFist","floor":1.0},{"not_picked":["ThirdEye","Perseverance"],"picked":"SashWhip","floor":2.0},{"not_picked":["Consecrate","Perseverance","FlurryOfBlows"],"picked":"SKIP","floor":5.0},{"not_picked":["Crescendo","Establishment"],"picked":"WheelKick","floor":7.0},{"not_picked":["ThirdEye","BowlingBash","Nirvana"],"picked":"SKIP","floor":11.0},{"not_picked":["Sanctity","LikeWater"],"picked":"EmptyBody","floor":12.0},{"not_picked":["Crescendo","Swivel"],"picked":"Adaptation","floor":13.0},{"not_picked":["MasterReality","Brilliance"],"picked":"Judgement","floor":16.0},{"not_picked":["EmptyBody","JustLucky+1","Halt"],"picked":"SKIP","floor":18.0},{"not_picked":["Prostrate","FlyingSleeves","SandsOfTime"],"picked":"SKIP","floor":19},{"not_picked":["Protect","PathToVictory","BattleHymn+1"],"picked":"SKIP","floor":21},{"not_picked":["EmptyFist","Evaluate","SandsOfTime"],"picked":"SKIP","floor":22},{"not_picked":["ConjureBlade","ThirdEye","EmptyFist+1"],"picked":"SKIP","floor":23}],"player_experience":211483,"relics_obtained":[{"floor":7.0,"key":"MealTicket"},{"floor":9.0,"key":"Centennial Puzzle"},{"floor":11.0,"key":"Boot"},{"floor":23,"key":"StoneCalendar"}],"event_choices":[{"cards_removed":["Strike_P"],"damage_healed":0.0,"max_hp_gain":0.0,"max_hp_loss":0.0,"gold_gain":0.0,"event_name":"The Cleric","player_choice":"Card Removal","floor":3.0,"gold_loss":75.0,"damage_taken":0.0},{"cards_removed":["Strike_P"],"damage_healed":0.0,"max_hp_gain":0.0,"max_hp_loss":0.0,"gold_gain":0.0,"event_name":"Purifier","player_choice":"Purged","floor":4.0,"gold_loss":0.0,"damage_taken":0.0},{"damage_healed":0,"gold_gain":0,"player_choice":"Got Potions","damage_taken":0,"max_hp_gain":0,"max_hp_loss":0,"event_name":"Lab","floor":20,"gold_loss":0}],"is_beta":false,"boss_relics":[{"not_picked":["Snecko Eye","Sozu"],"picked":"SacredBark"}],"items_purged_floors":[14],"is_endless":false,"potions_floor_spawned":[7,11,12,13,19,22,23],"killed_by":"Book of Stabbing","ascension_level":15}}