{"host":"xp5rvh2jwe2ejyfm","time":1613094019,"event":{"mods":["2.2 Compatiblity","Aspiration","BaseMod","Better Altar","Better Match","Better Note","Better Sensory Stone","Better Skull","BetterRewards","Colored Powertips","Conspire","Downfall","GifTheSpireLib","Gremlin Mod","GungeonMod","Hermit","Hubris","Jorbs\u0027s Wanderer Trilogy","Minty Spire (QoL Compilation)","Potionbrewer","Quick Restart","Replay The Spire","Robot Space Explorer","Shade Mod","Somnambulant","StSLib","The Bug Knight","The Clintock","The Construct","The Cursed","The Disciple","The Forsaken","The Hierophant","The Necromancer","The Runesmith","The Servant 0.9.4","The Valiant","The Witch","TheFirefly","thorton"],"gold_per_floor":[110,4,22,42,42,53,53,71,153,170,180,180,180,196,196,311,311,321,55,55,4,4,4,4],"floor_reached":23,"language":"ENG","playtime":927,"items_purged":[],"score":185,"play_id":"b02b2ca0-0c52-4fbe-aa10-83f0c7a0e824","local_time":"20210211204019","is_ascension_mode":false,"campfire_choices":[{"floor":7,"key":"RECALL"},{"floor":13,"key":"REST"},{"floor":15,"key":"REST"}],"circlet_count":0,"master_deck":["potionbrewer:PotionbrewerStrike","potionbrewer:PotionbrewerStrike","potionbrewer:PotionbrewerStrike","potionbrewer:PotionbrewerStrike","potionbrewer:PotionbrewerDefend","potionbrewer:PotionbrewerDefend","potionbrewer:PotionbrewerDefend","potionbrewer:PotionbrewerDefend","potionbrewer:Collect","potionbrewer:ChemicalSpill","potionbrewer:Biohazard","potionbrewer:ChainReaction","potionbrewer:Experimentation","potionbrewer:ChemicalWeapons","potionbrewer:AcidCloud","potionbrewer:Shovel","potionbrewer:TestFormula","potionbrewer:WizBang","potionbrewer:ChemicalWeapons","potionbrewer:Experimentation","potionbrewer:Transmute","CurseOfTheBell","potionbrewer:BalancedFormula","potionbrewer:ChemicalRage","potionbrewer:Toxicity","potionbrewer:Biohazard"],"relics":["potionbrewer:PotionKit","NeowsBlessing","Letter Opener","Calling Bell","aspiration:Lifesprig","construct:FoamFinger","DemoMod:ResourcefulSack","Regal Pillow"],"acts_visited":["Exordium","TheCity"],"potions_floor_usage":[6,8,10,10,11,12,14,16,16,16,18,23],"damage_taken":[{"damage":0,"enemies":"Cultist","floor":1,"turns":1},{"damage":0,"enemies":"Jaw Worm","floor":3,"turns":1},{"damage":5,"enemies":"Small Slimes","floor":4,"turns":2},{"damage":16,"enemies":"Exordium Wildlife","floor":6,"turns":4},{"damage":29,"enemies":"Large Slime","floor":8,"turns":7},{"damage":14,"enemies":"Blue Slaver","floor":10,"turns":3},{"damage":10,"enemies":"Looter","floor":11,"turns":3},{"damage":0,"enemies":"2 Fungi Beasts","floor":12,"turns":1},{"damage":15,"enemies":"Large Slime","floor":14,"turns":6},{"damage":25,"enemies":"The Guardian","floor":16,"turns":12},{"damage":42,"enemies":"3 Byrds","floor":18,"turns":4},{"damage":39,"enemies":"Slavers","floor":23,"turns":3}],"seed_played":"-7117626221635153328","potions_obtained":[{"floor":4,"key":"potionbrewer:DiscountPotion"},{"floor":8,"key":"Venom Potion"},{"floor":18,"key":"Block Potion"}],"is_trial":false,"path_per_floor":["M","$","M","M","$","M","R","M","T","M","M","M","R","M","R","B",null,"M","$","?","$","T","E"],"character_chosen":"POTIONBREWER","items_purchased":["potionbrewer:ChainReaction","potionbrewer:Experimentation","potionbrewer:ChemicalRage","potionbrewer:Toxicity","Regal Pillow","potionbrewer:Biohazard"],"campfire_rested":2,"item_purchase_floors":[2,2,19,19,19,21],"current_hp_per_floor":[75,75,75,70,70,54,54,25,25,11,1,1,23,8,30,5,75,33,33,33,33,33,0,0],"gold":4,"neow_bonus":"THREE_ENEMY_KILL","is_daily":false,"chose_seed":false,"campfire_upgraded":0,"win_rate":0.0,"timestamp":1613094019,"path_taken":["M","$","M","M","$","M","R","?","T","M","M","M","R","M","R","BOSS","M","$","?","$","?","E"],"items_purchased_type":["Card","Card","Card","Card","Relic","Card"],"build_version":"2020-12-22","purchased_purges":0,"victory":false,"max_hp_per_floor":[75,75,75,75,75,75,75,75,75,75,75,75,75,75,75,75,75,75,75,75,75,75,75,75],"card_choices":[{"not_picked":["potionbrewer:CausticBarrier","potionbrewer:Brandish"],"picked":"potionbrewer:Biohazard","floor":1},{"not_picked":["potionbrewer:TimeBomb","potionbrewer:Smack"],"picked":"potionbrewer:ChemicalWeapons","floor":3},{"not_picked":["potionbrewer:FlashPowder","potionbrewer:PrivateReserves"],"picked":"potionbrewer:AcidCloud","floor":4},{"not_picked":["potionbrewer:Spark","potionbrewer:ChainReaction"],"picked":"potionbrewer:Shovel","floor":6},{"not_picked":["potionbrewer:Brandish","potionbrewer:Smokescreen","potionbrewer:Prototype"],"picked":"potionbrewer:TestFormula","floor":8},{"not_picked":["potionbrewer:DigDeep","potionbrewer:CrossReference","potionbrewer:Prototype"],"picked":"potionbrewer:WizBang","floor":10},{"not_picked":["potionbrewer:UnstableFormula","potionbrewer:Fuel"],"picked":"potionbrewer:ChemicalWeapons","floor":11},{"not_picked":["potionbrewer:Backhand","potionbrewer:PrivateReserves","potionbrewer:Prototype"],"picked":"potionbrewer:Experimentation","floor":14},{"not_picked":["potionbrewer:Catalyze","potionbrewer:BrokenBeakers","potionbrewer:Prototype"],"picked":"potionbrewer:Transmute","floor":16},{"not_picked":["potionbrewer:UnstableFormula+1","potionbrewer:AcidCloud","potionbrewer:Prototype"],"picked":"potionbrewer:BalancedFormula","floor":18}],"player_experience":490723,"relics_obtained":[{"floor":9,"key":"Letter Opener"},{"floor":17,"key":"aspiration:Lifesprig"},{"floor":17,"key":"construct:FoamFinger"},{"floor":17,"key":"DemoMod:ResourcefulSack"}],"event_choices":[{"damage_healed":0,"gold_gain":0,"player_choice":"Ignored","damage_taken":0,"max_hp_gain":0,"max_hp_loss":0,"event_name":"betterNote:BetterNote","floor":20,"gold_loss":0,"cards_obtained":["hermit:Headshot"]}],"is_beta":false,"boss_relics":[{"not_picked":["SlaversCollar","conspire:SeveredTorchhead"],"picked":"Calling Bell"}],"items_purged_floors":[],"is_endless":false,"potions_floor_spawned":[4,8,12,18],"killed_by":"Slavers","ascension_level":0}}