{"host":"kcvncuxxsb6xpuus","time":1613102095,"event":{"mods":["BaseMod","Minty Spire (QoL Compilation)","Replay The Spire","StSLib"],"gold_per_floor":[112,112,130,55,55,55,86,86,167,194,218,218,228,49,49,151,151,161,161,76,93,18,18,50,50,75,75,106,124,124,136,136,241,241,255,255,255,255,271,271,297,365,365,19,19,19],"floor_reached":45,"language":"ZHS","playtime":2654,"items_purged":["Defend_G","Strike_G","Poisoned Stab"],"score":533,"play_id":"96f06865-5545-4bea-87d9-98fc17503dcf","local_time":"20210212115455","is_ascension_mode":true,"campfire_choices":[{"data":"Deadly Poison","floor":6.0,"key":"SMITH"},{"data":"Neutralize","floor":12.0,"key":"SMITH"},{"floor":15.0,"key":"REST"},{"data":"ReplayTheSpireMod:Necrosis","floor":23.0,"key":"SMITH"},{"floor":25.0,"key":"REST"},{"data":"Noxious Fumes","floor":27.0,"key":"SMITH"},{"floor":30.0,"key":"REST"},{"floor":32,"key":"REST"},{"data":"Deadly Poison","floor":40,"key":"SMITH"}],"circlet_count":0,"master_deck":["Defend_G+1","Defend_G+1","Defend_G+1","Neutralize+1","All Out Attack","Deadly Poison+1","Well Laid Plans","ReplayTheSpireMod:Necrosis+1","Deadly Poison+1","Noxious Fumes+1","Chrysalis","Normality","Poison Darts","Noxious Fumes+1"],"relics":["Ring of the Snake","ReplayTheSpireMod:Lightbulb","Onion Ring","Replay:Bottled Eggs","Art of War","Snecko Scales","Snake Skull","Tiny Chest","PreservedInsect","FossilizedHelix","Empty Cage","ReplayTheSpireMod:Ring of Exchange","Vajra","Singing Bowl","Golden Egg","Frozen Eye"],"acts_visited":["Exordium","TheCity","TheBeyond"],"potions_floor_usage":[33,37,37],"damage_taken":[{"damage":0.0,"enemies":"Small Slimes","floor":1.0,"turns":5.0},{"damage":2.0,"enemies":"Jaw Worm","floor":3.0,"turns":5.0},{"damage":4.0,"enemies":"Gremlin Nob","floor":7.0,"turns":3.0},{"damage":18.0,"enemies":"Lagavulin","floor":10.0,"turns":4.0},{"damage":0.0,"enemies":"2 Louse","floor":13.0,"turns":2.0},{"damage":12.0,"enemies":"Hexaghost","floor":16.0,"turns":8.0},{"damage":2.0,"enemies":"Spheric Guardian","floor":18.0,"turns":3.0},{"damage":3.0,"enemies":"3 Byrds","floor":21.0,"turns":4.0},{"damage":39.0,"enemies":"Slavers","floor":24.0,"turns":4.0},{"damage":16.0,"enemies":"Gremlin Leader","floor":28.0,"turns":4.0},{"damage":0.0,"enemies":"Snake Plant","floor":29.0,"turns":3.0},{"damage":0,"enemies":"Cultist and Chosen","floor":31,"turns":3},{"damage":24,"enemies":"Automaton","floor":33,"turns":6},{"damage":4,"enemies":"Orb Walker","floor":35,"turns":4},{"damage":6,"enemies":"2 Orb Walkers","floor":37,"turns":3},{"damage":20,"enemies":"3 Shapes","floor":39,"turns":4},{"damage":17,"enemies":"R_Hoarder","floor":41,"turns":7},{"damage":28,"enemies":"Spire Growth","floor":45,"turns":5}],"seed_played":"7019948233243112614","potions_obtained":[{"floor":3.0,"key":"Toxic Potion"},{"floor":7.0,"key":"Strength Potion"},{"floor":13.0,"key":"Dexterity Potion"},{"floor":16.0,"key":"Milkshake"},{"floor":21.0,"key":"AttackPotion"},{"floor":24.0,"key":"Swift Potion"},{"floor":29.0,"key":"Energy Potion"},{"floor":31,"key":"DuplicationPotion"},{"floor":35,"key":"SmokeBomb"},{"floor":39,"key":"Energy Potion"}],"is_trial":false,"path_per_floor":["M","?","M","$","?","R","E","?","T","E","T","R","M","$","R","B",null,"M","?","?","M","?","R","E","R","T","R","E","M","R","M","R","B",null,"M","?","?","?","M","R","E","T","T","$","M"],"character_chosen":"THE_SILENT","items_purchased":["Well Laid Plans","Noxious Fumes","Frozen Eye"],"campfire_rested":4,"item_purchase_floors":[14,44,44],"current_hp_per_floor":[70,70,68,68,68,68,64,57,57,39,39,39,39,39,60,48,70,68,68,68,65,65,65,26,47,47,47,31,31,52,52,70,46,70,66,66,60,60,40,40,23,23,23,23,0,0],"gold":19,"neow_bonus":"REMOVE_CARD","is_daily":false,"chose_seed":false,"campfire_upgraded":5,"win_rate":0.0,"timestamp":1613102095,"path_taken":["M","?","M","?","?","R","E","?","T","E","?","R","M","$","R","BOSS","M","?","?","M","?","R","E","R","T","R","E","M","R","M","R","BOSS","M","?","?","?","M","R","E","?","T","$","M"],"items_purchased_type":["Card","Card","Relic"],"build_version":"2020-12-22","purchased_purges":3,"victory":false,"max_hp_per_floor":[70,70,70,70,70,70,70,70,70,70,70,70,70,70,70,70,70,70,70,70,70,70,70,70,70,70,70,70,70,70,70,70,70,70,70,70,70,70,70,70,70,70,70,70,70,70],"card_choices":[{"not_picked":["Bane","Deflect"],"picked":"All Out Attack","floor":1.0},{"not_picked":["Poisoned Stab","Cloak And Dagger"],"picked":"Deadly Poison","floor":3.0},{"not_picked":["Concentrate","Reflex"],"picked":"Poisoned Stab","floor":7.0},{"not_picked":["Poisoned Stab","Predator","Deflect"],"picked":"SKIP","floor":10.0},{"not_picked":["Acrobatics","Blur","Tactician"],"picked":"SKIP","floor":13.0},{"not_picked":["Malaise","ReplayTheSpireMod:From All Sides"],"picked":"ReplayTheSpireMod:Necrosis","floor":16.0},{"not_picked":["Deflect+1","Sneak Up","Outmaneuver"],"picked":"SKIP","floor":18.0},{"not_picked":["Well Laid Plans","Deflect","Dagger Throw"],"picked":"SKIP","floor":21.0},{"not_picked":["Night Terror","Blur+1"],"picked":"Noxious Fumes","floor":24.0},{"not_picked":["Blur","Backstab+1","Prepared"],"picked":"SKIP","floor":28.0},{"not_picked":["Slice","Deflect","Dagger Throw"],"picked":"SKIP","floor":29.0},{"not_picked":["Flying Knee","Hidden Blade","Outmaneuver+1"],"picked":"SKIP","floor":31},{"not_picked":["Flying Knee","Cloak And Dagger","ReplayTheSpireMod:Exploit Weakness+1"],"picked":"SKIP","floor":35},{"not_picked":["Blind","Discovery"],"picked":"Chrysalis","floor":36},{"not_picked":["Sucker Punch","Finisher","Slice"],"picked":"SKIP","floor":39},{"not_picked":["Poisoned Stab","Sneak Up"],"picked":"Poison Darts","floor":41}],"player_experience":103959,"relics_obtained":[{"floor":7.0,"key":"ReplayTheSpireMod:Lightbulb"},{"floor":9.0,"key":"Onion Ring"},{"floor":10.0,"key":"Replay:Bottled Eggs"},{"floor":11.0,"key":"Art of War"},{"floor":24.0,"key":"Tiny Chest"},{"floor":26.0,"key":"PreservedInsect"},{"floor":28.0,"key":"FossilizedHelix"},{"floor":38,"key":"ReplayTheSpireMod:Ring of Exchange"},{"floor":41,"key":"Vajra"},{"floor":42,"key":"Singing Bowl"},{"floor":43,"key":"Golden Egg"}],"event_choices":[{"cards_removed":["Defend_G"],"damage_healed":0.0,"max_hp_gain":0.0,"max_hp_loss":0.0,"gold_gain":0.0,"event_name":"Living Wall","player_choice":"Forget","floor":2.0,"gold_loss":0.0,"damage_taken":0.0},{"damage_healed":0.0,"max_hp_gain":0.0,"max_hp_loss":0.0,"gold_gain":0.0,"event_name":"Liars Game","player_choice":"Ignored","floor":5.0,"gold_loss":0.0,"damage_taken":0.0},{"cards_removed":["Strike_G"],"damage_healed":0.0,"max_hp_gain":0.0,"max_hp_loss":0.0,"gold_gain":0.0,"event_name":"Golden Wing","player_choice":"Card Removal","floor":8.0,"gold_loss":0.0,"damage_taken":7.0},{"damage_healed":0.0,"max_hp_gain":0.0,"max_hp_loss":0.0,"gold_gain":0.0,"event_name":"The Library","player_choice":"Read","floor":19.0,"gold_loss":0.0,"damage_taken":0.0,"cards_obtained":["Deadly Poison"]},{"damage_healed":0.0,"max_hp_gain":0.0,"max_hp_loss":0.0,"gold_gain":0.0,"event_name":"Addict","player_choice":"Obtained Relic","floor":20.0,"gold_loss":85.0,"damage_taken":0.0,"relics_obtained":["Snake Skull"]},{"cards_removed":["Survivor"],"damage_healed":0.0,"max_hp_gain":0.0,"max_hp_loss":0.0,"gold_gain":0.0,"event_name":"Beggar","player_choice":"Gave Gold","floor":22.0,"gold_loss":75.0,"damage_taken":0.0},{"damage_healed":0,"gold_gain":0,"player_choice":"Memory 1","damage_taken":0,"max_hp_gain":0,"max_hp_loss":0,"event_name":"SensoryStone","floor":36,"gold_loss":0},{"damage_healed":0,"gold_gain":0,"player_choice":"Fight","damage_taken":0,"max_hp_gain":0,"max_hp_loss":0,"event_name":"Mysterious Sphere","floor":37,"gold_loss":0}],"is_beta":false,"boss_relics":[{"not_picked":["Coffee Dripper","ReplayTheSpireMod:DimensionalGlitch"],"picked":"Snecko Scales"},{"not_picked":["Abe\u0027s Treasure","Kintsugi"],"picked":"Empty Cage"}],"items_purged_floors":[4,14,44],"is_endless":false,"potions_floor_spawned":[3,7,13,16,21,24,29,31,35,39],"killed_by":"Spire Growth","ascension_level":1}}