{"host":"3e3mwsgb9gfqiuxm","time":1613121674,"event":{"mods":["Act Like it!","BaseMod","BetterRewards","Colored Map","Colored Powertips","Downfall","Gensokyo","Hallownest","Hermit","Hubris","Infinite Spire","Jorbs\u0027s Wanderer Trilogy","Koishi","Marisa????????","Minty Spire (QoL Compilation)","Quick Restart","Rare Cards Sparkle","Reimu??????","Remilia??????","Replay The Spire","StSLib","SuperFastMode","Td1madao Mod","The Bug Knight","The Cursed","The Hierophant","The Jungle","The Servant 0.9.4","everything is the same but u backflip on backflip","slay the spire mod where everything is the same but ironclad has a cowboy hat"],"gold_per_floor":[113,113,113,113,137,137,100,143,143,198,242,242,294,335,335,465,565,596,610,610,610],"floor_reached":20,"language":"ENG","playtime":411,"items_purged":[],"score":308,"play_id":"d67d1aba-571b-4bb9-881c-0942391b31ce","local_time":"20210212042114","is_ascension_mode":true,"campfire_choices":[{"data":"ReplayTheSpireMod:Black Plague","floor":6,"key":"SMITH"},{"data":"BlazeAway","floor":12,"key":"SMITH"},{"data":"MagicChant","floor":15,"key":"SMITH"}],"circlet_count":0,"master_deck":["Strike_MRS","Strike_MRS+1","Strike_MRS","Strike_MRS","Defend_MRS","Defend_MRS","Defend_MRS","Defend_MRS","MasterSpark","UpSweep","DragonMeteor+1","ReplayTheSpireMod:Black Plague+1","WitchOfGreed","SprinkleStarSeal","SporeBomb","MagicChant+1","BlazeAway+1","WitchLeyline","BinaryStars","MagicChant","MysteriousBeam+1"],"relics":["MiniHakkero","NeowsBlessing","Golden Idol","Pet Ghost","InkBottle","Tiny Chest","Bronze Scales","Replay:Wanted Poster"],"acts_visited":["Exordium","TheCity"],"potions_floor_usage":[11,14,14,19],"damage_taken":[{"damage":0.0,"enemies":"2 Louse","floor":1.0,"turns":1.0},{"damage":0.0,"enemies":"Jaw Worm","floor":5.0,"turns":1.0},{"damage":0,"enemies":"HollowMod:MossKnight","floor":8,"turns":1},{"damage":8,"enemies":"Gremlin Nob","floor":10,"turns":3},{"damage":5,"enemies":"infinitespire:Voidling","floor":11,"turns":3},{"damage":0,"enemies":"2 Fungi Beasts","floor":14,"turns":3},{"damage":0,"enemies":"Hexaghost","floor":16,"turns":4},{"damage":14,"enemies":"3 Byrds","floor":18,"turns":3},{"damage":0,"enemies":"Chosen","floor":19,"turns":2}],"seed_played":"6344194624103855114","potions_obtained":[{"floor":1.0,"key":"SneckoOil"},{"floor":8,"key":"Adrenaline Potion"},{"floor":10,"key":"GrandPatriotsElixir:ReiMu"},{"floor":11,"key":"Fire Potion"},{"floor":14,"key":"ColorlessPotion"},{"floor":14,"key":"Fruit Juice"},{"floor":18,"key":"SpeedPotion"}],"is_trial":false,"path_per_floor":["M","?","?","?","M","R","$","E","T","E","M","R","T","M","R","B",null,"M","M","?"],"character_chosen":"MARISA","items_purchased":["SprinkleStarSeal"],"campfire_rested":0,"item_purchase_floors":[7],"current_hp_per_floor":[75,58,40,25,25,25,25,25,25,17,12,12,12,17,17,17,80,66,66,66,66],"gold":610,"neow_bonus":"THREE_ENEMY_KILL","is_daily":false,"chose_seed":false,"campfire_upgraded":3,"win_rate":0.0,"timestamp":1613121674,"path_taken":["M","?","?","?","?","R","$","E","T","E","M","R","?","M","R","BOSS","M","?","?"],"items_purchased_type":["Card"],"build_version":"2020-12-22","purchased_purges":0,"victory":false,"max_hp_per_floor":[75,75,75,75,75,75,75,75,75,75,75,75,75,80,80,80,80,80,80,80,80],"card_choices":[{"not_picked":["Occultation","DC"],"picked":"DragonMeteor","floor":1.0},{"not_picked":["infinitespire:Gouge","ReplayTheSpireMod:Echoes of Time"],"picked":"ReplayTheSpireMod:Black Plague","floor":2.0},{"not_picked":["StarlightTyphoon","EnergyFlow"],"picked":"WitchOfGreed","floor":5},{"not_picked":["ChargingUp","PowerUp"],"picked":"SporeBomb","floor":8},{"not_picked":["SatelliteIllusion","GrandCross"],"picked":"MagicChant","floor":10},{"not_picked":["AsteroidBelt","EnergyFlow"],"picked":"BlazeAway","floor":11},{"not_picked":["GrandCross","DarkMatter"],"picked":"WitchLeyline","floor":14},{"not_picked":["AbsoluteMagnitude","EscapeVelocity"],"picked":"BinaryStars","floor":16},{"not_picked":["GrandCross","OpenUniverse+1"],"picked":"MagicChant","floor":18},{"not_picked":["EarthLightRay+1","AsteroidBelt"],"picked":"MysteriousBeam+1","floor":19}],"player_experience":1371057,"relics_obtained":[{"floor":8,"key":"Pet Ghost"},{"floor":9,"key":"InkBottle"},{"floor":10,"key":"Tiny Chest"},{"floor":13,"key":"Bronze Scales"}],"event_choices":[{"damage_healed":0.0,"max_hp_gain":0.0,"max_hp_loss":0.0,"gold_gain":0.0,"event_name":"Golden Idol","player_choice":"Take Damage","floor":3.0,"gold_loss":0.0,"damage_taken":18.0,"relics_obtained":["Golden Idol"]},{"damage_healed":0.0,"max_hp_gain":0.0,"max_hp_loss":0.0,"gold_gain":0.0,"event_name":"Shining Light","player_choice":"Entered Light","floor":4.0,"gold_loss":0.0,"damage_taken":15.0,"cards_upgraded":["DragonMeteor","Strike_MRS"]}],"is_beta":false,"boss_relics":[{"not_picked":["Pandora\u0027s Box","Ectoplasm"],"picked":"Replay:Wanted Poster"}],"items_purged_floors":[],"is_endless":false,"potions_floor_spawned":[1,8,11,14],"ascension_level":4}}