{"host":"2qv44oxt58ptq59r","time":1613146892,"event":{"mods":["AchievementEnabler","BaseMod","Colored Powertips","Highlight Path","Minty Spire (QoL Compilation)","Permanent Neow","StSLib"],"gold_per_floor":[117,117,4,0,0,40,64,108,108,108,39,39,55,71,71,191,191,167,192,37,37,0,40,61,61,88,112,112,112],"floor_reached":28,"language":"ENG","playtime":2372,"items_purged":["Strike_R"],"score":332,"play_id":"b6250afb-e3b9-43de-ba73-65b35e1c1a2b","local_time":"20210212162132","is_ascension_mode":true,"campfire_choices":[{"floor":10,"key":"REST"},{"data":"1","floor":12,"key":"LIFT"},{"data":"2","floor":15,"key":"LIFT"}],"circlet_count":0,"master_deck":["Strike_R","Strike_R","Strike_R","Defend_R","Defend_R","Defend_R","Defend_R","Bash","Exhume","Blood for Blood","Feel No Pain","Disarm","Intimidate","Feel No Pain","Uppercut","Body Slam","Inflame","Demon Form","Flame Barrier+1","Cleave","Thunderclap","Blood for Blood+1","Bludgeon","Sword Boomerang+1"],"relics":["Burning Blood","Golden Idol","White Beast Statue","Girya","Kunai","SacredBark","Bronze Scales","Blue Candle","MealTicket"],"acts_visited":["Exordium","TheCity"],"potions_floor_usage":[6,8,16,16,16,18,23,23,24,27,28],"damage_taken":[{"damage":4,"enemies":"2 Louse","floor":1,"turns":3},{"damage":20,"enemies":"Gremlin Nob","floor":6,"turns":4},{"damage":5,"enemies":"Jaw Worm","floor":7,"turns":5},{"damage":31,"enemies":"3 Sentries","floor":8,"turns":11},{"damage":0,"enemies":"Small Slimes","floor":13,"turns":5},{"damage":5,"enemies":"Blue Slaver","floor":14,"turns":5},{"damage":8,"enemies":"Hexaghost","floor":16,"turns":8},{"damage":41,"enemies":"2 Thieves","floor":18,"turns":5},{"damage":0,"enemies":"3 Byrds","floor":19,"turns":2},{"damage":19,"enemies":"Book of Stabbing","floor":23,"turns":7},{"damage":20,"enemies":"Centurion and Healer","floor":24,"turns":7},{"damage":6,"enemies":"Snake Plant","floor":27,"turns":3},{"damage":18,"enemies":"Cultist and Chosen","floor":28,"turns":3}],"seed_played":"-9076053491898055919","potions_obtained":[{"floor":1,"key":"Energy Potion"},{"floor":7,"key":"SkillPotion"},{"floor":8,"key":"AttackPotion"},{"floor":13,"key":"SpeedPotion"},{"floor":14,"key":"BlessingOfTheForge"},{"floor":16,"key":"GamblersBrew"},{"floor":18,"key":"Weak Potion"},{"floor":19,"key":"DuplicationPotion"},{"floor":23,"key":"SneckoOil"},{"floor":24,"key":"DuplicationPotion"},{"floor":27,"key":"SteroidPotion"}],"is_trial":false,"path_per_floor":["M","?","$","?","$","E","M","E","T","R","$","R","M","M","R","B",null,"M","M","$","?","?","E","M","?","T","M","M"],"character_chosen":"IRONCLAD","items_purchased":["Feel No Pain","Uppercut","Bronze Scales"],"campfire_rested":1,"item_purchase_floors":[3,11,20],"current_hp_per_floor":[74,54,54,54,54,40,41,16,16,40,40,40,46,47,47,45,71,36,42,42,42,42,29,15,15,15,15,0,0],"gold":112,"neow_bonus":"ONE_RANDOM_RARE_CARD","is_daily":false,"chose_seed":false,"campfire_upgraded":0,"win_rate":0.0,"timestamp":1613146892,"path_taken":["M","?","$","?","$","E","M","E","T","R","?","R","M","M","R","BOSS","M","M","$","?","?","E","M","?","T","M","M"],"items_purchased_type":["Card","Card","Relic"],"build_version":"2020-12-22","purchased_purges":1,"victory":false,"max_hp_per_floor":[80,80,80,80,80,80,80,80,80,80,80,80,80,80,80,80,80,80,80,80,80,80,80,80,80,80,80,80,80],"card_choices":[{"not_picked":["Power Through","Perfected Strike"],"picked":"Blood for Blood","floor":1},{"not_picked":["Armaments","Heavy Blade"],"picked":"Disarm","floor":6},{"not_picked":["Flex","True Grit"],"picked":"Intimidate","floor":7},{"not_picked":["Anger","True Grit"],"picked":"Feel No Pain","floor":8},{"not_picked":["Immolate","Armaments"],"picked":"Body Slam","floor":13},{"not_picked":["Shrug It Off","Clash"],"picked":"Inflame","floor":14},{"not_picked":["Barricade","Impervious"],"picked":"Demon Form","floor":16},{"not_picked":["Clash+1","True Grit"],"picked":"Flame Barrier+1","floor":18},{"not_picked":["Clothesline","Searing Blow"],"picked":"Cleave","floor":19},{"not_picked":["Reckless Charge","Havoc+1"],"picked":"Thunderclap","floor":23},{"not_picked":["Hemokinesis+1","Evolve"],"picked":"Blood for Blood+1","floor":24},{"not_picked":["Carnage+1","Anger"],"picked":"Sword Boomerang+1","floor":27}],"player_experience":5686637,"relics_obtained":[{"floor":6,"key":"White Beast Statue"},{"floor":8,"key":"Girya"},{"floor":9,"key":"Kunai"},{"floor":23,"key":"Blue Candle"},{"floor":26,"key":"MealTicket"}],"event_choices":[{"damage_healed":0,"gold_gain":0,"player_choice":"Take Damage","damage_taken":20,"relics_obtained":["Golden Idol"],"max_hp_gain":0,"max_hp_loss":0,"event_name":"Golden Idol","floor":2,"gold_loss":0},{"damage_healed":0,"gold_gain":0,"player_choice":"Left Gold","damage_taken":0,"max_hp_gain":0,"max_hp_loss":0,"event_name":"World of Goop","floor":4,"gold_loss":4},{"damage_healed":0,"gold_gain":0,"player_choice":"Ignored","damage_taken":0,"max_hp_gain":0,"max_hp_loss":0,"event_name":"Ghosts","floor":21,"gold_loss":0},{"damage_healed":0,"gold_gain":0,"player_choice":"Paid Fearfully","damage_taken":0,"max_hp_gain":0,"max_hp_loss":0,"event_name":"Masked Bandits","floor":22,"gold_loss":37},{"damage_healed":0,"gold_gain":0,"cards_transformed":["Strike_R"],"player_choice":"Transformed","damage_taken":0,"max_hp_gain":0,"max_hp_loss":0,"event_name":"Transmorgrifier","floor":25,"gold_loss":0,"cards_obtained":["Bludgeon"]}],"is_beta":false,"boss_relics":[{"not_picked":["Empty Cage","Snecko Eye"],"picked":"SacredBark"}],"items_purged_floors":[3],"is_endless":false,"potions_floor_spawned":[1,7,8,13,14,16,18,19,23,24,27],"killed_by":"Cultist and Chosen","ascension_level":7}}