{"host":"dvpvhz1t6etneyb3","time":1613096777,"event":{"mods":["AchievementEnabler","BaseMod","Colored Map","Highlight Path","Minty Spire (QoL Compilation)","Permanent Neow","Quick Restart"],"gold_per_floor":[10,10,29,39,39,39,59,86,112,144,162,162,162,188,188,188,188],"floor_reached":16,"language":"ENG","playtime":422,"items_purged":[],"score":240,"play_id":"6b4aa8bf-8c6d-4972-9267-e1f34bc35d55","local_time":"20210211212617","is_ascension_mode":true,"campfire_choices":[{"data":"Zap","floor":6.0,"key":"SMITH"},{"data":"Static Discharge","floor":13.0,"key":"SMITH"},{"data":"Genetic Algorithm","floor":15,"key":"SMITH"}],"circlet_count":0,"master_deck":["AscendersBane","Strike_B","Strike_B","Strike_B","Strike_B","Defend_B","Defend_B","Defend_B","Defend_B","Zap+1","Dualcast","Cold Snap","Sweeping Beam","Ball Lightning","Seek","Static Discharge+1","Genetic Algorithm+1"],"relics":["Cracked Core","Smiling Mask","Happy Flower","Vajra","White Beast Statue","Dream Catcher"],"acts_visited":["Exordium"],"potions_floor_usage":[16],"damage_taken":[{"damage":1.0,"enemies":"Cultist","floor":1.0,"turns":3.0},{"damage":0.0,"enemies":"2 Louse","floor":3.0,"turns":1.0},{"damage":2.0,"enemies":"Small Slimes","floor":4.0,"turns":3.0},{"damage":2.0,"enemies":"Looter","floor":7.0,"turns":3.0},{"damage":11.0,"enemies":"Gremlin Nob","floor":8.0,"turns":3.0},{"damage":13.0,"enemies":"3 Sentries","floor":10.0,"turns":5.0},{"damage":0.0,"enemies":"Gremlin Gang","floor":11.0,"turns":2.0},{"damage":0.0,"enemies":"The Mushroom Lair","floor":12.0,"turns":1.0},{"damage":25.0,"enemies":"Gremlin Nob","floor":14.0,"turns":4.0},{"damage":29,"enemies":"Hexaghost","floor":16,"turns":8}],"seed_played":"-3743608889419745662","potions_obtained":[{"floor":3.0,"key":"LiquidMemories"},{"floor":7.0,"key":"BlessingOfTheForge"},{"floor":8.0,"key":"SmokeBomb"},{"floor":11.0,"key":"Weak Potion"},{"floor":14.0,"key":"DistilledChaos"}],"is_trial":false,"path_per_floor":["M","$","M","M","?","R","M","E","T","E","M","?","R","E","R","B"],"character_chosen":"DEFECT","items_purchased":[],"campfire_rested":0,"item_purchase_floors":[],"current_hp_per_floor":[77,77,77,75,75,75,73,62,62,49,49,49,49,24,24,0,0],"gold":188,"neow_bonus":"TWENTY_PERCENT_HP_BONUS","is_daily":false,"chose_seed":false,"campfire_upgraded":3,"win_rate":0.0,"timestamp":1613096777,"path_taken":["M","?","M","M","?","R","?","E","T","E","M","?","R","E","R","BOSS"],"items_purchased_type":[],"build_version":"2020-12-22","purchased_purges":0,"victory":false,"max_hp_per_floor":[85,85,85,85,85,85,85,85,85,85,85,85,85,85,85,85,85],"card_choices":[{"not_picked":["Go for the Eyes","Steam"],"picked":"Cold Snap","floor":1.0},{"not_picked":["Steam","Leap","Gash"],"picked":"SKIP","floor":3.0},{"not_picked":["Steam","Coolheaded"],"picked":"Sweeping Beam","floor":4.0},{"not_picked":["Cold Snap","Compile Driver"],"picked":"Ball Lightning","floor":7.0},{"not_picked":["Stack","Compile Driver"],"picked":"Seek","floor":8.0},{"not_picked":["Sweeping Beam","Turbo","Stack"],"picked":"SKIP","floor":10.0},{"not_picked":["Redo","Barrage"],"picked":"Static Discharge","floor":11.0},{"not_picked":["Sweeping Beam","Ball Lightning"],"picked":"Genetic Algorithm","floor":14.0}],"player_experience":2193980,"relics_obtained":[{"floor":8.0,"key":"Happy Flower"},{"floor":9.0,"key":"Vajra"},{"floor":10.0,"key":"White Beast Statue"},{"floor":14.0,"key":"Dream Catcher"}],"event_choices":[{"damage_healed":0.0,"max_hp_gain":0.0,"max_hp_loss":0.0,"gold_gain":0.0,"event_name":"WeMeetAgain","player_choice":"Gave Potion","floor":5.0,"gold_loss":0.0,"damage_taken":0.0,"relics_obtained":["Smiling Mask"]},{"damage_healed":0.0,"max_hp_gain":0.0,"max_hp_loss":0.0,"gold_gain":0.0,"event_name":"Mushrooms","player_choice":"Fought Mushrooms","floor":12.0,"gold_loss":0.0,"damage_taken":0.0}],"is_beta":false,"boss_relics":[],"items_purged_floors":[],"is_endless":false,"potions_floor_spawned":[3,7,8,11,12,14],"killed_by":"Hexaghost","ascension_level":20}}