{"host":"w7dhjqgqsib0c3vt","time":1613144550,"event":{"mods":["ATMod(°¢èªMod)","BaseMod","Dota2Spire","Downfall","Minty Spire (QoL Compilation)","Shop Mod","Spicy Shops","StSLib"],"gold_per_floor":[117,292,311,311,261,314,314,26,26,61,75,102,118,152,152,257,257,268,111,111,6,23,54,54,83,83,123,232,251,386,521,521,737,737,759,236,146,171,32,182,182,308,380,391,7,7,133,152,152,452,452,452,38,270,370],"floor_reached":56,"language":"ZHS","playtime":1870,"items_purged":["Clumsy"],"score":1931,"play_id":"f377f488-af7f-483c-85d3-68ce8419359f","local_time":"20210212234230","is_ascension_mode":true,"campfire_choices":[{"data":"AT_ThunderBolt","floor":7.0,"key":"SMITH"},{"floor":15.0,"key":"REST"},{"floor":24.0,"key":"REST"},{"floor":32.0,"key":"REST"},{"floor":41,"key":"RECALL"},{"data":"AT_StudyProgram","floor":46,"key":"SMITH"},{"data":"AT_StudyProgram","floor":49,"key":"SMITH"},{"data":"Biased Cognition","floor":52,"key":"SMITH"}],"circlet_count":0,"master_deck":["Strike_B+1","Strike_B","Strike_B","Strike_B","Defend_B","Defend_B","Defend_B","Zap","Dualcast+1","AT_DrawKnifeCut+1","Discovery","Auto Shields","Melter","AT_ThunderBolt+1","hexamod:SecondSeal","bronze:DelayedGuard","hexamod:BurningTouch","Headbutt","SashWhip+1","Biased Cognition+1","White Noise","AT_StudyProgram+1","Necronomicurse","hexamod:Hexaguard","hexamod:SpectersWail+1","hexamod:FlamesFromBeyond","bronze:DigitalCarnage","expansioncontent:AwakenDeath+1","AT_ChampionStep","Seek","hexamod:PhantomFireball+1","Flash of Steel+1","AT_StudyProgram+1","hexamod:GhostShield+1","Stack","Crescendo+1","Outmaneuver+1","Force Field","Storm"],"relics":["Cracked Core","AT_ATBox","Dota2Spire:EyeOfSkadi","AT_Kusabimaru","PrismaticShard","Happy Flower","Dota2Spire:Mjollnir","AT_RedTearstoneRing","Dota2Spire:MonkeyKingBar","Nuclear Battery","Necronomicon","Membership Card","Whetstone","Unceasing Top","Dead Branch","CeramicFish","Dota2Spire:DrumOfEndurance","AT_TheCollector","Meat on the Bone","InkBottle","Dota2Spire:Bloodstone","ClockworkSouvenir","Cables","Pen Nib","Lee\u0027s Waffle","Omamori","Dota2Spire:EtherealBlade","DollysMirror","Dota2Spire:ShadowBlade","AT_ChloranthyRing","Dota2Spire:EchoSabre","Runic Capacitor","Dota2Spire:MantaStyle","Toolbox","Potion Belt","Gremlin Horn","Bottled Flame","Orrery","Dota2Spire:LotusOrb"],"acts_visited":["Exordium","TheCity","TheBeyond","TheEnding"],"potions_floor_usage":[50,50,50,50,54,54,54,55,55],"damage_taken":[{"damage":1.0,"enemies":"Cultist","floor":1.0,"turns":3.0},{"damage":1.0,"enemies":"Jaw Worm","floor":3.0,"turns":2.0},{"damage":12.0,"enemies":"Gremlin Nob","floor":6.0,"turns":3.0},{"damage":20.0,"enemies":"3 Sentries","floor":10.0,"turns":3.0},{"damage":2.0,"enemies":"2 Louse","floor":11.0,"turns":2.0},{"damage":1.0,"enemies":"Gremlin Nob","floor":12.0,"turns":3.0},{"damage":0.0,"enemies":"Blue Slaver","floor":13.0,"turns":1.0},{"damage":17.0,"enemies":"Lagavulin","floor":14.0,"turns":4.0},{"damage":18.0,"enemies":"Slime Boss","floor":16.0,"turns":5.0},{"damage":0.0,"enemies":"Spheric Guardian","floor":18.0,"turns":2.0},{"damage":0.0,"enemies":"Chosen","floor":22.0,"turns":3.0},{"damage":11.0,"enemies":"Slavers","floor":23.0,"turns":3.0},{"damage":15.0,"enemies":"Book of Stabbing","floor":25.0,"turns":3.0},{"damage":0.0,"enemies":"Gremlin Leader","floor":27.0,"turns":3.0},{"damage":0.0,"enemies":"Colosseum Slavers","floor":28.0,"turns":2.0},{"damage":0.0,"enemies":"Colosseum Nobs","floor":28.0,"turns":2.0},{"damage":0.0,"enemies":"Snecko","floor":29.0,"turns":2.0},{"damage":12.0,"enemies":"Slavers","floor":30.0,"turns":4.0},{"damage":0.0,"enemies":"Sentry and Sphere","floor":31.0,"turns":3.0},{"damage":48.0,"enemies":"Automaton","floor":33.0,"turns":7.0},{"damage":0.0,"enemies":"Orb Walker","floor":35.0,"turns":2.0},{"damage":0,"enemies":"3 Darklings","floor":38,"turns":2},{"damage":6,"enemies":"Nemesis","floor":40,"turns":3},{"damage":0,"enemies":"Giant Head","floor":42,"turns":3},{"damage":4,"enemies":"4 Shapes","floor":44,"turns":2},{"damage":0,"enemies":"Nemesis","floor":47,"turns":1},{"damage":0,"enemies":"Maw","floor":48,"turns":2},{"damage":19,"enemies":"Awakened One","floor":50,"turns":5},{"damage":0,"enemies":"Shield and Spear","floor":54,"turns":1},{"damage":18,"enemies":"The Heart","floor":55,"turns":3}],"seed_played":"-218475449613792690","potions_obtained":[{"floor":1.0,"key":"ColorlessPotion"},{"floor":11.0,"key":"SmokeBomb"},{"floor":12.0,"key":"Regen Potion"},{"floor":14.0,"key":"AttackPotion"},{"floor":16.0,"key":"champ:CounterPotion"},{"floor":22.0,"key":"Energy Potion"},{"floor":25.0,"key":"Fire Potion"},{"floor":33.0,"key":"Guardian:BlockOnCardUsePotion"},{"floor":47,"key":"EssenceOfSteel"}],"is_trial":false,"path_per_floor":["M","?","M","?","?","E","R","$","T","E","M","E","M","E","R","B",null,"M","$","?","$","M","E","R","E","T","E","?","M","E","M","R","B",null,"M","$","?","M","$","E","R","E","T","M","$","R","E","M","R","B",null,"R","$","E","B",null],"character_chosen":"DEFECT","items_purchased":["AT_Kusabimaru","PrismaticShard","AT_StudyProgram","FairyPotion","Membership Card","Whetstone","ClockworkSouvenir","Cables","Pen Nib","Lee\u0027s Waffle","Omamori","Dota2Spire:EtherealBlade","DollysMirror","Dota2Spire:ShadowBlade","Runic Capacitor","Dota2Spire:MantaStyle","Toolbox","Potion Belt","bronze:BurnAndBuffPotion","Bottled Flame","Orrery","Fruit Juice","Slimebound:ThreeZeroPotion","SkillPotion","PowerPotion","Storm"],"campfire_rested":3,"item_purchase_floors":[8,8,19,19,21,21,36,36,36,36,36,36,39,39,45,45,45,45,45,53,53,53,53,53,53,53],"current_hp_per_floor":[67,67,66,66,66,59,59,59,59,39,37,36,36,31,55,37,69,69,69,53,53,53,42,66,51,51,51,51,51,51,51,75,39,70,70,87,87,87,87,81,81,81,81,77,77,77,77,77,77,87,87,87,87,87,74],"gold":370,"neow_bonus":"RANDOM_COLORLESS","is_daily":false,"chose_seed":false,"campfire_upgraded":4,"win_rate":0.0,"timestamp":1613144550,"path_taken":["M","?","M","?","?","E","R","$","T","E","M","E","M","E","R","BOSS","M","$","?","$","M","E","R","E","T","E","?","M","E","M","R","BOSS","M","$","?","M","$","E","R","E","T","M","$","R","E","?","R","BOSS","R","$","E","BOSS"],"items_purchased_type":["Relic","Relic","Card","Potion","Relic","Relic","Relic","Relic","Relic","Relic","Relic","Relic","Relic","Relic","Relic","Relic","Relic","Relic","Potion","Relic","Relic","Potion","Potion","Potion","Potion","Card"],"build_version":"2020-12-22","purchased_purges":1,"victory":true,"max_hp_per_floor":[75,75,75,75,75,80,80,80,80,80,80,80,80,80,80,80,80,80,80,80,80,80,80,80,80,80,80,80,80,80,80,80,80,80,80,87,87,87,87,87,87,87,87,87,87,87,87,87,87,87,87,87,87,87,92],"card_choices":[{"not_picked":["Finesse","Enlightenment"],"picked":"Discovery","floor":0.0},{"not_picked":["Barrage","AT_RobotInSpace"],"picked":"Auto Shields","floor":1.0},{"not_picked":["Compile Driver","Blizzard"],"picked":"Melter","floor":3.0},{"not_picked":["Skim","Darkness"],"picked":"AT_ThunderBolt","floor":6.0},{"not_picked":["Guardian:TemporalStrike","sneckomod:QuickBite"],"picked":"hexamod:SecondSeal","floor":10.0},{"not_picked":["Slimebound:LeechingTouch","JustLucky"],"picked":"bronze:DelayedGuard","floor":11.0},{"not_picked":["Prepared","Body Slam"],"picked":"hexamod:BurningTouch","floor":12.0},{"not_picked":["Darkness","Slimebound:ComboTackle"],"picked":"Headbutt","floor":13.0},{"not_picked":["Slimebound:DouseInSlime","Bane"],"picked":"SashWhip","floor":14.0},{"not_picked":["LessonLearned","bronze:BurnOut"],"picked":"Biased Cognition","floor":16.0},{"not_picked":["CrushJoints","Stack"],"picked":"White Noise","floor":18.0},{"not_picked":["Chill","Slimebound:FinishingTackle"],"picked":"hexamod:Hexaguard","floor":22.0},{"not_picked":["Judgement","Slice"],"picked":"hexamod:SpectersWail+1","floor":23.0},{"not_picked":["True Grit","Wild Strike","Wraith Form v2"],"picked":"SKIP","floor":25.0},{"not_picked":["Stack+1","AT_GerminateFire"],"picked":"hexamod:FlamesFromBeyond","floor":27.0},{"not_picked":["PathToVictory","Anger"],"picked":"bronze:DigitalCarnage","floor":28.0},{"not_picked":["Slimebound:SplitLeeching+1","bronze:ItsAFeature"],"picked":"expansioncontent:AwakenDeath+1","floor":29.0},{"not_picked":["Guardian:PiercingHide","sneckomod:UnknownClassHEXA_GHOST_PURPLE","WreathOfFlame"],"picked":"SKIP","floor":30.0},{"not_picked":["champ:BladeFlurry","bronze:Terminator"],"picked":"AT_ChampionStep","floor":31.0},{"not_picked":["Slimebound:FirmFortitude","champ:Devastate"],"picked":"Seek","floor":33.0},{"not_picked":["Guardian:GuardianWhirl","PanicButton+1"],"picked":"hexamod:PhantomFireball+1","floor":35.0},{"not_picked":["Sweeping Beam+1","AT_DrawKnifeCut+1"],"picked":"Flash of Steel+1","floor":38},{"not_picked":["Heatsinks+1","Slimebound:SplitMire+1"],"picked":"hexamod:GhostShield+1","floor":40},{"not_picked":["Slimebound:LevelUp+1","Flechettes","Guardian:WalkerClaw"],"picked":"SKIP","floor":42},{"not_picked":["sneckomod:UnknownUncommonAttack","AT_SoftenMuscles","BowlingBash+1"],"picked":"SKIP","floor":44},{"not_picked":["Slimebound:ComboTackle+1","bronze:BitShift+1","bronze:BurnOut"],"picked":"SKIP","floor":47},{"not_picked":["hexamod:ShieldOfDarkness","champ:BladeFlurry+1"],"picked":"Stack","floor":48},{"not_picked":["champ:PreciseThrust+1","Guardian:Incinerate"],"picked":"Crescendo+1","floor":53},{"not_picked":["AT_KneejerkReflex+1","Predator+1"],"picked":"Outmaneuver+1","floor":53},{"not_picked":["Cold Snap","Slimebound:RollThrough"],"picked":"Force Field","floor":53},{"not_picked":["bronze:BuggyMess","InnerPeace+1","Blur+1"],"picked":"SKIP","floor":54}],"player_experience":664790,"relics_obtained":[{"floor":6.0,"key":"Dota2Spire:EyeOfSkadi"},{"floor":9.0,"key":"Happy Flower"},{"floor":10.0,"key":"Dota2Spire:Mjollnir"},{"floor":12.0,"key":"AT_RedTearstoneRing"},{"floor":14.0,"key":"Dota2Spire:MonkeyKingBar"},{"floor":20.0,"key":"Necronomicon"},{"floor":23.0,"key":"Unceasing Top"},{"floor":25.0,"key":"Dead Branch"},{"floor":26.0,"key":"CeramicFish"},{"floor":27.0,"key":"Dota2Spire:DrumOfEndurance"},{"floor":28.0,"key":"AT_TheCollector"},{"floor":28.0,"key":"Meat on the Bone"},{"floor":30.0,"key":"InkBottle"},{"floor":40,"key":"AT_ChloranthyRing"},{"floor":42,"key":"Dota2Spire:EchoSabre"},{"floor":47,"key":"Gremlin Horn"},{"floor":54,"key":"Dota2Spire:LotusOrb"}],"event_choices":[{"damage_healed":0.0,"max_hp_gain":0.0,"max_hp_loss":0.0,"gold_gain":175.0,"event_name":"Liars Game","player_choice":"AGREE","floor":2.0,"gold_loss":0.0,"damage_taken":0.0,"cards_obtained":["Doubt"]},{"damage_healed":0.0,"max_hp_gain":0.0,"max_hp_loss":0.0,"gold_gain":0.0,"event_name":"Living Wall","player_choice":"Grow","floor":4.0,"gold_loss":0.0,"damage_taken":0.0,"cards_upgraded":["AT_DrawKnifeCut"]},{"cards_removed":["Doubt"],"damage_healed":0.0,"max_hp_gain":0.0,"max_hp_loss":0.0,"gold_gain":0.0,"event_name":"The Cleric","player_choice":"Card Removal","floor":5.0,"gold_loss":50.0,"damage_taken":0.0},{"damage_healed":0.0,"max_hp_gain":0.0,"max_hp_loss":0.0,"gold_gain":0.0,"event_name":"Cursed Tome","player_choice":"Obtained Book","floor":20.0,"gold_loss":0.0,"damage_taken":16.0},{"damage_healed":0.0,"max_hp_gain":0.0,"max_hp_loss":0.0,"gold_gain":0.0,"event_name":"Colosseum","player_choice":"Fight","floor":28.0,"gold_loss":0.0,"damage_taken":0.0},{"damage_healed":0.0,"max_hp_gain":0.0,"max_hp_loss":0.0,"gold_gain":0.0,"event_name":"Colosseum","player_choice":"Fought Nobs","floor":28.0,"gold_loss":0.0,"damage_taken":0.0},{"cards_removed":["Defend_B"],"damage_healed":0.0,"max_hp_gain":0.0,"max_hp_loss":0.0,"gold_gain":0.0,"event_name":"Designer","player_choice":"Upgrade and Remove","floor":37.0,"gold_loss":90.0,"damage_taken":0.0,"cards_upgraded":["Dualcast"]}],"is_beta":false,"boss_relics":[{"not_picked":["FrozenCore","Inserter"],"picked":"Nuclear Battery"},{"not_picked":["AT_MortalBlade","Runic Dome"],"picked":"Dota2Spire:Bloodstone"}],"items_purged_floors":[36],"is_endless":false,"potions_floor_spawned":[1,11,12,14,16,22,25,30,33,35,38,47],"ascension_level":6}}