{"host":"g907ck67u7c3hrs6","time":1613140131,"event":{"mods":["BaseMod","Colored Map","DeckTracker","Force Act Four","Highlight Path","Keyboard Shortcuts","Minty Spire (QoL Compilation)","Permanent Neow","Say the Spire","SuperFastMode"],"gold_per_floor":[114,133,147,161,180,206,264,296,296,221,581,611,661,275,275,376,376,389,216,251,55,73,133,133,133,133,162,162,162,187,107,107,184,184,229,245,27,71,108,200,200,259,259,291,316,410,410,442,442,442,442,442,442,109,171,171],"floor_reached":57,"language":"KOR","playtime":2456,"items_purged":["Parasite","Writhe","Doubt"],"score":3718,"play_id":"1712d46f-c222-4f9c-9fdd-9addfb896fc8","local_time":"20210212232851","daily_mods":["SealedDeck","Specialized","Heirloom","Time Dilation","Flight","DeadlyEvents","Cursed Run","Elite Swarm"],"is_ascension_mode":true,"campfire_choices":[{"data":"Devotion","floor":15.0,"key":"SMITH"},{"data":"Apotheosis","floor":24.0,"key":"SMITH"},{"data":"Vault","floor":25.0,"key":"SMITH"},{"floor":28.0,"key":"DIG"},{"floor":29.0,"key":"DIG"},{"floor":32,"key":"DIG"},{"floor":41,"key":"DIG"},{"floor":47,"key":"DIG"},{"floor":49,"key":"RECALL"},{"floor":53,"key":"DIG"}],"circlet_count":0,"master_deck":["AscendersBane","PathToVictory","PathToVictory","PathToVictory","PathToVictory","PathToVictory","EmptyFist","EmptyFist","FearNoEvil","FearNoEvil","CutThroughFate","Wallop","Evaluate","Perseverance","Worship","Worship","Study","ThirdEye","ThirdEye","InnerPeace","Wish","DevaForm","SpiritShield","Scrawl","Devotion+1","Scrawl","PathToVictory","Vault+1","Devotion+1","Apotheosis+1","MentalFortress","Injury","SpiritShield+1","Scrawl+1","Decay","Omniscience+1","Vault+1","Vault+1","Brilliance","Scrawl+1","Omniscience+1","SpiritShield+1","Omniscience+1","EmptyBody+1","InnerPeace+1","Scrawl+1","Normality"],"relics":["Cursed Key","Darkstone Periapt","Du-Vu Doll","Incense Burner","TeardropLocket","Lizard Tail","Anchor","Old Coin","Eternal Feather","Oddly Smooth Stone","Thread and Needle","VioletLotus","DollysMirror","Turnip","Toxic Egg 2","Shovel","Boot","The Courier","Bird Faced Urn","Pen Nib","Coffee Dripper","Pantograph","White Beast Statue","Sundial","GoldenEye","Lantern","Dream Catcher","HornCleat","Omamori","Frozen Egg 2","Ice Cream","Pear","Vajra"],"acts_visited":["Exordium","TheCity","TheBeyond","TheEnding"],"potions_floor_usage":[56],"damage_taken":[{"damage":0.0,"enemies":"Cultist","floor":1.0,"turns":1.0},{"damage":0.0,"enemies":"2 Louse","floor":2.0,"turns":2.0},{"damage":5.0,"enemies":"Jaw Worm","floor":3.0,"turns":2.0},{"damage":0.0,"enemies":"Red Slaver","floor":4.0,"turns":1.0},{"damage":0.0,"enemies":"Blue Slaver","floor":5.0,"turns":1.0},{"damage":13.0,"enemies":"3 Sentries","floor":6.0,"turns":3.0},{"damage":13.0,"enemies":"Lagavulin","floor":7.0,"turns":5.0},{"damage":1.0,"enemies":"Gremlin Nob","floor":8.0,"turns":3.0},{"damage":1.0,"enemies":"Lagavulin","floor":11.0,"turns":5.0},{"damage":0.0,"enemies":"Gremlin Nob","floor":12.0,"turns":2.0},{"damage":0.0,"enemies":"Lagavulin","floor":13.0,"turns":5.0},{"damage":11.0,"enemies":"Hexaghost","floor":16.0,"turns":4.0},{"damage":0.0,"enemies":"Spheric Guardian","floor":18.0,"turns":3.0},{"damage":9.0,"enemies":"Shell Parasite","floor":20.0,"turns":4.0},{"damage":0.0,"enemies":"Centurion and Healer","floor":22.0,"turns":3.0},{"damage":46.0,"enemies":"Gremlin Leader","floor":23.0,"turns":4.0},{"damage":12.0,"enemies":"Slavers","floor":27.0,"turns":4.0},{"damage":0,"enemies":"Gremlin Leader","floor":30,"turns":4},{"damage":54,"enemies":"Collector","floor":33,"turns":4},{"damage":8,"enemies":"Orb Walker","floor":35,"turns":4},{"damage":0,"enemies":"3 Shapes","floor":36,"turns":4},{"damage":0,"enemies":"Transient","floor":38,"turns":6},{"damage":5,"enemies":"Maw","floor":39,"turns":4},{"damage":0,"enemies":"Giant Head","floor":40,"turns":6},{"damage":17,"enemies":"Nemesis","floor":42,"turns":4},{"damage":0,"enemies":"Giant Head","floor":44,"turns":7},{"damage":0,"enemies":"Reptomancer","floor":45,"turns":3},{"damage":0,"enemies":"Giant Head","floor":46,"turns":6},{"damage":5,"enemies":"Nemesis","floor":48,"turns":4},{"damage":32,"enemies":"Time Eater","floor":50,"turns":6},{"damage":14,"enemies":"Awakened One","floor":51,"turns":7},{"damage":0,"enemies":"Shield and Spear","floor":55,"turns":4},{"damage":65,"enemies":"The Heart","floor":56,"turns":7}],"seed_played":"5949444087574092606","potions_obtained":[{"floor":1.0,"key":"Strength Potion"},{"floor":5.0,"key":"DistilledChaos"},{"floor":11.0,"key":"Weak Potion"},{"floor":12.0,"key":"DuplicationPotion"},{"floor":18.0,"key":"Block Potion"},{"floor":23.0,"key":"SmokeBomb"},{"floor":27.0,"key":"DistilledChaos"},{"floor":42,"key":"Swift Potion"}],"is_trial":true,"path_per_floor":["M","M","M","M","M","E","E","E","T","$","E","E","E","$","R","B",null,"M","$","M","$","M","E","R","R","T","E","R","R","E","$","R","B",null,"M","M","$","M","M","E","R","E","T","E","E","E","R","E","R","B","B",null,"R","$","E","B",null],"character_chosen":"WATCHER","items_purchased":["PathToVictory","Thread and Needle","DollysMirror","Apotheosis","Pantograph","Omniscience+1","EmptyBody+1","InnerPeace+1"],"campfire_rested":0,"item_purchase_floors":[14,14,19,21,37,54,54,54],"current_hp_per_floor":[61,61,56,56,56,43,30,29,35,35,34,34,34,34,49,44,69,69,69,60,60,60,14,32,50,56,44,62,80,80,80,83,35,76,74,82,82,88,86,89,89,76,82,94,95,95,95,90,95,63,84,92,105,105,105,50],"gold":171,"neow_bonus":"","is_daily":false,"chose_seed":false,"campfire_upgraded":3,"win_rate":0.0,"timestamp":1613140131,"path_taken":["M","M","M","M","M","E","E","E","T","$","E","E","E","$","R","BOSS","M","$","M","$","M","E","R","R","T","E","R","R","E","$","R","BOSS","M","M","$","M","M","E","R","E","T","E","E","E","R","E","R","BOSS","BOSS","R","$","E","BOSS"],"items_purchased_type":["Card","Relic","Relic","Card","Relic","Card","Card","Card"],"build_version":"2020-12-22","purchased_purges":3,"victory":true,"max_hp_per_floor":[68,68,68,68,68,68,68,68,74,71,71,71,71,71,71,77,77,77,77,77,77,77,77,77,77,83,83,83,83,83,83,83,89,89,89,89,89,89,89,89,89,89,95,95,95,95,95,95,95,95,95,95,105,105,105,111],"card_choices":[{"not_picked":["CutThroughFate","Consecrate"],"picked":"Study","floor":1.0},{"not_picked":["Nirvana","Crescendo"],"picked":"ThirdEye","floor":2.0},{"not_picked":["Evaluate","DeceiveReality"],"picked":"ThirdEye","floor":3.0},{"not_picked":["Crescendo","Consecrate","FearNoEvil"],"picked":"SKIP","floor":4.0},{"not_picked":["FollowUp","Tantrum"],"picked":"InnerPeace","floor":5.0},{"not_picked":["LessonLearned","Judgement"],"picked":"Wish","floor":6.0},{"not_picked":["Brilliance","Establishment"],"picked":"DevaForm","floor":7.0},{"not_picked":["Judgement","ConjureBlade"],"picked":"SpiritShield","floor":8.0},{"not_picked":["Alpha","LessonLearned"],"picked":"Scrawl","floor":11.0},{"not_picked":["Alpha","DeusExMachina"],"picked":"Devotion","floor":12.0},{"not_picked":["DevaForm","Brilliance"],"picked":"Scrawl","floor":13.0},{"not_picked":["DevaForm","Scrawl"],"picked":"Vault","floor":16.0},{"not_picked":["EmptyFist","CrushJoints","Study"],"picked":"SKIP","floor":18.0},{"not_picked":["Weave","Consecrate","CutThroughFate"],"picked":"SKIP","floor":20.0},{"not_picked":["JustLucky","SandsOfTime"],"picked":"MentalFortress","floor":22.0},{"not_picked":["DevaForm","LessonLearned","ConjureBlade"],"picked":"SKIP","floor":23.0},{"not_picked":["Brilliance","MasterReality"],"picked":"SpiritShield+1","floor":27.0},{"not_picked":["Alpha+1","Ragnarok"],"picked":"Scrawl+1","floor":30},{"not_picked":["DevaForm","Scrawl+1"],"picked":"Omniscience+1","floor":33},{"not_picked":["Halt+1","FlyingSleeves+1","Conclude"],"picked":"SKIP","floor":35},{"not_picked":["Weave+1","FlurryOfBlows","FollowUp"],"picked":"SKIP","floor":36},{"not_picked":["DeceiveReality+1","JustLucky","WheelKick"],"picked":"SKIP","floor":38},{"not_picked":["LikeWater","Meditate+1","Halt+1"],"picked":"SKIP","floor":39},{"not_picked":["Wish+1","MasterReality"],"picked":"Vault+1","floor":40},{"not_picked":["Wish+1","DeusExMachina+1"],"picked":"Vault+1","floor":42},{"not_picked":["Scrawl+1","Judgement+1"],"picked":"Brilliance","floor":44},{"not_picked":["Ragnarok","DevaForm"],"picked":"Scrawl+1","floor":45},{"not_picked":["DevaForm","ConjureBlade+1"],"picked":"Omniscience+1","floor":46},{"not_picked":["MasterReality+1","Alpha+1"],"picked":"SpiritShield+1","floor":48},{"not_picked":["Blasphemy+1","SpiritShield+1"],"picked":"Scrawl+1","floor":55}],"player_experience":292690,"relics_obtained":[{"floor":6.0,"key":"TeardropLocket"},{"floor":7.0,"key":"Lizard Tail"},{"floor":8.0,"key":"Anchor"},{"floor":11.0,"key":"Old Coin"},{"floor":12.0,"key":"Eternal Feather"},{"floor":13.0,"key":"Oddly Smooth Stone"},{"floor":23.0,"key":"Turnip"},{"floor":26.0,"key":"Toxic Egg 2"},{"floor":27.0,"key":"Shovel"},{"floor":28.0,"key":"Boot"},{"floor":29.0,"key":"The Courier"},{"floor":30,"key":"Bird Faced Urn"},{"floor":32,"key":"Pen Nib"},{"floor":40,"key":"White Beast Statue"},{"floor":41,"key":"Sundial"},{"floor":42,"key":"GoldenEye"},{"floor":43,"key":"Lantern"},{"floor":44,"key":"Dream Catcher"},{"floor":45,"key":"HornCleat"},{"floor":46,"key":"Omamori"},{"floor":47,"key":"Frozen Egg 2"},{"floor":48,"key":"Ice Cream"},{"floor":53,"key":"Pear"},{"floor":55,"key":"Vajra"}],"event_choices":[],"is_beta":false,"boss_relics":[{"not_picked":["Runic Pyramid","Astrolabe"],"picked":"VioletLotus"},{"not_picked":["Snecko Eye","Tiny House"],"picked":"Coffee Dripper"}],"items_purged_floors":[10,31,54],"is_endless":false,"potions_floor_spawned":[1,5,8,11,12,13,18,20,23,27,38,42,44,45,46,48,55],"ascension_level":20}}