{"host":"z2qbs5oitkx9dzyk","time":1613116861,"event":{"mods":["BaseMod","Colored Map","Colored Powertips","Minty Spire (QoL Compilation)","Shop Mod"],"gold_per_floor":[217,113,132,149,164,183,183,183,183,183,37,62,79,94,94,192,192,181,214,214,214,231,231,243,243,243,518,537,554,554,214,214,318,318,328,328,11,28,45,45,59,59,105,153,153,168,168,19,19,19,19,19,19,46,46],"floor_reached":56,"language":"ENG","playtime":2719,"items_purged":["Strike_R"],"score":1149,"play_id":"6728218d-aaac-47a5-8ea0-cf197c8ec7c0","local_time":"20210212020101","is_ascension_mode":false,"campfire_choices":[{"data":"Inflame","floor":7.0,"key":"SMITH"},{"floor":10.0,"key":"REST"},{"data":"Infernal Blade","floor":15.0,"key":"SMITH"},{"data":"Strike_R","floor":23.0,"key":"PURGE"},{"data":"Strike_R","floor":25.0,"key":"PURGE"},{"data":"Regret","floor":30.0,"key":"PURGE"},{"data":"Rampage","floor":32.0,"key":"SMITH"},{"data":"Strike_R","floor":40,"key":"PURGE"},{"data":"Strike_R","floor":42,"key":"PURGE"},{"floor":45,"key":"RECALL"},{"data":"Bash","floor":47,"key":"PURGE"},{"data":"Feel No Pain","floor":49,"key":"SMITH"},{"data":"Barricade","floor":52,"key":"SMITH"}],"circlet_count":0,"master_deck":["Defend_R","Defend_R","Defend_R","Defend_R","Inflame+1","Pummel","Disarm","Barricade+1","Second Wind","Infernal Blade+1","Shrug It Off","Intimidate","Pummel","Juggernaut","Havoc","Spot Weakness+1","Sentinel","Rampage+1","Rampage","Disarm","Exhume","Offering","Armaments+1","Metallicize","Entrench","Shrug It Off+1","Disarm+1","Feel No Pain+1","Disarm","True Grit+1"],"relics":["Burning Blood","Dead Branch","Bird Faced Urn","Peace Pipe","Orrery","Darkstone Periapt","SlaversCollar","Red Mask","Mercury Hourglass","DollysMirror","Runic Pyramid","MealTicket","Blood Vial"],"acts_visited":["Exordium","TheCity","TheBeyond","TheEnding"],"potions_floor_usage":[33,33,41,46,54,55],"damage_taken":[{"damage":2.0,"enemies":"2 Louse","floor":1.0,"turns":3.0},{"damage":1.0,"enemies":"Cultist","floor":3.0,"turns":4.0},{"damage":7.0,"enemies":"Small Slimes","floor":4.0,"turns":5.0},{"damage":27.0,"enemies":"Exordium Thugs","floor":5.0,"turns":5.0},{"damage":10.0,"enemies":"Looter","floor":6.0,"turns":2.0},{"damage":16.0,"enemies":"Lagavulin","floor":12.0,"turns":5.0},{"damage":0.0,"enemies":"Large Slime","floor":13.0,"turns":7.0},{"damage":8.0,"enemies":"2 Fungi Beasts","floor":14.0,"turns":2.0},{"damage":15.0,"enemies":"Hexaghost","floor":16.0,"turns":13.0},{"damage":13.0,"enemies":"2 Thieves","floor":18.0,"turns":4.0},{"damage":34.0,"enemies":"Masked Bandits","floor":19.0,"turns":6.0},{"damage":22.0,"enemies":"Spheric Guardian","floor":22.0,"turns":4.0},{"damage":9.0,"enemies":"Snake Plant","floor":24.0,"turns":4.0},{"damage":17.0,"enemies":"Snecko","floor":28.0,"turns":6.0},{"damage":21.0,"enemies":"3 Cultists","floor":29.0,"turns":4.0},{"damage":18,"enemies":"Champ","floor":33,"turns":11},{"damage":52,"enemies":"3 Darklings","floor":35,"turns":6},{"damage":9,"enemies":"3 Shapes","floor":38,"turns":5},{"damage":15,"enemies":"3 Darklings","floor":39,"turns":4},{"damage":10,"enemies":"4 Shapes","floor":41,"turns":9},{"damage":5,"enemies":"Jaw Worm Horde","floor":46,"turns":4},{"damage":34,"enemies":"Awakened One","floor":50,"turns":12},{"damage":21,"enemies":"Shield and Spear","floor":54,"turns":7},{"damage":63,"enemies":"The Heart","floor":55,"turns":9}],"seed_played":"5903562482691822054","potions_obtained":[{"floor":4.0,"key":"Strength Potion"},{"floor":6.0,"key":"BlessingOfTheForge"},{"floor":13.0,"key":"EssenceOfSteel"},{"floor":14.0,"key":"Dexterity Potion"},{"floor":18.0,"key":"Strength Potion"},{"floor":19.0,"key":"Explosive Potion"},{"floor":24.0,"key":"FearPotion"},{"floor":29.0,"key":"Weak Potion"},{"floor":38,"key":"FearPotion"},{"floor":54,"key":"Energy Potion"}],"is_trial":false,"path_per_floor":["M","?","M","M","M","M","R","?","T","R","$","E","M","M","R","B",null,"M","?","?","?","M","R","M","R","T","?","M","M","R","$","R","B",null,"M","?","$","M","M","R","M","R","T","T","R","M","R","$","R","B",null,"R","$","E","B",null],"character_chosen":"IRONCLAD","items_purchased":["Orrery","DollysMirror","Disarm","Exhume","Metallicize","Entrench","AttackPotion","Block Potion","Feel No Pain","Disarm"],"campfire_rested":1,"item_purchase_floors":[11,31,31,31,37,37,37,37,48,48],"current_hp_per_floor":[80,80,80,79,58,54,54,42,42,66,66,60,74,74,74,69,80,75,49,75,60,48,48,49,49,49,55,48,37,37,37,37,35,91,45,80,80,79,74,74,78,78,78,78,78,80,80,80,80,62,80,80,80,73,34],"gold":46,"neow_bonus":"HUNDRED_GOLD","is_daily":false,"chose_seed":false,"campfire_upgraded":5,"win_rate":0.0,"timestamp":1613116861,"path_taken":["M","?","M","?","M","M","R","?","T","R","$","E","M","M","R","BOSS","M","?","?","?","M","R","M","R","T","?","?","M","R","?","R","BOSS","M","?","$","M","M","R","M","R","T","?","R","M","R","$","R","BOSS","R","$","E","BOSS"],"items_purchased_type":["Relic","Relic","Card","Card","Card","Card","Potion","Potion","Card","Card"],"build_version":"2020-12-22","purchased_purges":1,"victory":true,"max_hp_per_floor":[80,80,80,80,80,80,80,80,80,80,80,80,80,80,80,80,80,80,80,80,85,85,85,85,85,85,91,91,91,91,91,91,91,91,91,80,80,80,80,80,80,80,80,80,80,80,80,80,80,80,80,80,80,80,80],"card_choices":[{"not_picked":["Sword Boomerang","Warcry","Dropkick"],"picked":"SKIP","floor":1.0},{"not_picked":["Pommel Strike","Iron Wave","Thunderclap"],"picked":"SKIP","floor":3.0},{"not_picked":["Reckless Charge","Sword Boomerang"],"picked":"Inflame","floor":4.0},{"not_picked":["Cleave","Flame Barrier"],"picked":"Pummel","floor":5.0},{"not_picked":["Flex","Ghostly Armor"],"picked":"Disarm","floor":6.0},{"not_picked":["Anger","Clash"],"picked":"Barricade","floor":11.0},{"not_picked":["Pommel Strike","Clothesline"],"picked":"Second Wind","floor":11.0},{"not_picked":["Perfected Strike","Headbutt"],"picked":"Infernal Blade","floor":11.0},{"not_picked":["Pommel Strike","Anger"],"picked":"Shrug It Off","floor":11.0},{"not_picked":["Twin Strike","Iron Wave","Clash"],"picked":"SKIP","floor":12.0},{"not_picked":["Flex","Iron Wave"],"picked":"Intimidate","floor":13.0},{"not_picked":["Perfected Strike","Anger"],"picked":"Pummel","floor":14.0},{"not_picked":["Offering","Reaper"],"picked":"Juggernaut","floor":16.0},{"not_picked":["Dropkick","Clothesline"],"picked":"Havoc","floor":18.0},{"not_picked":["Sword Boomerang","Blood for Blood","Reckless Charge"],"picked":"SKIP","floor":22.0},{"not_picked":["Bloodletting","Perfected Strike"],"picked":"Spot Weakness+1","floor":24.0},{"not_picked":["Second Wind","True Grit+1"],"picked":"Sentinel","floor":28.0},{"not_picked":["Thunderclap","Flame Barrier"],"picked":"Rampage","floor":29.0},{"not_picked":["Immolate","Berserk"],"picked":"Offering","floor":33},{"not_picked":["Wild Strike","Whirlwind+1"],"picked":"Armaments+1","floor":35},{"not_picked":["Flex","Evolve+1","Bloodletting"],"picked":"SKIP","floor":38},{"not_picked":["Armaments","Dark Embrace+1","Perfected Strike+1"],"picked":"SKIP","floor":39},{"not_picked":["Sword Boomerang+1","Whirlwind"],"picked":"Shrug It Off+1","floor":41},{"not_picked":["Bloodletting+1","Clothesline+1"],"picked":"Disarm+1","floor":46},{"not_picked":["Combust+1","Thunderclap+1"],"picked":"True Grit+1","floor":54}],"player_experience":412234,"relics_obtained":[{"floor":9.0,"key":"Peace Pipe"},{"floor":12.0,"key":"Darkstone Periapt"},{"floor":19.0,"key":"Red Mask"},{"floor":26.0,"key":"Mercury Hourglass"},{"floor":44,"key":"MealTicket"},{"floor":54,"key":"Blood Vial"}],"event_choices":[{"damage_healed":0.0,"max_hp_gain":0.0,"max_hp_loss":0.0,"gold_gain":0.0,"event_name":"WeMeetAgain","player_choice":"Paid Gold","floor":2.0,"gold_loss":104.0,"damage_taken":0.0,"relics_obtained":["Dead Branch"]},{"damage_healed":0.0,"max_hp_gain":0.0,"max_hp_loss":0.0,"gold_gain":0.0,"event_name":"Scrap Ooze","player_choice":"Success","floor":8.0,"gold_loss":0.0,"damage_taken":12.0,"relics_obtained":["Bird Faced Urn"]},{"damage_healed":0.0,"max_hp_gain":0.0,"max_hp_loss":0.0,"gold_gain":0.0,"event_name":"Masked Bandits","player_choice":"Fought Bandits","floor":19.0,"gold_loss":0.0,"damage_taken":0.0},{"damage_healed":26.0,"max_hp_gain":0.0,"max_hp_loss":0.0,"gold_gain":0.0,"event_name":"The Library","player_choice":"Heal","floor":20.0,"gold_loss":0.0,"damage_taken":0.0},{"damage_healed":0.0,"max_hp_gain":5.0,"max_hp_loss":0.0,"gold_gain":0.0,"event_name":"Forgotten Altar","player_choice":"Shed Blood","floor":21.0,"gold_loss":0.0,"damage_taken":20.0},{"damage_healed":0.0,"max_hp_gain":0.0,"max_hp_loss":0.0,"gold_gain":275.0,"event_name":"Golden Shrine","player_choice":"Desecrate","floor":27.0,"gold_loss":0.0,"damage_taken":0.0,"cards_obtained":["Regret"]},{"damage_healed":80,"gold_gain":0,"player_choice":"Heal","damage_taken":0,"max_hp_gain":0,"max_hp_loss":11,"event_name":"The Moai Head","floor":36,"gold_loss":0}],"is_beta":false,"boss_relics":[{"not_picked":["Black Star","Ectoplasm"],"picked":"SlaversCollar"},{"not_picked":["Busted Crown","SacredBark"],"picked":"Runic Pyramid"}],"items_purged_floors":[37],"is_endless":false,"potions_floor_spawned":[4,6,13,14,18,19,24,29,38,39,54],"ascension_level":0}}