{"host":"swavyr4ofmkhu42f","time":1613104562,"event":{"mods":["BaseMod","Colored Map","Minty Spire (QoL Compilation)","StSLib"],"gold_per_floor":[114,133,153,173,184,184,216,234,234,252,252,101,121,121,121,121,121],"floor_reached":16,"language":"ENG","playtime":528,"items_purged":["Defend_R"],"score":106,"play_id":"b2ed1381-6bac-4f6d-b604-a1126c687286","local_time":"20210211233602","is_ascension_mode":false,"campfire_choices":[{"floor":6,"key":"REST"},{"floor":15,"key":"REST"}],"circlet_count":0,"master_deck":["Strike_R","Strike_R","Strike_R","Strike_R","Strike_R","Defend_R","Defend_R","Defend_R","Bash","Whirlwind"],"relics":["Burning Blood","Bronze Scales","Self Forming Clay","Golden Idol"],"acts_visited":["Exordium"],"potions_floor_usage":[5,8,10,13,16],"damage_taken":[{"damage":6,"enemies":"Jaw Worm","floor":1,"turns":3},{"damage":3,"enemies":"Small Slimes","floor":2,"turns":3},{"damage":6,"enemies":"Cultist","floor":3,"turns":3},{"damage":37,"enemies":"Exordium Thugs","floor":4,"turns":5},{"damage":29,"enemies":"Large Slime","floor":5,"turns":8},{"damage":58,"enemies":"3 Sentries","floor":7,"turns":11},{"damage":5,"enemies":"2 Fungi Beasts","floor":8,"turns":4},{"damage":0,"enemies":"3 Louse","floor":10,"turns":1},{"damage":17,"enemies":"Exordium Wildlife","floor":13,"turns":4},{"damage":38,"enemies":"The Guardian","floor":16,"turns":6}],"seed_played":"719464939958205431","potions_obtained":[{"floor":4,"key":"Strength Potion"},{"floor":7,"key":"SpeedPotion"},{"floor":8,"key":"Regen Potion"},{"floor":13,"key":"SteroidPotion"}],"is_trial":false,"path_per_floor":["M","M","M","M","M","R","E","M","T","M","?","$","M","?","R","B"],"character_chosen":"IRONCLAD","items_purchased":["Regen Potion"],"campfire_rested":2,"item_purchase_floors":[12],"current_hp_per_floor":[88,88,88,57,34,60,8,9,9,15,15,15,16,16,40,2,2],"gold":121,"neow_bonus":"TEN_PERCENT_HP_BONUS","is_daily":false,"chose_seed":false,"campfire_upgraded":0,"win_rate":0.0,"timestamp":1613104562,"path_taken":["M","M","M","M","M","R","E","M","T","M","?","$","M","?","R","BOSS"],"items_purchased_type":["Potion"],"build_version":"2020-12-22","purchased_purges":1,"victory":false,"max_hp_per_floor":[88,88,88,88,88,88,88,88,88,88,88,88,88,81,81,81,81],"card_choices":[{"not_picked":["Sword Boomerang","Armaments","Anger"],"picked":"SKIP","floor":1},{"not_picked":["Rampage","Uppercut","Sword Boomerang"],"picked":"SKIP","floor":2},{"not_picked":["Wild Strike","True Grit","Dropkick"],"picked":"SKIP","floor":3},{"not_picked":["Sever Soul","Uppercut","Heavy Blade"],"picked":"SKIP","floor":4},{"not_picked":["Dropkick","Pummel","Warcry"],"picked":"SKIP","floor":5},{"not_picked":["Shrug It Off","Thunderclap"],"picked":"Whirlwind","floor":7},{"not_picked":["Immolate","Perfected Strike","Twin Strike"],"picked":"SKIP","floor":8},{"not_picked":["Perfected Strike","Wild Strike","Armaments"],"picked":"SKIP","floor":10},{"not_picked":["Feel No Pain","Warcry","Combust"],"picked":"SKIP","floor":13}],"player_experience":207686,"relics_obtained":[{"floor":7,"key":"Bronze Scales"},{"floor":9,"key":"Self Forming Clay"}],"event_choices":[{"damage_healed":0,"gold_gain":0,"player_choice":"Ignored","damage_taken":0,"max_hp_gain":0,"max_hp_loss":0,"event_name":"Shining Light","floor":11,"gold_loss":0},{"damage_healed":0,"gold_gain":0,"player_choice":"Lose Max HP","damage_taken":0,"relics_obtained":["Golden Idol"],"max_hp_gain":0,"max_hp_loss":7,"event_name":"Golden Idol","floor":14,"gold_loss":0}],"is_beta":false,"boss_relics":[],"items_purged_floors":[12],"is_endless":false,"potions_floor_spawned":[4,7,8,13],"killed_by":"The Guardian","ascension_level":0}}