{"host":"szcsc05p6ieg5q76","time":1613150634,"event":{"mods":["ATMod(阿瑾Mod)","Act Like it!","Arknights","BaseMod","Minty Spire (QoL Compilation)","Reimu（博丽灵梦）","SOS（斯巴达之子）","StSLib","The Servant 0.9.4","【功能Mod】聪明的最终Boss"],"gold_per_floor":[114,74,89,37,212,242,242,98,98,115,125,140,165,188,200,315,327,351,363,393,423,453,465,497,541,580,611,651,663,663],"floor_reached":29,"language":"ZHS","playtime":1760,"items_purged":["Doubt"],"score":329,"play_id":"749ec9fd-16b7-405a-b0dc-6b93fe5378d5","local_time":"20210212182354","is_ascension_mode":false,"campfire_choices":[{"data":"LovePray:ReiMu","floor":7,"key":"SMITH"},{"floor":15,"key":"REST"},{"floor":23,"key":"REST"}],"circlet_count":0,"master_deck":["Strike_Lin:ReiMu","Strike_Lin:ReiMu","Strike_Lin:ReiMu","Strike_Lin:ReiMu","Defend_Lin:ReiMu","Defend_Lin:ReiMu","Defend_Lin:ReiMu","Defend_Lin:ReiMu","NB:ReiMu","Stagnation:ReiMu","AT_ChampionStep","LovePray:ReiMu+1","Crusade:ReiMu","AirStrike:ReiMu","OctopathBindingBorder2:ReiMu","YinYangSange:ReiMu","MountainWay:ReiMu","OrbThrow:ReiMu","NineCharacters:ReiMu","Authority:ReiMu","CleanRite:ReiMu+1","EmergencyTakeOff:ReiMu","SealNeedle:ReiMu","SpringWay:ReiMu","Conquer:ReiMu","KamiSacrifice:ReiMu","Dreaming2:ReiMu","Gathering:ReiMu+1","MikOfLucky:ReiMu"],"relics":["FlyPower:ReiMu","AT_ATBox","NeowsBlessing","PaintedHorse:ReiMu","Mastiff:ReiMu","MawBank","AT_TrinityForce","Mummified Hand","Dream Catcher","HornCleat"],"acts_visited":["Exordium","TheCity"],"potions_floor_usage":[12,13,13,25,27,28,28],"damage_taken":[{"damage":0,"enemies":"Small Slimes","floor":1,"turns":1},{"damage":0,"enemies":"2 Louse","floor":3,"turns":2},{"damage":0,"enemies":"Gremlin Nob","floor":6,"turns":1},{"damage":0,"enemies":"Cultist","floor":10,"turns":3},{"damage":0,"enemies":"2 Fungi Beasts","floor":11,"turns":3},{"damage":13,"enemies":"Gremlin Gang","floor":12,"turns":5},{"damage":26,"enemies":"3 Sentries","floor":13,"turns":9},{"damage":9,"enemies":"Large Slime","floor":14,"turns":7},{"damage":4,"enemies":"Hexaghost","floor":16,"turns":11},{"damage":5,"enemies":"Chosen","floor":18,"turns":5},{"damage":20,"enemies":"3 Byrds","floor":20,"turns":6},{"damage":11,"enemies":"Centurion and Healer","floor":21,"turns":7},{"damage":3,"enemies":"Chosen and Byrds","floor":22,"turns":5},{"damage":0,"enemies":"Cultist and Chosen","floor":24,"turns":4},{"damage":22,"enemies":"Gremlin Leader","floor":25,"turns":5},{"damage":2,"enemies":"Snecko","floor":27,"turns":4},{"damage":18,"enemies":"Book of Stabbing","floor":28,"turns":4},{"damage":6,"enemies":"Shelled Parasite and Fungi","floor":29,"turns":1}],"seed_played":"256145819460603171","potions_obtained":[{"floor":1,"key":"SkillPotion"},{"floor":10,"key":"PowerPotion"},{"floor":12,"key":"ColorlessPotion"},{"floor":14,"key":"Energy Potion"},{"floor":20,"key":"Swift Potion"},{"floor":22,"key":"GrandPatriotsElixir:ReiMu"},{"floor":27,"key":"ZuzhouPotion:ReiMu"},{"floor":28,"key":"BlessingOfTheForge"}],"is_trial":false,"path_per_floor":["M","?","M","$","?","E","R","$","T","M","M","M","E","M","R","B",null,"M","?","M","M","M","R","M","E","T","M","E","M"],"character_chosen":"REIMU","items_purchased":["AirStrike:ReiMu","YinYangSange:ReiMu"],"campfire_rested":2,"item_purchase_floors":[4,8],"current_hp_per_floor":[65,65,65,65,65,65,65,65,65,65,65,52,26,17,36,32,65,60,60,40,29,26,45,45,23,23,21,3,0,0],"gold":663,"neow_bonus":"THREE_ENEMY_KILL","is_daily":false,"chose_seed":false,"campfire_upgraded":1,"win_rate":0.0,"timestamp":1613150634,"path_taken":["M","?","M","$","?","E","R","$","T","M","M","M","E","M","R","BOSS","M","?","M","M","M","R","M","E","T","M","E","?"],"items_purchased_type":["Card","Card"],"build_version":"2020-12-22","purchased_purges":1,"victory":false,"max_hp_per_floor":[65,65,65,65,65,65,65,65,65,65,65,65,65,65,65,65,65,65,65,65,65,65,65,65,65,65,65,65,65,65],"card_choices":[{"not_picked":["Intuition:ReiMu","Conquer:ReiMu"],"picked":"LovePray:ReiMu","floor":1},{"not_picked":["Meditation:ReiMu","Intuition:ReiMu"],"picked":"Crusade:ReiMu","floor":3},{"not_picked":["ManaGlint:ReiMu","Conquer:ReiMu"],"picked":"OctopathBindingBorder2:ReiMu","floor":6},{"not_picked":["SpiritualOutbreak2:ReiMu","FantasyBorder:ReiMu"],"picked":"MountainWay:ReiMu","floor":10},{"not_picked":["WonderfulDomain:ReiMu","PrepareRite:ReiMu"],"picked":"OrbThrow:ReiMu","floor":11},{"not_picked":["WonderfulDomain:ReiMu","FantasyBorder:ReiMu"],"picked":"NineCharacters:ReiMu","floor":12},{"not_picked":["Mountainwind:ReiMu","EmergencyTakeOff:ReiMu"],"picked":"Authority:ReiMu","floor":13},{"not_picked":["LovePray:ReiMu","SubcavityInstant:ReiMu","TightArray:ReiMu"],"picked":"SKIP","floor":14},{"not_picked":["CardOfSanctity:ReiMu","Free:ReiMu"],"picked":"CleanRite:ReiMu","floor":16},{"not_picked":["TightArray:ReiMu","UpKicking:ReiMu"],"picked":"EmergencyTakeOff:ReiMu","floor":18},{"not_picked":["TightArray:ReiMu","SubcavityInstant:ReiMu+1"],"picked":"SealNeedle:ReiMu","floor":20},{"not_picked":["KyokaiOfKami:ReiMu","BarrageOfMoneybags:ReiMu"],"picked":"SpringWay:ReiMu","floor":21},{"not_picked":["Meditation:ReiMu+1","SubcavityInstant:ReiMu"],"picked":"Conquer:ReiMu","floor":22},{"not_picked":["DoubleButterfly:ReiMu","CareerPray:ReiMu"],"picked":"KamiSacrifice:ReiMu","floor":24},{"not_picked":["Intuition:ReiMu","SpringWay:ReiMu"],"picked":"Dreaming2:ReiMu","floor":25},{"not_picked":["SpringWay:ReiMu","Mountainwind:ReiMu"],"picked":"Gathering:ReiMu+1","floor":27},{"not_picked":["SpreadBorder2:ReiMu+1","LovePray:ReiMu+1"],"picked":"MikOfLucky:ReiMu","floor":28}],"player_experience":178503,"relics_obtained":[{"floor":6,"key":"Mastiff:ReiMu"},{"floor":13,"key":"MawBank"},{"floor":25,"key":"Mummified Hand"},{"floor":26,"key":"Dream Catcher"},{"floor":28,"key":"HornCleat"}],"event_choices":[{"damage_healed":0,"gold_gain":0,"player_choice":"塞钱","damage_taken":0,"relics_obtained":["PaintedHorse:ReiMu"],"max_hp_gain":0,"max_hp_loss":0,"event_name":"yidonshenshe","floor":2,"gold_loss":40},{"damage_healed":0,"gold_gain":175,"player_choice":"AGREE","damage_taken":0,"max_hp_gain":0,"max_hp_loss":0,"event_name":"Liars Game","floor":5,"gold_loss":0,"cards_obtained":["Doubt"]},{"damage_healed":0,"gold_gain":0,"player_choice":"Forge","damage_taken":0,"max_hp_gain":0,"max_hp_loss":0,"event_name":"Accursed Blacksmith","floor":19,"gold_loss":0,"cards_upgraded":["CleanRite:ReiMu"]}],"is_beta":false,"boss_relics":[{"not_picked":["AT_MortalBlade","Snecko Eye"],"picked":"AT_TrinityForce"}],"items_purged_floors":[8],"is_endless":false,"potions_floor_spawned":[1,10,12,14,20,22,24,27,28],"killed_by":"Shelled Parasite and Fungi","ascension_level":0}}