{"host":"ul3z8ex5o8l5j7mh","time":1613147109,"event":{"mods":["AchievementEnabler","BaseMod","Bestiary","Colored Map","Colored Powertips","DeckTracker","Keyboard Shortcuts","Minty Spire (QoL Compilation)","Relic Sorter","Relic Stats","SuperFastMode"],"gold_per_floor":[109,129,17,34,34,69,69,88,88,88,88,107,125,154,154,252,252,272,272,15,114,0,0,17,17,17,17,17],"floor_reached":27,"language":"ENG","playtime":863,"items_purged":["Strike_R","Strike_R"],"score":279,"play_id":"02fd0ed7-f162-45af-9399-16d2231ad482","local_time":"20210212172509","is_ascension_mode":true,"campfire_choices":[{"data":"Dark Embrace","floor":7.0,"key":"SMITH"},{"floor":10.0,"key":"REST"},{"data":"Infernal Blade","floor":15.0,"key":"SMITH"},{"floor":23.0,"key":"RECALL"},{"floor":25,"key":"REST"}],"circlet_count":0,"master_deck":["Strike_R","Strike_R","Defend_R","Defend_R","Defend_R","Defend_R","Bash","Dark Embrace+1","Anger","Thunderclap","Fire Breathing+1","Seeing Red","Carnage","Infernal Blade+1","Feed","Spot Weakness","Seeing Red","Fiend Fire","Spot Weakness","Second Wind","Fire Breathing","Sever Soul","Shrug It Off","Fire Breathing+1"],"relics":["Burning Blood","Toy Ornithopter","Oddly Smooth Stone","Pear","Fusion Hammer","Matryoshka"],"acts_visited":["Exordium","TheCity"],"potions_floor_usage":[24],"damage_taken":[{"damage":9.0,"enemies":"2 Louse","floor":1.0,"turns":2.0},{"damage":0.0,"enemies":"Small Slimes","floor":2.0,"turns":3.0},{"damage":2.0,"enemies":"Jaw Worm","floor":4.0,"turns":3.0},{"damage":46.0,"enemies":"Lagavulin","floor":6.0,"turns":6.0},{"damage":29.0,"enemies":"Blue Slaver","floor":8.0,"turns":4.0},{"damage":0.0,"enemies":"Large Slime","floor":12.0,"turns":3.0},{"damage":6.0,"enemies":"2 Fungi Beasts","floor":13.0,"turns":2.0},{"damage":28.0,"enemies":"3 Sentries","floor":14.0,"turns":5.0},{"damage":20.0,"enemies":"Slime Boss","floor":16.0,"turns":7.0},{"damage":28.0,"enemies":"2 Thieves","floor":18.0,"turns":4.0},{"damage":5,"enemies":"Spheric Guardian","floor":24,"turns":3},{"damage":98,"enemies":"Gremlin Leader","floor":27,"turns":4}],"seed_played":"-244129469704388224","potions_obtained":[{"floor":2.0,"key":"LiquidBronze"},{"floor":6.0,"key":"ElixirPotion"},{"floor":13.0,"key":"Swift Potion"},{"floor":14.0,"key":"Weak Potion"},{"floor":16.0,"key":"Fire Potion"}],"is_trial":false,"path_per_floor":["M","M","$","M","?","E","R","M","T","R","?","M","M","E","R","B",null,"M","?","$","?","?","R","M","R","T","E"],"character_chosen":"IRONCLAD","items_purchased":["Fire Breathing","Fire Breathing","Sever Soul","Shrug It Off"],"campfire_rested":2,"item_purchase_floors":[3,20,20,20],"current_hp_per_floor":[77,80,80,80,80,40,40,17,17,41,67,78,78,66,66,60,93,71,71,71,71,71,71,80,96,96,0,0],"gold":17,"neow_bonus":"TRANSFORM_CARD","is_daily":false,"chose_seed":false,"campfire_upgraded":2,"win_rate":0.0,"timestamp":1613147109,"path_taken":["M","M","$","M","?","E","R","M","T","R","?","M","M","E","R","BOSS","M","?","$","?","?","R","M","R","T","E"],"items_purchased_type":["Card","Card","Card","Card"],"build_version":"2020-12-22","purchased_purges":2,"victory":false,"max_hp_per_floor":[80,80,80,80,80,80,80,80,80,80,80,80,80,90,90,93,93,93,93,93,93,93,93,96,96,96,96,96],"relic_stats":{"counters":[12,46],"obtain_stats":[{"Pear":14,"Matryoshka":26,"Oddly Smooth Stone":9,"Fusion Hammer":17,"Burning Blood":0,"Toy Ornithopter":6},{"Pear":8,"Matryoshka":11,"Oddly Smooth Stone":5,"Fusion Hammer":9,"Burning Blood":0,"Toy Ornithopter":4},{"Pear":28,"Matryoshka":42,"Oddly Smooth Stone":18,"Fusion Hammer":35,"Burning Blood":0,"Toy Ornithopter":14}],"Burning Blood":59,"Toy Ornithopter":15},"card_choices":[{"not_picked":["Iron Wave","Heavy Blade"],"picked":"Anger","floor":1.0},{"not_picked":["Warcry","Havoc"],"picked":"Thunderclap","floor":2.0},{"not_picked":["Blood for Blood","Body Slam"],"picked":"Seeing Red","floor":4.0},{"not_picked":["Blood for Blood","Sword Boomerang"],"picked":"Carnage","floor":6.0},{"not_picked":["Flex","Headbutt"],"picked":"Infernal Blade","floor":8.0},{"not_picked":["Spot Weakness","Clash"],"picked":"Feed","floor":12.0},{"not_picked":["Headbutt","Armaments"],"picked":"Spot Weakness","floor":13.0},{"not_picked":["Heavy Blade","Flex"],"picked":"Seeing Red","floor":14.0},{"not_picked":["Double Tap","Barricade"],"picked":"Fiend Fire","floor":16.0},{"not_picked":["Battle Trance","Thunderclap"],"picked":"Spot Weakness","floor":18.0},{"not_picked":["Body Slam","Bloodletting"],"picked":"Fire Breathing+1","floor":24}],"player_experience":348110,"relics_obtained":[{"floor":6.0,"key":"Toy Ornithopter"},{"floor":9.0,"key":"Oddly Smooth Stone"},{"floor":14.0,"key":"Pear"},{"floor":26,"key":"Matryoshka"}],"event_choices":[{"damage_healed":0.0,"max_hp_gain":0.0,"max_hp_loss":0.0,"gold_gain":0.0,"event_name":"Living Wall","player_choice":"Grow","floor":5.0,"gold_loss":0.0,"damage_taken":0.0,"cards_upgraded":["Fire Breathing"]},{"damage_healed":26.0,"max_hp_gain":0.0,"max_hp_loss":0.0,"gold_gain":0.0,"event_name":"Big Fish","player_choice":"Banana","floor":11.0,"gold_loss":0.0,"damage_taken":0.0},{"damage_healed":0.0,"max_hp_gain":0.0,"max_hp_loss":0.0,"gold_gain":0.0,"event_name":"The Library","player_choice":"Read","floor":19.0,"gold_loss":0.0,"damage_taken":0.0,"cards_obtained":["Second Wind"]},{"damage_healed":0.0,"max_hp_gain":0.0,"max_hp_loss":0.0,"gold_gain":99.0,"event_name":"Nest","player_choice":"Stole From Cult","floor":21.0,"gold_loss":0.0,"damage_taken":0.0},{"damage_healed":0.0,"max_hp_gain":0.0,"max_hp_loss":0.0,"gold_gain":0.0,"event_name":"Masked Bandits","player_choice":"Paid Fearfully","floor":22.0,"gold_loss":114.0,"damage_taken":0.0}],"is_beta":false,"boss_relics":[{"not_picked":["Runic Pyramid","Cursed Key"],"picked":"Fusion Hammer"}],"items_purged_floors":[3,20],"is_endless":false,"potions_floor_spawned":[2,6,13,14,16],"killed_by":"Gremlin Leader","ascension_level":3}}