{"host":"znuunkttinnn1f17","time":1613093106,"event":{"mods":["BaseMod","Colored Map","Downfall","Minty Spire (QoL Compilation)","Replay The Spire","StSLib"],"gold_per_floor":[99,117,130,149,149,177,177,206,216,116,134,134,134,148,165,266,266,166,186,198,212,231,264,264,373,41,53,53,85,97,126,156,270,282,294,319,343,375,387,447,459,485,174,74,74,84,108,143,161,161,161,190,20,20,20,20],"floor_reached":57,"language":"ENG","playtime":5945,"items_purged":["bronze:Strike","bronze:BitShift","bronze:Strike"],"score":1263,"play_id":"0a9c389d-a0ae-4bec-aa5f-9d4083a3479d","local_time":"20210212022506","is_ascension_mode":false,"campfire_choices":[{"data":"bronze:Repulsor","floor":10.0,"key":"SMITH"},{"floor":13.0,"key":"RECALL"},{"data":"bronze:Repair","floor":18.0,"key":"SMITH"},{"data":"bronze:BuggyMess","floor":28.0,"key":"SMITH"},{"data":"bronze:FineTuning","floor":30.0,"key":"SMITH"},{"data":"bronze:Mutator","floor":35.0,"key":"SMITH"},{"data":"bronze:BugBarrage","floor":44.0,"key":"SMITH"}],"circlet_count":0,"master_deck":["bronze:Defend","bronze:Defend","bronze:Defend","bronze:Replicate","bronze:Goto","bronze:CutThrough","bronze:Repair+1","bronze:WhirlingStrike","bronze:InfiniteLoop","bronze:Repulsor+1","bronze:BuggyMess+1","bronze:HardenedForm","bronze:Iterate","bronze:FineTuning+1","bronze:Frontload+1","bronze:ForceShield","bronze:WildBeam+1","bronze:ItsAFeature","Finesse","bronze:Repair+1","bronze:FindAndReplace","bronze:Allocate+1","bronze:Mutator+1","bronze:BuggyMess","Replay:SS_hec_1","bronze:BugBarrage+1","bronze:BugBarrage+1","bronze:MaxOutput","Crow Ritual+1","bronze:Format"],"relics":["bronze:BronzeCore","Bag of Marbles","bronze:CableSpool","Blue Doll","downfall:HeartBlessingGreen","Philosopher\u0027s Stone","downfall:HeartBlessingRed","Potion Belt","Mirror","Membership Card","Vajra","MawBank","ChewingGum","Incense Burner","Replay:Wax Seal","TheAbacus","InkBottle","downfall:HeartBlessingBlue","Strange Spoon","CaptainsWheel","Lantern","Happy Flower","Chameleon Ring","Calipers"],"acts_visited":["Exordium","TheCity","TheBeyond","TheEnding"],"potions_floor_usage":[56,56,56,56,56],"damage_taken":[{"damage":8.0,"enemies":"2 Louse","floor":2.0,"turns":3.0},{"damage":4.0,"enemies":"Small Slimes","floor":3.0,"turns":4.0},{"damage":0.0,"enemies":"Cultist","floor":4.0,"turns":3.0},{"damage":28.0,"enemies":"Lagavulin","floor":6.0,"turns":5.0},{"damage":21.0,"enemies":"3 Sentries","floor":8.0,"turns":5.0},{"damage":0.0,"enemies":"Large Slime","floor":9.0,"turns":5.0},{"damage":6.0,"enemies":"Blue Slaver","floor":11.0,"turns":5.0},{"damage":0.0,"enemies":"Lots of Slimes","floor":14.0,"turns":1.0},{"damage":12.0,"enemies":"Large Slime","floor":15.0,"turns":4.0},{"damage":24.0,"enemies":"SI_SHIV_ARCHETYPE","floor":16.0,"turns":6.0},{"damage":0.0,"enemies":"3 Byrds","floor":19.0,"turns":3.0},{"damage":26.0,"enemies":"Centurion and Healer","floor":20.0,"turns":4.0},{"damage":10.0,"enemies":"Snecko","floor":21.0,"turns":6.0},{"damage":8.0,"enemies":"3 Cultists","floor":22.0,"turns":4.0},{"damage":16.0,"enemies":"Slavers","floor":23.0,"turns":3.0},{"damage":15.0,"enemies":"downfall:FleeingMerchant","floor":26.0,"turns":4.0},{"damage":9.0,"enemies":"Chosen and Byrds","floor":27.0,"turns":3.0},{"damage":17.0,"enemies":"Book of Stabbing","floor":29.0,"turns":5.0},{"damage":0.0,"enemies":"Snake Plant","floor":31.0,"turns":4.0},{"damage":0.0,"enemies":"Shelled Parasite and Fungi","floor":32.0,"turns":3.0},{"damage":49.0,"enemies":"IC_MUSHROOM_ARCHETYPE","floor":33.0,"turns":6.0},{"damage":22.0,"enemies":"3 Darklings","floor":36.0,"turns":5.0},{"damage":0.0,"enemies":"3 Shapes","floor":37.0,"turns":4.0},{"damage":13.0,"enemies":"3 Darklings","floor":38.0,"turns":5.0},{"damage":72.0,"enemies":"2 Orb Walkers","floor":40.0,"turns":6.0},{"damage":7.0,"enemies":"Writhing Mass","floor":42.0,"turns":5.0},{"damage":4.0,"enemies":"downfall:FleeingMerchant","floor":43.0,"turns":4.0},{"damage":0.0,"enemies":"downfall:FleeingMerchant","floor":46.0,"turns":1.0},{"damage":0.0,"enemies":"Giant Head","floor":48.0,"turns":6.0},{"damage":7.0,"enemies":"4 Shapes","floor":49.0,"turns":3.0},{"damage":44.0,"enemies":"WA_ARCHETYPE_DIVINITY","floor":50.0,"turns":7.0},{"damage":13.0,"enemies":"downfall:CharBossMerchant","floor":52.0,"turns":6.0},{"damage":3,"enemies":"downfall:NeowBoss","floor":55,"turns":10},{"damage":68,"enemies":"downfall:NeowBossFinal","floor":56,"turns":8}],"seed_played":"8225757807105495522","potions_obtained":[{"floor":2.0,"key":"hexamod:SoulburnPotion"},{"floor":4.0,"key":"champ:CounterPotion"},{"floor":6.0,"key":"LiquidMemories"},{"floor":9.0,"key":"EssenceOfSteel"},{"floor":14.0,"key":"SkillPotion"},{"floor":16.0,"key":"Weak Potion"},{"floor":21.0,"key":"SkillPotion"},{"floor":23.0,"key":"Adrenaline Potion"},{"floor":27.0,"key":"LiquidMemories"},{"floor":31.0,"key":"SmokeBomb"},{"floor":37.0,"key":"SpeedPotion"},{"floor":38.0,"key":"Elixir"},{"floor":49.0,"key":"Energy Potion"},{"floor":52.0,"key":"Weak Potion"},{"floor":54.0,"key":"PowerPotion"},{"floor":54.0,"key":"sneckomod:MuddlingPotion"}],"is_trial":false,"path_per_floor":["R_BF","M","M","M","?","E","T","E","M","R","M","?","R","M","M","B",null,"R","M","M","M","M","E","T","?","$","M","R","E","R","M","M","B",null,"R","M","M","M","?","?","T","M","$","R","?","$","T","E","M","B",null,"E","$","R","B","B",null],"character_chosen":"THE_AUTOMATON","items_purchased":["Membership Card","Vajra","bronze:ItsAFeature","Finesse","Replay:Wax Seal","TheAbacus","InkBottle","Crow Ritual+1","Strange Spoon","Adrenaline Potion","CaptainsWheel","Calipers","SteroidPotion"],"campfire_rested":0,"item_purchase_floors":[26,26,26,26,43,43,43,43,46,46,46,53,53],"current_hp_per_floor":[77,69,65,72,72,51,51,37,44,44,52,52,52,52,54,37,77,77,77,61,71,73,67,67,48,43,34,34,37,37,67,77,49,77,77,55,77,77,77,26,26,39,35,45,45,45,45,75,87,54,87,84,84,84,87,19],"gold":20,"neow_bonus":"TEN_PERCENT_HP_BONUS","is_daily":false,"chose_seed":false,"campfire_upgraded":6,"win_rate":0.0,"timestamp":1613093106,"path_taken":["R_BF","M","M","M","?","E","T","E","M","R","M","?","R","M","M","BOSS","R","M","?","M","M","E","T","?","$","M","R","E","R","?","M","BOSS","R","M","M","M","?","?","T","M","?","R","?","$","?","E","M","BOSS","E","$","R","BOSS","BOSS"],"items_purchased_type":["Relic","Relic","Card","Card","Relic","Relic","Relic","Card","Relic","Potion","Relic","Relic","Potion"],"build_version":"2020-12-22","purchased_purges":3,"victory":true,"max_hp_per_floor":[77,77,77,77,77,77,77,77,77,77,77,77,77,77,77,77,77,77,77,77,77,77,77,77,77,77,77,77,77,77,77,77,77,77,77,77,77,77,77,77,77,77,77,87,87,87,87,87,87,87,87,87,87,87,87,87],"card_choices":[{"not_picked":["bronze:BronzeOrb","bronze:BuggyMess"],"picked":"bronze:CutThrough","floor":2.0},{"not_picked":["bronze:Shield","bronze:GetLatest"],"picked":"bronze:Repair","floor":3.0},{"not_picked":["bronze:BronzeOrb","bronze:NullPointer"],"picked":"bronze:WhirlingStrike","floor":4.0},{"not_picked":["bronze:CutThrough","bronze:GetLatest","bronze:DarkDash"],"picked":"SKIP","floor":6.0},{"not_picked":["bronze:BitShift","bronze:BronzeOrb","bronze:ClassDefault"],"picked":"SKIP","floor":8.0},{"not_picked":["bronze:Overload","bronze:Frontload"],"picked":"bronze:Repulsor","floor":9.0},{"not_picked":["bronze:Allocate","bronze:CloningBeam","bronze:Break"],"picked":"SKIP","floor":11.0},{"not_picked":["bronze:Shield","bronze:NullPointer"],"picked":"bronze:BuggyMess","floor":14.0},{"not_picked":["bronze:Repulsor","bronze:DarkDash","bronze:BitShift"],"picked":"SKIP","floor":15.0},{"not_picked":["bronze:SpaghettiCode","bronze:ThunderWave"],"picked":"bronze:HardenedForm","floor":16.0},{"not_picked":["bronze:Overload","bronze:Optimize+1"],"picked":"bronze:Iterate","floor":19.0},{"not_picked":["bronze:OilSpill+1","bronze:FollowUp"],"picked":"bronze:FineTuning","floor":20.0},{"not_picked":["bronze:CutThrough","bronze:WhirlingStrike"],"picked":"bronze:Frontload+1","floor":21.0},{"not_picked":["bronze:Branch","bronze:Turbo"],"picked":"bronze:ForceShield","floor":22.0},{"not_picked":["bronze:Overheat","bronze:NullPointer","bronze:SpaghettiCode"],"picked":"SKIP","floor":23.0},{"not_picked":["bronze:DelayedSlice","bronze:Safeguard"],"picked":"bronze:WildBeam+1","floor":25.0},{"not_picked":["bronze:BuggyMess","bronze:Overheat","bronze:RecursiveStrike"],"picked":"SKIP","floor":26.0},{"not_picked":["bronze:ForceShield","bronze:Repulsor"],"picked":"bronze:Repair+1","floor":27.0},{"not_picked":["bronze:CutThrough","bronze:GetLatest+1"],"picked":"bronze:FindAndReplace","floor":29.0},{"not_picked":["bronze:Shell","bronze:BugBarrage"],"picked":"bronze:Allocate+1","floor":31.0},{"not_picked":["bronze:Iterate","bronze:DigitalCarnage","bronze:DelayedGuard"],"picked":"SKIP","floor":32.0},{"not_picked":["bronze:FindAndReplace","bronze:SpaghettiCode"],"picked":"bronze:Mutator","floor":33.0},{"not_picked":["bronze:Branch+1","bronze:Iterate"],"picked":"bronze:BuggyMess","floor":36.0},{"not_picked":["bronze:CutThrough","bronze:Fortify"],"picked":"bronze:DarkDash+1","floor":37.0},{"not_picked":["bronze:BuggyMess+1","bronze:Deprecate+1","bronze:Iterate+1"],"picked":"SKIP","floor":38.0},{"not_picked":["expansioncontent:PrepareCrush","Replay:SS_fish_1"],"picked":"Replay:SS_hec_1","floor":39.0},{"not_picked":["bronze:BuggyMess+1","bronze:Philosophize"],"picked":"bronze:BugBarrage","floor":40.0},{"not_picked":["bronze:DelayedGuard+1","bronze:Shell+1"],"picked":"bronze:BugBarrage+1","floor":42.0},{"not_picked":["bronze:Branch+1","bronze:ChildClass"],"picked":"bronze:MaxOutput","floor":43.0},{"not_picked":["bronze:Shell","bronze:ChildClass+1"],"picked":"bronze:Format","floor":46.0},{"not_picked":["bronze:Overheat+1","bronze:DelayedGuard","bronze:BitShift+1"],"picked":"SKIP","floor":48.0},{"not_picked":["bronze:DelayedGuard","bronze:WhirlingStrike","bronze:ForLoop"],"picked":"SKIP","floor":49.0},{"not_picked":["bronze:BitShift","bronze:OilSpill","bronze:Virus"],"picked":"SKIP","floor":52.0}],"player_experience":218300,"relics_obtained":[{"floor":6.0,"key":"Bag of Marbles"},{"floor":7.0,"key":"bronze:CableSpool"},{"floor":8.0,"key":"Blue Doll"},{"floor":23.0,"key":"Potion Belt"},{"floor":24.0,"key":"Mirror"},{"floor":29.0,"key":"MawBank"},{"floor":40.0,"key":"Incense Burner"},{"floor":47.0,"key":"Lantern"},{"floor":48.0,"key":"Happy Flower"},{"floor":52.0,"key":"Chameleon Ring"}],"event_choices":[{"damage_healed":0.0,"max_hp_gain":0.0,"max_hp_loss":0.0,"gold_gain":0.0,"event_name":"Mysterious Sphere","player_choice":"Fight","floor":40.0,"gold_loss":0.0,"damage_taken":0.0},{"cards_removed":["bronze:DarkDash"],"damage_healed":0.0,"max_hp_gain":0.0,"max_hp_loss":0.0,"gold_gain":0.0,"event_name":"Falling","player_choice":"Removed Attack","floor":45.0,"gold_loss":0.0,"damage_taken":0.0}],"is_beta":false,"boss_relics":[{"not_picked":["Pandora\u0027s Box","Coffee Dripper"],"picked":"Philosopher\u0027s Stone"},{"not_picked":["Busted Crown","Black Star"],"picked":"ChewingGum"}],"items_purged_floors":[26,43,46],"is_endless":false,"potions_floor_spawned":[2,4,6,9,14,16,21,23,27,31,32,37,38,49,52],"ascension_level":0}}