{"host":"og6lam4kt3nibbw0","time":1613146503,"event":{"mods":["AchievementEnabler","BaseMod","Colored Map","DeckTracker","Highlight Path","Keyboard Shortcuts","Minty Spire (QoL Compilation)","Permanent Neow","Quick Restart","StSLib","SuperFastMode"],"gold_per_floor":[112,132,152,152,164,164,164,184,184,184,259,279,309,320,320,320,320],"floor_reached":16,"language":"KOR","playtime":515,"items_purged":[],"score":208,"play_id":"1702c9a8-6f8e-49fa-9836-4d1859c640df","local_time":"20210213011503","is_ascension_mode":true,"campfire_choices":[{"data":"Rip and Tear","floor":6.0,"key":"SMITH"},{"floor":10,"key":"REST"},{"floor":15,"key":"REST"}],"circlet_count":0,"master_deck":["AscendersBane","Strike_B","Strike_B","Strike_B","Defend_B","Defend_B","Defend_B","Defend_B","Zap+1","Dualcast","Gash","Rip and Tear+1","Gash+1","Melter","FTL","Leap","Loop","Rainbow","Cold Snap"],"relics":["Runic Pyramid","Mummified Hand","Frozen Egg 2"],"acts_visited":[],"potions_floor_usage":[13,16],"damage_taken":[{"damage":6.0,"enemies":"2 Louse","floor":1.0,"turns":3.0},{"damage":1.0,"enemies":"Cultist","floor":2.0,"turns":4.0},{"damage":2.0,"enemies":"Jaw Worm","floor":3.0,"turns":4.0},{"damage":1.0,"enemies":"2 Fungi Beasts","floor":5.0,"turns":3.0},{"damage":22,"enemies":"3 Louse","floor":8,"turns":3},{"damage":0,"enemies":"Blue Slaver","floor":12,"turns":3},{"damage":11,"enemies":"3 Sentries","floor":13,"turns":5},{"damage":6,"enemies":"Looter","floor":14,"turns":3},{"damage":23,"enemies":"Slime Boss","floor":16,"turns":5}],"seed_played":"-5045313637993793782","potions_obtained":[{"floor":8,"key":"SteroidPotion"},{"floor":13,"key":"SteroidPotion"}],"is_trial":false,"path_per_floor":["M","M","M","?","M","R","?","M","T","R","?","M","E","M","R","B"],"character_chosen":"DEFECT","items_purchased":[],"campfire_rested":2,"item_purchase_floors":[],"current_hp_per_floor":[58,57,55,55,54,54,33,11,11,32,21,21,10,4,25,2,2],"gold":320,"neow_bonus":"BOSS_RELIC","is_daily":false,"chose_seed":true,"campfire_upgraded":1,"win_rate":0.0,"timestamp":1613146503,"path_taken":["M","M","M","?","?","R","?","M","T","R","?","M","E","M","R","BOSS"],"items_purchased_type":[],"build_version":"2020-12-22","purchased_purges":0,"victory":false,"max_hp_per_floor":[71,71,71,71,71,71,71,71,71,71,71,71,71,71,71,71,71],"card_choices":[{"not_picked":["Cold Snap","Fusion"],"picked":"Gash","floor":1.0},{"not_picked":["Ball Lightning","Cold Snap"],"picked":"Rip and Tear","floor":2.0},{"not_picked":["Lockon","Genetic Algorithm"],"picked":"Gash","floor":3.0},{"not_picked":["Sweeping Beam","Barrage"],"picked":"FTL","floor":5.0},{"not_picked":["Cold Snap","Steam Power"],"picked":"Leap","floor":8},{"not_picked":["Redo","Ball Lightning"],"picked":"Loop","floor":12},{"not_picked":["Hologram","Turbo"],"picked":"Rainbow","floor":13},{"not_picked":["Turbo","Hologram"],"picked":"Cold Snap","floor":14}],"player_experience":955645,"relics_obtained":[{"floor":9,"key":"Mummified Hand"},{"floor":13,"key":"Frozen Egg 2"}],"event_choices":[{"damage_healed":0.0,"max_hp_gain":0.0,"max_hp_loss":0.0,"gold_gain":0.0,"cards_transformed":["Strike_B"],"event_name":"Transmorgrifier","player_choice":"Transformed","floor":4.0,"gold_loss":0.0,"damage_taken":0.0,"cards_obtained":["Melter"]},{"damage_healed":0.0,"max_hp_gain":0.0,"max_hp_loss":0.0,"gold_gain":0.0,"event_name":"Shining Light","player_choice":"Entered Light","floor":7.0,"gold_loss":0.0,"damage_taken":21.0,"cards_upgraded":["Gash","Zap"]},{"damage_healed":0,"gold_gain":75,"player_choice":"Gather Gold","damage_taken":11,"max_hp_gain":0,"max_hp_loss":0,"event_name":"World of Goop","floor":11,"gold_loss":0}],"is_beta":false,"boss_relics":[],"items_purged_floors":[],"is_endless":false,"potions_floor_spawned":[8,13],"killed_by":"Slime Boss","ascension_level":20}}