{"host":"rantoq7h0pygex6x","time":1613138243,"event":{"mods":["AchievementEnabler","BaseMod","BetterRewards","Minty Spire (QoL Compilation)"],"gold_per_floor":[109,25,25,25,25,55,73,73,73,86,100,133,145,73,73,150,150,167,167,57,57,107,107,107],"floor_reached":23,"language":"ENG","playtime":486,"items_purged":["Defend_R","Strike_R"],"score":615,"play_id":"6e03154d-5c85-4aaf-925b-1313655a413e","local_time":"20210212215723","is_ascension_mode":true,"campfire_choices":[{"data":"Hemokinesis","floor":8.0,"key":"SMITH"},{"floor":15.0,"key":"REST"}],"circlet_count":0,"master_deck":["AscendersBane","Defend_R","Defend_R","Defend_R","Bash","Shrug It Off","Rupture+1","Hemokinesis+1","Combust","Rage+1","Warcry+1","Juggernaut","Metallicize","Reaper","Burning Pact+1","Bite","Bite","Bite","Bite","Bite","Shrug It Off+1","Metallicize"],"relics":["Burning Blood","Toxic Egg 2","Matryoshka","Magic Flower","Juzu Bracelet","Charon\u0027s Ashes","MawBank","Busted Crown"],"acts_visited":["Exordium","TheCity"],"potions_floor_usage":[],"damage_taken":[{"damage":4.0,"enemies":"Cultist","floor":1.0,"turns":4.0},{"damage":33.0,"enemies":"3 Sentries","floor":6.0,"turns":7.0},{"damage":2.0,"enemies":"2 Louse","floor":7.0,"turns":2.0},{"damage":2.0,"enemies":"Jaw Worm","floor":10.0,"turns":2.0},{"damage":14.0,"enemies":"Looter","floor":11.0,"turns":2.0},{"damage":12.0,"enemies":"Lagavulin","floor":12.0,"turns":4.0},{"damage":45.0,"enemies":"The Guardian","floor":16.0,"turns":8.0},{"damage":22.0,"enemies":"Shell Parasite","floor":18.0,"turns":4.0},{"damage":62,"enemies":"Slavers","floor":23,"turns":3}],"seed_played":"1076840312530862487","potions_obtained":[{"floor":1.0,"key":"Swift Potion"},{"floor":6.0,"key":"Swift Potion"},{"floor":10.0,"key":"DistilledChaos"},{"floor":16.0,"key":"SteroidPotion"}],"is_trial":false,"path_per_floor":["M","$","?","?","T","E","M","R","T","M","M","E","?","$","R","B",null,"M","?","$","$","?","E"],"character_chosen":"IRONCLAD","items_purchased":["Shrug It Off","Rupture","Combust","Metallicize","Shrug It Off+1","Metallicize"],"campfire_rested":1,"item_purchase_floors":[0,0,2,14,20,20],"current_hp_per_floor":[49,49,54,43,43,16,23,23,23,30,25,22,22,22,46,10,63,50,50,50,50,50,0,0],"gold":107,"neow_bonus":"","is_daily":false,"chose_seed":false,"campfire_upgraded":1,"win_rate":0.0,"timestamp":1613138243,"path_taken":["M","?","?","?","?","E","?","R","T","M","M","E","?","$","R","BOSS","M","?","?","$","?","E"],"items_purchased_type":["Card","Card","Card","Card","Card","Card"],"build_version":"2020-12-22","purchased_purges":2,"victory":false,"max_hp_per_floor":[75,75,80,80,80,80,80,80,80,80,80,80,80,80,80,80,80,80,56,56,56,56,56,56],"card_choices":[{"not_picked":["Dropkick","Rupture"],"picked":"Hemokinesis","floor":1.0},{"not_picked":["Flex+1","Pummel"],"picked":"Rage+1","floor":6.0},{"not_picked":["Disarm+1","Clothesline","Sever Soul"],"picked":"SKIP","floor":7.0},{"not_picked":["Dropkick","Clothesline","Clash"],"picked":"SKIP","floor":10.0},{"not_picked":["Twin Strike","Wild Strike"],"picked":"Warcry+1","floor":11.0},{"not_picked":["Evolve","Rampage"],"picked":"Juggernaut","floor":12.0},{"not_picked":["Fiend Fire","Corruption"],"picked":"Reaper","floor":16.0},{"not_picked":[],"picked":"Burning Pact+1","floor":18.0}],"player_experience":990815,"relics_obtained":[{"floor":5.0,"key":"Matryoshka"},{"floor":6.0,"key":"Magic Flower"},{"floor":9.0,"key":"Juzu Bracelet"},{"floor":9.0,"key":"Charon\u0027s Ashes"},{"floor":12.0,"key":"MawBank"}],"event_choices":[{"damage_healed":0.0,"max_hp_gain":5.0,"max_hp_loss":0.0,"gold_gain":0.0,"event_name":"Big Fish","player_choice":"Donut","floor":3.0,"gold_loss":0.0,"damage_taken":0.0},{"damage_healed":0.0,"max_hp_gain":0.0,"max_hp_loss":0.0,"gold_gain":0.0,"event_name":"Scrap Ooze","player_choice":"Success","floor":4.0,"gold_loss":0.0,"damage_taken":11.0,"relics_obtained":["Toxic Egg 2"]},{"damage_healed":0.0,"max_hp_gain":0.0,"max_hp_loss":0.0,"gold_gain":0.0,"event_name":"Living Wall","player_choice":"Grow","floor":13.0,"gold_loss":0.0,"damage_taken":0.0,"cards_upgraded":["Rupture"]},{"damage_healed":0.0,"max_hp_gain":0.0,"max_hp_loss":24.0,"gold_gain":0.0,"event_name":"Vampires","player_choice":"Became a vampire","floor":19.0,"gold_loss":0.0,"damage_taken":0.0,"cards_obtained":["Bite","Bite","Bite","Bite","Bite"]},{"damage_healed":0.0,"max_hp_gain":0.0,"max_hp_loss":0.0,"gold_gain":50.0,"event_name":"Nest","player_choice":"Stole From Cult","floor":22.0,"gold_loss":0.0,"damage_taken":0.0}],"is_beta":false,"boss_relics":[{"not_picked":["Black Star","Mark of Pain"],"picked":"Busted Crown"}],"items_purged_floors":[0,0],"is_endless":false,"potions_floor_spawned":[1,6,10,16],"killed_by":"Slavers","ascension_level":20}}