{"host":"hpn0uxah5qjr7pa6","time":1613112567,"event":{"mods":["2.2 Compatiblity","Act Like it!","Aspiration","BaseMod","Better Third Choice","BetterRewards","Challenge The Spire","Colored Powertips","Conspire","DeckTracker","Downfall","Energized Spire","Hallownest","Hermit","Highlight Path","Hubris","Infinite Spire","Minty Spire (QoL Compilation)","Permanent Neow","Quick Restart","Rare Cards Sparkle","Replay The Spire","Spicy Shops","StSLib","The Bug Knight","The Jungle"],"gold_per_floor":[112,130,141,152,62,74,74,84,97,97,97,97,129,148,148,252,252,263,282,292,305,305,338,338,338,351,201,201,218,218,234,234,333,333,348,367,387,399,399,399,399,399,415,443,443,443,443,443,443,443],"floor_reached":51,"language":"ENG","playtime":1430,"items_purged":["bronze:Goto"],"score":1144,"play_id":"2e169a21-6fbd-4e23-a32e-c29b1396f8b3","local_time":"20210211224927","is_ascension_mode":true,"campfire_choices":[{"floor":11,"key":"REST"},{"floor":15,"key":"REST"},{"floor":25,"key":"REST"},{"data":"bronze:OilSpill","floor":28,"key":"SMITH"},{"floor":32,"key":"REST"},{"floor":40,"key":"REST"},{"data":"bronze:ChosenStrike","floor":45,"key":"SMITH"},{"data":"bronze:BronzeOrb","floor":49,"key":"SMITH"}],"circlet_count":0,"master_deck":["bronze:Strike","bronze:Strike","bronze:Strike","bronze:Strike","bronze:Defend","bronze:Defend","bronze:Defend","bronze:Defend","bronze:Replicate","bronze:ChosenStrike+1","bronze:WhirlingStrike","bronze:FollowUp","bronze:BronzeOrb+1","bronze:Branch","bronze:OilSpill+1","bronze:BronzeOrb","bronze:Branch","bronze:ChosenStrike+1"],"relics":["bronze:BronzeCore","infinitespire:Lucky Rock","Iron Hammer","hubris:SphereOfDissonance","Snecko Eye","Singing Bowl","infinitespire:Golems Mask","conspire:Flyswatter","aspiration:PoetsPen_weak","infinitespire:WardingShard","infinitespire:Joker Card","Busted Crown","Torii"],"acts_visited":["Exordium","TheCity","TheBeyond"],"potions_floor_usage":[16,21,23,35,50,50],"damage_taken":[{"damage":4,"enemies":"Small Slimes","floor":1,"turns":4},{"damage":6,"enemies":"2 Louse","floor":2,"turns":3},{"damage":14,"enemies":"Jaw Worm","floor":3,"turns":5},{"damage":4,"enemies":"Red Slaver","floor":4,"turns":2},{"damage":0,"enemies":"downfall:FleeingMerchant","floor":5,"turns":4},{"damage":3,"enemies":"3 Louse","floor":6,"turns":2},{"damage":0,"enemies":"Large Slime","floor":8,"turns":2},{"damage":3,"enemies":"Exordium Wildlife","floor":9,"turns":2},{"damage":0,"enemies":"Gremlin Nob","floor":13,"turns":2},{"damage":1,"enemies":"Lots of Slimes","floor":14,"turns":2},{"damage":19,"enemies":"DF_ARCHETYPE_STREAMLINE","floor":16,"turns":6},{"damage":0,"enemies":"Chosen","floor":18,"turns":3},{"damage":13,"enemies":"conspire:FuzzyDice","floor":19,"turns":6},{"damage":0,"enemies":"Chosen and Byrds","floor":20,"turns":4},{"damage":18,"enemies":"Centurion and Healer","floor":21,"turns":4},{"damage":18,"enemies":"conspire:Head Lice","floor":23,"turns":4},{"damage":0,"enemies":"Snecko","floor":26,"turns":2},{"damage":1,"enemies":"3 Cultists","floor":29,"turns":4},{"damage":13,"enemies":"conspire:HollyBat","floor":31,"turns":6},{"damage":14,"enemies":"IC_MUSHROOM_ARCHETYPE","floor":33,"turns":3},{"damage":0,"enemies":"3 Darklings","floor":35,"turns":2},{"damage":0,"enemies":"Orb Walker","floor":36,"turns":1},{"damage":14,"enemies":"Jaw Worm Horde","floor":37,"turns":3},{"damage":0,"enemies":"3 Darklings","floor":38,"turns":2},{"damage":0,"enemies":"Maw","floor":43,"turns":4},{"damage":0,"enemies":"Nemesis","floor":44,"turns":1},{"damage":0,"enemies":"SI_POISON_ARCHETYPE","floor":50,"turns":3}],"seed_played":"3899932261750684380","potions_obtained":[{"floor":4,"key":"bronze:BurnAndBuffPotion"},{"floor":6,"key":"hexamod:SoulburnPotion"},{"floor":8,"key":"Ancient Potion"},{"floor":16,"key":"Dexterity Potion"},{"floor":18,"key":"Weak Potion"},{"floor":21,"key":"champ:CounterPotion"},{"floor":33,"key":"Explosive Potion"},{"floor":35,"key":"Doom Potion"}],"is_trial":false,"path_per_floor":["M","M","M","M","$","M","T","M","M","?","R","?","E","M","R","B",null,"M","M","M","M","AVR","E","T","R","M","?","R","M","?","M","R","B",null,"M","M","M","M","?","R","T","?","M","E","R","AVR","$","T","R","B",null],"character_chosen":"THE_AUTOMATON","items_purchased":[],"campfire_rested":5,"item_purchase_floors":[],"current_hp_per_floor":[59,53,39,35,35,32,32,32,29,29,50,50,50,49,70,51,65,65,52,52,34,34,18,18,39,39,82,82,81,81,70,84,72,83,85,87,75,77,77,94,94,94,96,98,98,98,98,98,98,98],"gold":443,"neow_bonus":"RANDOM_COMMON_RELIC","is_daily":false,"chose_seed":false,"campfire_upgraded":3,"win_rate":0.0,"timestamp":1613112567,"path_taken":["M","M","M","M","$","M","T","M","M","?","R","?","E","M","R","BOSS","M","M","M","M","AVR","E","T","R","M","?","R","?","?","M","R","BOSS","M","M","M","M","?","R","T","?","M","E","R","AVR","?","?","R","BOSS"],"items_purchased_type":[],"build_version":"2020-12-22","purchased_purges":1,"victory":true,"max_hp_per_floor":[70,70,70,70,70,70,70,70,70,70,70,70,70,70,70,70,70,70,70,70,70,70,72,72,72,72,82,82,82,82,84,84,86,86,88,90,92,94,94,94,94,94,96,98,98,98,98,98,98,98],"card_choices":[{"not_picked":["bronze:Iterate","bronze:Invalidate"],"picked":"bronze:ChosenStrike","floor":1},{"not_picked":["bronze:Turbo","bronze:Separator","bronze:Return"],"picked":"SKIP","floor":2},{"not_picked":["bronze:Deprecate","bronze:FineTuning"],"picked":"bronze:WhirlingStrike","floor":3},{"not_picked":["bronze:Frontload","bronze:Repulsor","bronze:DelayedGuard"],"picked":"SKIP","floor":4},{"not_picked":["bronze:CutThrough","bronze:WhirlingStrike"],"picked":"bronze:FollowUp","floor":5},{"not_picked":["bronze:Overheat","bronze:Shield","bronze:ChildClass"],"picked":"SKIP","floor":6},{"not_picked":["bronze:DelayedGuard","bronze:Constructor"],"picked":"bronze:BronzeOrb","floor":8},{"not_picked":["bronze:Overheat","bronze:Hardcode"],"picked":"bronze:Branch","floor":9},{"not_picked":["bronze:Separator","bronze:Repulsor","bronze:Overheat"],"picked":"SKIP","floor":13},{"not_picked":["bronze:FineTuning","bronze:ChildClass","bronze:Boost"],"picked":"SKIP","floor":14},{"not_picked":["bronze:Shell+1","bronze:BuggyMess","bronze:ForLoop+1"],"picked":"SKIP","floor":18},{"not_picked":["bronze:WhirlingStrike","bronze:Frontload"],"picked":"bronze:OilSpill","floor":19},{"not_picked":["bronze:Constructor+1","bronze:DelayedGuard+1","bronze:BuggyMess"],"picked":"SKIP","floor":20},{"not_picked":["bronze:Constructor+1","bronze:DelayedGuard+1","bronze:BuggyMess"],"picked":"SKIP","floor":20},{"not_picked":["bronze:BitShift","bronze:BugBarrage"],"picked":"bronze:BronzeOrb","floor":21},{"not_picked":["bronze:FineTuning","bronze:Terminator","bronze:FollowUp"],"picked":"Singing Bowl","floor":23},{"not_picked":["bronze:Overheat","bronze:FineTuning+1"],"picked":"bronze:Branch","floor":26},{"not_picked":["bronze:Constructor+1","bronze:ChildClass"],"picked":"bronze:ChosenStrike","floor":29},{"not_picked":["bronze:Flail","bronze:Repulsor","bronze:DelayedSlice"],"picked":"Singing Bowl","floor":31},{"not_picked":["bronze:HyperBeam","bronze:Format","bronze:TinkerersToolbox"],"picked":"Singing Bowl","floor":33},{"not_picked":["bronze:Flail+1","bronze:CutThrough","bronze:BitShift+1"],"picked":"Singing Bowl","floor":35},{"not_picked":["bronze:Repulsor","bronze:Frontload+1","bronze:Shield+1"],"picked":"Singing Bowl","floor":36},{"not_picked":["bronze:CutThrough","bronze:NullPointer+1","bronze:FollowUp"],"picked":"Singing Bowl","floor":37},{"not_picked":["bronze:DelayedGuard+1","bronze:FineTuning+1","bronze:RecursiveStrike"],"picked":"Singing Bowl","floor":38},{"not_picked":["bronze:CloningBeam+1","bronze:BronzeArmor","bronze:BugBarrage"],"picked":"Singing Bowl","floor":43},{"not_picked":["bronze:CutThrough+1","bronze:DelayedGuard+1","bronze:BugBarrage"],"picked":"Singing Bowl","floor":44}],"player_experience":223977,"relics_obtained":[{"floor":7,"key":"Iron Hammer"},{"floor":13,"key":"hubris:SphereOfDissonance"},{"floor":23,"key":"infinitespire:Golems Mask"},{"floor":24,"key":"conspire:Flyswatter"},{"floor":41,"key":"infinitespire:WardingShard"},{"floor":44,"key":"infinitespire:Joker Card"},{"floor":48,"key":"Torii"}],"event_choices":[{"damage_healed":0,"gold_gain":0,"player_choice":"Grow","damage_taken":0,"max_hp_gain":0,"max_hp_loss":0,"event_name":"Living Wall","floor":10,"gold_loss":0,"cards_upgraded":["bronze:ChosenStrike"]},{"damage_healed":0,"gold_gain":0,"player_choice":"Leave","damage_taken":0,"max_hp_gain":0,"max_hp_loss":0,"event_name":"conspire:Investor","floor":39,"gold_loss":0}],"is_beta":false,"boss_relics":[{"not_picked":["Empty Cage","aspiration:DefectSkillbook"],"picked":"Snecko Eye"},{"not_picked":["conspire:SpecialSausage","Runic Pyramid"],"picked":"aspiration:PoetsPen_weak"}],"items_purged_floors":[5],"is_endless":false,"potions_floor_spawned":[4,6,8,16,18,19,20,21,33,35,37],"ascension_level":7}}