{"host":"6jrnojxwearbrjzo","time":1613139928,"event":{"mods":["BaseMod","Conspire","Marisa（F雨　魔理沙）","Minty Spire (QoL Compilation)","MostiFishMod","Quick Restart","Random Character Button","Shop Mod","Spicy Shops","StSLib","The Construct","The Servant 0.9.4","[功能]功能增强和修复MOD","篝火指南"],"gold_per_floor":[116,154,154,154,5,37,0,49,99,99,124,139,139,30,30,30,30],"floor_reached":16,"language":"ZHS","playtime":649,"items_purged":["conspire:GhostlyDefend","conspire:GhostlyDefend","conspire:GhostlyStrike","conspire:GhostlyStrike","conspire:GhostlyStrike","conspire:GhostlyDefend"],"score":208,"play_id":"ecdc499f-116f-4abc-bd97-5ead28a296cb","local_time":"20210212222528","is_ascension_mode":true,"campfire_choices":[{"data":"conspire:DoublingDagger","floor":15,"key":"SMITH"}],"circlet_count":0,"master_deck":["AscendersBane","conspire:GhostlyStrike","conspire:GhostlyStrike","conspire:GhostlyDefend","conspire:GhostlyDefend","Survivor","Neutralize","Dagger Spray","MostiFishMod:ForestofLight","Cloak And Dagger","Bullet Time+1","conspire:DoublingDagger+1"],"relics":["DaveBox","RhineCircuit","Philosopher\u0027s Stone","SynthV:TestCard","Tiny Chest","Pocketwatch","TwistedFunnel","Oddly Smooth Stone","Snake Skull","Omamori","Bronze Scales","Mercury Hourglass","Kunai","Bottled Lightning","MerchantsRug","Happy Flower"],"acts_visited":["Exordium"],"potions_floor_usage":[2,11],"damage_taken":[{"damage":2,"enemies":"2 Louse","floor":1,"turns":4},{"damage":5,"enemies":"conspire:MimicChest","floor":2,"turns":4},{"damage":7,"enemies":"3 Sentries","floor":6,"turns":6},{"damage":4,"enemies":"Gremlin Nob","floor":11,"turns":3},{"damage":0,"enemies":"Small Slimes","floor":12,"turns":1},{"damage":57,"enemies":"Slime Boss","floor":16,"turns":5}],"seed_played":"365332660114918862","potions_obtained":[{"floor":1,"key":"Fire Potion"},{"floor":6,"key":"Fire Potion"},{"floor":11,"key":"Poison Potion"},{"floor":12,"key":"AttackPotion"}],"is_trial":false,"path_per_floor":["M","?","?","?","$","E","$","T","T","?","E","M","?","$","R","B"],"character_chosen":"THE_SILENT","items_purchased":["Pocketwatch","TwistedFunnel","MostiFishMod:ForestofLight","Snake Skull","conspire:DoublingDagger","Bottled Lightning","MerchantsRug","BlessingOfTheForge","Dexterity Potion","Happy Flower"],"campfire_rested":0,"item_purchase_floors":[5,5,5,7,14,14,14,14,14,14],"current_hp_per_floor":[57,52,52,52,52,45,45,45,45,45,41,41,41,41,41,0,0],"gold":30,"neow_bonus":"BOSS_RELIC","is_daily":false,"chose_seed":false,"campfire_upgraded":1,"win_rate":0.0,"timestamp":1613139928,"path_taken":["M","?","?","?","$","E","?","?","T","?","E","?","?","$","R","BOSS"],"items_purchased_type":["Relic","Relic","Card","Relic","Card","Relic","Relic","Potion","Potion","Relic"],"build_version":"2020-12-22","purchased_purges":6,"victory":false,"max_hp_per_floor":[66,66,66,66,66,66,66,66,66,66,66,66,66,66,66,66,66],"card_choices":[{"not_picked":["Sucker Punch","Dodge and Roll"],"picked":"Dagger Spray","floor":1},{"not_picked":["Flechettes","Terror","PiercingWail","Deflect"],"picked":"Cloak And Dagger","floor":6},{"not_picked":["Calculated Gamble","Sucker Punch","Quick Slash","Deadly Poison","Heel Hook"],"picked":"SKIP","floor":11},{"not_picked":["Dagger Throw","Riddle With Holes","Blur","Cloak And Dagger"],"picked":"Bullet Time","floor":12}],"player_experience":131277,"relics_obtained":[{"floor":1,"key":"SynthV:TestCard"},{"floor":2,"key":"Tiny Chest"},{"floor":6,"key":"Oddly Smooth Stone"},{"floor":8,"key":"Omamori"},{"floor":9,"key":"Bronze Scales"},{"floor":11,"key":"Kunai"}],"event_choices":[{"damage_healed":0,"gold_gain":0,"player_choice":"Agree","damage_taken":0,"max_hp_gain":0,"max_hp_loss":0,"event_name":"conspire:LoneGhost","floor":3,"gold_loss":0},{"damage_healed":0,"gold_gain":0,"player_choice":"Leave","damage_taken":0,"max_hp_gain":0,"max_hp_loss":0,"event_name":"The Cleric","floor":4,"gold_loss":0},{"damage_healed":0,"gold_gain":0,"player_choice":"Box","damage_taken":0,"relics_obtained":["Mercury Hourglass"],"max_hp_gain":0,"max_hp_loss":0,"event_name":"Big Fish","floor":10,"gold_loss":0,"cards_obtained":["Regret"]},{"damage_healed":0,"gold_gain":0,"player_choice":"Grow","damage_taken":0,"max_hp_gain":0,"max_hp_loss":0,"event_name":"Living Wall","floor":13,"gold_loss":0,"cards_upgraded":["Bullet Time"]}],"is_beta":false,"boss_relics":[],"items_purged_floors":[7,7,7,7,14,14],"is_endless":false,"potions_floor_spawned":[1,6,11,12,12],"killed_by":"Slime Boss","ascension_level":20}}