{"host":"soyfmymeou4emntr","time":1613119113,"event":{"mods":["BaseMod","Minty Spire (QoL Compilation)","Permanent Neow","Relic Sorter","Relic Stats","StSLib"],"gold_per_floor":[112,127,28,28,40,40,74,74,98,155,72,72,102,130,142,227,239,266,295,307,34,34,34,59,5,81,98,48,79,79,94,94,168,168,180,180,8,27,38,38,0,26,79,79,108,108,138,148,148,148,148],"floor_reached":50,"language":"ENG","playtime":3540,"items_purged":[],"score":1698,"play_id":"ac49e634-e444-43cc-87ef-f75b0c86283d","local_time":"20210212013833","is_ascension_mode":true,"campfire_choices":[{"data":"Eruption","floor":6.0,"key":"SMITH"},{"floor":12.0,"key":"REST"},{"data":"Weave","floor":15.0,"key":"SMITH"},{"data":"MentalFortress","floor":23.0,"key":"SMITH"},{"data":"Indignation","floor":30.0,"key":"SMITH"},{"data":"CrushJoints","floor":32.0,"key":"SMITH"},{"floor":40.0,"key":"RECALL"},{"data":"DevaForm","floor":44.0,"key":"SMITH"},{"data":"Wallop","floor":46,"key":"SMITH"},{"floor":49,"key":"REST"}],"circlet_count":0,"master_deck":["AscendersBane","Strike_P","Strike_P","Strike_P","Defend_P","Defend_P","Eruption+1","Vigilance","DeceiveReality","EmptyFist","Weave+1","FlurryOfBlows","CrushJoints+1","CutThroughFate","CutThroughFate","LikeWater","Adaptation+1","DeusExMachina","Crescendo","Conclude","MentalFortress+1","CarveReality","Indignation+1","ClearTheMind","FearNoEvil","Blasphemy","CurseOfTheBell","Tantrum","Wallop+1","JustLucky+1","DevaForm+1","Tantrum"],"relics":["Empty Cage","Nunchaku","Thread and Needle","Bag of Preparation","MealTicket","MawBank","Runic Pyramid","Vajra","Happy Flower","Centennial Puzzle","Singing Bowl","PreservedInsect","Calling Bell","Regal Pillow","Darkstone Periapt","FossilizedHelix","Red Mask","Damaru","Question Card","Letter Opener"],"acts_visited":["Exordium","TheCity","TheBeyond"],"potions_floor_usage":[45],"damage_taken":[{"damage":7.0,"enemies":"Jaw Worm","floor":1.0,"turns":3.0},{"damage":1.0,"enemies":"Small Slimes","floor":2.0,"turns":7.0},{"damage":0.0,"enemies":"Cultist","floor":5.0,"turns":2.0},{"damage":21.0,"enemies":"3 Sentries","floor":7.0,"turns":7.0},{"damage":9.0,"enemies":"Lagavulin Event","floor":10.0,"turns":5.0},{"damage":0.0,"enemies":"Gremlin Nob","floor":13.0,"turns":2.0},{"damage":0.0,"enemies":"Exordium Wildlife","floor":14.0,"turns":1.0},{"damage":0.0,"enemies":"Slime Boss","floor":16.0,"turns":3.0},{"damage":0.0,"enemies":"Chosen","floor":18.0,"turns":2.0},{"damage":15.0,"enemies":"3 Byrds","floor":19.0,"turns":3.0},{"damage":0.0,"enemies":"Gremlin Leader","floor":24.0,"turns":3.0},{"damage":8.0,"enemies":"Snake Plant","floor":27.0,"turns":2.0},{"damage":12.0,"enemies":"Book of Stabbing","floor":29.0,"turns":3.0},{"damage":7.0,"enemies":"Shelled Parasite and Fungi","floor":31.0,"turns":2.0},{"damage":12.0,"enemies":"Collector","floor":33.0,"turns":5.0},{"damage":0.0,"enemies":"Orb Walker","floor":35.0,"turns":3.0},{"damage":0.0,"enemies":"3 Darklings","floor":38.0,"turns":2.0},{"damage":0.0,"enemies":"Sphere and 2 Shapes","floor":39.0,"turns":2.0},{"damage":18.0,"enemies":"Nemesis","floor":42.0,"turns":5.0},{"damage":0,"enemies":"Reptomancer","floor":45,"turns":3},{"damage":7,"enemies":"Nemesis","floor":47,"turns":3},{"damage":0,"enemies":"Maw","floor":48,"turns":5},{"damage":109,"enemies":"Time Eater","floor":50,"turns":5}],"seed_played":"7852482278034017134","potions_obtained":[{"floor":1.0,"key":"Swift Potion"},{"floor":10.0,"key":"BlessingOfTheForge"},{"floor":14.0,"key":"Dexterity Potion"},{"floor":24.0,"key":"Fire Potion"},{"floor":29.0,"key":"CultistPotion"},{"floor":33.0,"key":"Strength Potion"},{"floor":35.0,"key":"Strength Potion"},{"floor":38.0,"key":"PowerPotion"}],"is_trial":false,"path_per_floor":["M","M","$","?","M","R","E","?","T","?","$","R","E","M","R","B",null,"M","M","?","$","T","R","E","$","T","M","?","E","R","M","R","B",null,"M","?","$","M","M","R","?","E","T","R","E","R","E","M","R","B"],"character_chosen":"WATCHER","items_purchased":["Weave","FlurryOfBlows","LikeWater","Vajra","MentalFortress","CarveReality","ClearTheMind","Tantrum","Wallop"],"campfire_rested":2,"item_purchase_floors":[3,3,11,21,21,21,25,37,37],"current_hp_per_floor":[54,53,53,42,42,42,21,21,21,12,27,47,47,47,47,47,63,63,48,48,63,63,63,63,68,68,60,60,50,50,45,45,33,62,64,64,74,76,76,76,76,58,58,58,60,60,55,55,80,0,0],"gold":148,"neow_bonus":"BOSS_RELIC","is_daily":false,"chose_seed":false,"campfire_upgraded":7,"win_rate":0.0,"timestamp":1613119113,"path_taken":["M","M","$","?","M","R","E","?","T","?","?","R","E","M","R","BOSS","M","M","?","$","?","R","E","?","T","M","?","E","R","?","R","BOSS","M","?","$","M","M","R","?","E","T","R","E","R","E","M","R","BOSS"],"items_purchased_type":["Card","Card","Card","Relic","Card","Card","Card","Card","Card"],"build_version":"2020-12-22","purchased_purges":0,"victory":false,"max_hp_per_floor":[68,68,68,68,68,68,68,68,68,68,68,68,68,68,68,68,68,68,68,68,68,68,68,68,68,68,68,68,70,70,72,72,72,72,74,74,74,76,76,76,76,76,76,76,78,78,80,80,80,80,80],"relic_stats":{"Darkstone Periapt":0,"Regal Pillow":1,"Happy Flower":[14],"Singing Bowl":12,"counters":[23,78],"PreservedInsect":161,"Bag of Preparation":[39],"Letter Opener":[10],"MawBank":96,"Question Card":2,"Nunchaku":[24],"Centennial Puzzle":[25],"MealTicket":45,"obtain_stats":[{"Darkstone Periapt":34,"Regal Pillow":34,"Happy Flower":22,"Singing Bowl":26,"Vajra":21,"Damaru":42,"Thread and Needle":7,"PreservedInsect":29,"Bag of Preparation":9,"Letter Opener":47,"Empty Cage":0,"MawBank":13,"Question Card":45,"Calling Bell":34,"Nunchaku":4,"Centennial Puzzle":24,"MealTicket":10,"Red Mask":41,"PureWater":0,"FossilizedHelix":34,"Runic Pyramid":17},{"Darkstone Periapt":15,"Regal Pillow":15,"Happy Flower":10,"Singing Bowl":11,"Vajra":10,"Damaru":19,"Thread and Needle":4,"PreservedInsect":13,"Bag of Preparation":4,"Letter Opener":21,"Empty Cage":0,"MawBank":6,"Question Card":20,"Calling Bell":15,"Nunchaku":2,"Centennial Puzzle":11,"MealTicket":5,"Red Mask":18,"PureWater":0,"FossilizedHelix":15,"Runic Pyramid":8},{"Darkstone Periapt":50,"Regal Pillow":50,"Happy Flower":35,"Singing Bowl":38,"Vajra":35,"Damaru":62,"Thread and Needle":19,"PreservedInsect":43,"Bag of Preparation":19,"Letter Opener":68,"Empty Cage":0,"MawBank":26,"Question Card":65,"Calling Bell":50,"Nunchaku":10,"Centennial Puzzle":38,"MealTicket":24,"Red Mask":57,"PureWater":0,"FossilizedHelix":50,"Runic Pyramid":30}]},"card_choices":[{"not_picked":["Pray","CutThroughFate"],"picked":"DeceiveReality","floor":1.0},{"not_picked":["Prostrate","Sanctity"],"picked":"EmptyFist","floor":2.0},{"not_picked":["EmptyFist","Fasting2"],"picked":"CrushJoints","floor":5.0},{"not_picked":["CrushJoints","SandsOfTime"],"picked":"CutThroughFate","floor":7.0},{"not_picked":["FlurryOfBlows","Sanctity"],"picked":"CutThroughFate","floor":10.0},{"not_picked":["CrushJoints","ConjureBlade"],"picked":"Adaptation","floor":13.0},{"not_picked":["Study","Collect","CrushJoints"],"picked":"SKIP","floor":14.0},{"not_picked":["Devotion","MasterReality"],"picked":"DeusExMachina","floor":16.0},{"not_picked":["CrushJoints","Prostrate"],"picked":"Crescendo","floor":18.0},{"not_picked":["Consecrate","JustLucky"],"picked":"Conclude","floor":19.0},{"not_picked":["WindmillStrike","FollowUp"],"picked":"Indignation","floor":24.0},{"not_picked":["Prostrate","Crescendo"],"picked":"FearNoEvil","floor":27.0},{"not_picked":["Halt","CrushJoints","WreathOfFlame"],"picked":"Singing Bowl","floor":29.0},{"not_picked":["ForeignInfluence+1","Study","Establishment"],"picked":"Singing Bowl","floor":31.0},{"not_picked":["Devotion","Alpha"],"picked":"Blasphemy","floor":33.0},{"not_picked":["Consecrate","FollowUp+1","Prostrate"],"picked":"Singing Bowl","floor":35.0},{"not_picked":["CutThroughFate","FollowUp","Nirvana+1"],"picked":"Singing Bowl","floor":38.0},{"not_picked":["Perseverance","Prostrate"],"picked":"JustLucky+1","floor":39.0},{"not_picked":["EmptyFist+1","InnerPeace"],"picked":"DevaForm","floor":42.0},{"not_picked":["FlurryOfBlows","PathToVictory+1","Consecrate"],"picked":"Singing Bowl","floor":45},{"not_picked":["Protect","FlyingSleeves","PathToVictory+1","InnerPeace"],"picked":"Singing Bowl","floor":47},{"not_picked":["Consecrate","FlurryOfBlows","JustLucky"],"picked":"Tantrum","floor":48}],"player_experience":3264164,"relics_obtained":[{"floor":7.0,"key":"Thread and Needle"},{"floor":9.0,"key":"Bag of Preparation"},{"floor":10.0,"key":"MealTicket"},{"floor":13.0,"key":"MawBank"},{"floor":22.0,"key":"Happy Flower"},{"floor":24.0,"key":"Centennial Puzzle"},{"floor":26.0,"key":"Singing Bowl"},{"floor":29.0,"key":"PreservedInsect"},{"floor":34.0,"key":"Regal Pillow"},{"floor":34.0,"key":"Darkstone Periapt"},{"floor":34.0,"key":"FossilizedHelix"},{"floor":42.0,"key":"Damaru"},{"floor":45,"key":"Question Card"},{"floor":47,"key":"Letter Opener"}],"event_choices":[{"damage_healed":0.0,"max_hp_gain":0.0,"max_hp_loss":0.0,"gold_gain":0.0,"event_name":"Scrap Ooze","player_choice":"Success","floor":4.0,"gold_loss":0.0,"damage_taken":11.0,"relics_obtained":["Nunchaku"]},{"damage_healed":0.0,"max_hp_gain":0.0,"max_hp_loss":0.0,"gold_gain":0.0,"event_name":"Golden Wing","player_choice":"Ignored","floor":8.0,"gold_loss":0.0,"damage_taken":0.0},{"damage_healed":0.0,"max_hp_gain":0.0,"max_hp_loss":0.0,"gold_gain":30.0,"event_name":"Dead Adventurer","player_choice":"Searched \u00272\u0027 times","floor":10.0,"gold_loss":0.0,"damage_taken":0.0},{"damage_healed":0.0,"max_hp_gain":0.0,"max_hp_loss":0.0,"gold_gain":0.0,"event_name":"Accursed Blacksmith","player_choice":"Forge","floor":20.0,"gold_loss":0.0,"damage_taken":0.0,"cards_upgraded":["Adaptation"]},{"damage_healed":0.0,"max_hp_gain":0.0,"max_hp_loss":0.0,"gold_gain":0.0,"event_name":"The Joust","player_choice":"Bet on Murderer","floor":28.0,"gold_loss":50.0,"damage_taken":0.0},{"cards_removed":["Strike_P"],"damage_healed":0.0,"max_hp_gain":0.0,"max_hp_loss":0.0,"gold_gain":0.0,"event_name":"Falling","player_choice":"Removed Attack","floor":36.0,"gold_loss":0.0,"damage_taken":0.0},{"damage_healed":0.0,"max_hp_gain":0.0,"max_hp_loss":0.0,"gold_gain":0.0,"event_name":"Tomb of Lord Red Mask","player_choice":"Paid","floor":41.0,"gold_loss":38.0,"damage_taken":0.0,"relics_obtained":["Red Mask"]}],"is_beta":false,"boss_relics":[{"not_picked":["Pandora\u0027s Box","Coffee Dripper"],"picked":"Runic Pyramid"},{"not_picked":["Tiny House","Velvet Choker"],"picked":"Calling Bell"}],"items_purged_floors":[],"is_endless":false,"potions_floor_spawned":[1,10,14,24,29,33,35,38,39],"killed_by":"Time Eater","ascension_level":20}}