{"host":"36qke0usa4c48kdx","time":1613155731,"event":{"mods":["AchievementEnabler","BaseMod","Colored Map","Downfall","Hermit","Hubris","Marisa????????","Minty Spire (QoL Compilation)","READ ME - Guardian Mod","Replay The Spire","Shop Mod","StSLib","The Bug Knight","The Cursed","The Disciple","The Jungle","The Servant 0.9.4","[IsaacMod]????"],"gold_per_floor":[113,125,125,144,194,129,21,21,74,74,89,89,107,131,131,162,162,76,76],"floor_reached":18,"language":"ENG","playtime":1031,"items_purged":["downfall:Haunted","Voices"],"score":265,"play_id":"1b018df9-ae47-476d-9852-e2035665070a","local_time":"20210212194851","is_ascension_mode":true,"campfire_choices":[{"data":"Inflame","floor":10,"key":"SMITH"},{"floor":12,"key":"RECALL"},{"data":"Immolate","floor":15,"key":"SMITH"}],"circlet_count":0,"master_deck":["Strike_R","Strike_R","Strike_R","Strike_R","Strike_R","Defend_R","Defend_R","Defend_R","Defend_R","Bash+1","Thunderclap","ReplayTheSpireMod:Muscle Training","Inflame+1","ReplayTheSpireMod:IOU","ReplayTheSpireMod:IOU","ReplayTheSpireMod:IOU","Replay:Sluggish","Armaments+1","Bomb","Immolate+1","Hemogenesis","ReplayTheSpireMod:Limb From Limb","Swift Strike"],"relics":["Burning Blood","HushsDoor","Leech","NeowsBlessing","Ring of Greed","Ring of Misfortune","MealTicket","Replay:Wax Seal","ReplayTheSpireMod:Lightbulb","Matryoshka","StrikeDummy","Golden Idol","TheBean","Bag of Preparation","Replay:Ancient Bell"],"acts_visited":["Exordium","TheCity"],"potions_floor_usage":[16],"damage_taken":[{"damage":0,"enemies":"2 Louse","floor":1,"turns":1},{"damage":0,"enemies":"Cultist","floor":2,"turns":1},{"damage":0,"enemies":"Jaw Worm","floor":4,"turns":1},{"damage":1,"enemies":"HollowMod:MossKnight","floor":6,"turns":5},{"damage":0,"enemies":"Blue Slaver","floor":11,"turns":2},{"damage":0,"enemies":"Large Slime","floor":13,"turns":3},{"damage":2,"enemies":"3 Louse","floor":14,"turns":2},{"damage":22,"enemies":"Hexaghost","floor":16,"turns":6},{"damage":0,"enemies":"Spheric Guardian","floor":18,"turns":3}],"seed_played":"7810359824739121373","potions_obtained":[{"floor":1,"key":"Energy Potion"},{"floor":6,"key":"SneckoOil"},{"floor":13,"key":"Regen Potion"},{"floor":16,"key":"Explosive Potion"}],"is_trial":false,"path_per_floor":["M","M","?","M","?","E","$","?","T","R","M","R","M","M","R","B",null,"M"],"character_chosen":"IRONCLAD","items_purchased":["Matryoshka","StrikeDummy","Armaments+1","ReplayTheSpireMod:Limb From Limb","Swift Strike"],"campfire_rested":0,"item_purchase_floors":[7,7,7,17,17],"current_hp_per_floor":[78,80,80,80,80,80,80,60,60,60,68,68,77,80,80,67,69,70,70],"gold":76,"neow_bonus":"THREE_ENEMY_KILL","is_daily":false,"chose_seed":false,"campfire_upgraded":2,"win_rate":0.0,"timestamp":1613155731,"path_taken":["M","M","?","?","?","E","$","?","T","R","M","R","?","M","R","BOSS","M"],"items_purchased_type":["Relic","Relic","Card","Card","Card"],"build_version":"2020-12-22","purchased_purges":2,"victory":false,"max_hp_per_floor":[80,80,80,80,80,80,80,80,80,80,80,80,80,80,80,80,70,70,70],"card_choices":[{"not_picked":["Dark Embrace","ReplayTheSpireMod:Stacked"],"picked":"Thunderclap","floor":1},{"not_picked":["Armaments","Anger","Run Through"],"picked":"SKIP","floor":2},{"not_picked":["Massacre","Defy Death"],"picked":"ReplayTheSpireMod:Muscle Training","floor":4},{"not_picked":["Warcry","Second Wind"],"picked":"Inflame","floor":6},{"not_picked":["Shrug It Off","Thunderclap"],"picked":"Bomb","floor":11},{"not_picked":["Defy Death","Armaments"],"picked":"Immolate","floor":13},{"not_picked":["Sword Boomerang","Warcry","Rampage"],"picked":"SKIP","floor":14},{"not_picked":["Corruption","Reaper"],"picked":"Hemogenesis","floor":16}],"player_experience":768361,"relics_obtained":[{"floor":5,"key":"Ring of Greed"},{"floor":5,"key":"Ring of Misfortune"},{"floor":5,"key":"MealTicket"},{"floor":5,"key":"Replay:Wax Seal"},{"floor":6,"key":"ReplayTheSpireMod:Lightbulb"},{"floor":9,"key":"TheBean"},{"floor":9,"key":"Bag of Preparation"}],"event_choices":[{"damage_healed":0,"gold_gain":0,"player_choice":"Grow","damage_taken":0,"max_hp_gain":0,"max_hp_loss":0,"event_name":"Living Wall","floor":3,"gold_loss":0,"cards_upgraded":["Bash"]},{"damage_healed":0,"gold_gain":0,"player_choice":"Take Damage","damage_taken":20,"relics_obtained":["Golden Idol"],"max_hp_gain":0,"max_hp_loss":0,"event_name":"Golden Idol","floor":8,"gold_loss":0}],"is_beta":false,"boss_relics":[{"not_picked":["MagicMushroom","Snecko Eye"],"picked":"Replay:Ancient Bell"},{"not_picked":[]}],"items_purged_floors":[7,17],"is_endless":false,"potions_floor_spawned":[1,6,13,16],"killed_by":"Spheric Guardian","ascension_level":8}}