{"host":"nlh1m2716594vj2h","time":1613099914,"event":{"mods":["AchievementEnabler","Aspiration","BaseMod","Beaked The Cultist","BetterRewards","Conspire","Downfall","Duelist Mod","Googly Eyes","Gremlin Mod","Hermit","Highlight Path","Hubris","Infinite Spire","Jorbs\u0027s Wanderer Trilogy","Marisa????????","Minty Spire (QoL Compilation)","Replay The Spire","Robot Space Explorer","Shop Mod","StSLib","The Blackbeard","The Bug Knight","The Cursed","The Hierophant","The Necromancer","The Poker Player","The Senshi","The Servant 0.9.4"],"gold_per_floor":[112,57,71,82,82,111,111,131,131,157,120,120,120,120,120,222,222,241,241,275,275,275,275,304,317,317,317,336,354,374,384,384,487,487,503,503,521,550,1549,1549,1549,1564,1589,1599,1599,1599],"floor_reached":45,"language":"ENG","playtime":3653,"items_purged":[],"score":670,"play_id":"9a3f0cca-9206-4ee1-b2a4-2b8da2909108","local_time":"20210211221834","is_ascension_mode":false,"campfire_choices":[{"floor":7,"key":"REST"},{"data":"RobotSpaceExplorer:IronShell","floor":12,"key":"SMITH"},{"floor":15,"key":"REST"},{"floor":23,"key":"REST"},{"floor":32,"key":"REST"},{"floor":40,"key":"REST"}],"circlet_count":0,"master_deck":["RobotSpaceExplorer:Strike","RobotSpaceExplorer:Strike","RobotSpaceExplorer:Strike","RobotSpaceExplorer:Defend","RobotSpaceExplorer:Defend","RobotSpaceExplorer:Defend","RobotSpaceExplorer:Scan","RobotSpaceExplorer:MiniLasers","RobotSpaceExplorer:IronShell+1","RobotSpaceExplorer:MiniBoosters","RobotSpaceExplorer:ImprovisedAttack","RobotSpaceExplorer:Pulsar","RobotSpaceExplorer:SurgingStrike","RobotSpaceExplorer:MiniDrones","RobotSpaceExplorer:PowerGlove+1","RobotSpaceExplorer:ShovelStrike","RobotSpaceExplorer:TrailblazerForm","RobotSpaceExplorer:ToxicBomb","infinitespire:SealOfDarkness+","RobotSpaceExplorer:Pulsar+1","Slimebound:CheckThePlaybook","downfall:Icky","RobotSpaceExplorer:LaserBurst","RobotSpaceExplorer:Calculate","RobotSpaceExplorer:PowerCollector+1","RobotSpaceExplorer:LuckyStrike","RobotSpaceExplorer:StunGrenade+1","RobotSpaceExplorer:Probe+1","RobotSpaceExplorer:Reload","RobotSpaceExplorer:TrailblazerForm","Bone_Wall","RobotSpaceExplorer:Autoloader","PanicButton","infinitespire:Execution","RobotSpaceExplorer:SwiftStep+1","Madness","Madness","RobotSpaceExplorer:Scanner","RobotSpaceExplorer:PowerCollector+1","Normality","theDuelist:PsiCurse","Hallucinations","Parasite","RobotSpaceExplorer:SurgingShield","RobotSpaceExplorer:ShockMissile"],"relics":["RobotSpaceExplorer:RoboCore","Replay:Kaleidoscope","hubris:Icosahedron","HollowMod:StagPassRelic","conspire:Dentures","hubris:TenFootPole","Replay:PocketPolymizer","hubris:GrandSneckoEye","infinitespire:Golems Mask","Red Mask","Replay:WaspNest","infinitespire:PuzzleCube","Kunai","Chameleon Ring","ReplayTheSpireMod:SealedPack","Question Card","Ring of Fangs","Ring of Chaos"],"acts_visited":["Exordium","TheCity","TheBeyond"],"potions_floor_usage":[6,6,24,29,33,35,38,44],"damage_taken":[{"damage":0,"enemies":"2 Louse","floor":1,"turns":2},{"damage":0,"enemies":"Cultist","floor":3,"turns":4},{"damage":0,"enemies":"conspire:RoseBush","floor":4,"turns":5},{"damage":22,"enemies":"Gremlin Nob","floor":6,"turns":3},{"damage":18,"enemies":"2 Fungi Beasts","floor":8,"turns":5},{"damage":0,"enemies":"HollowMod:MossKnight","floor":10,"turns":15},{"damage":7,"enemies":"Blue Slaver","floor":11,"turns":4},{"damage":19,"enemies":"Slime Boss","floor":16,"turns":11},{"damage":0,"enemies":"3 Byrds","floor":18,"turns":3},{"damage":23,"enemies":"Masked Bandits","floor":20,"turns":5},{"damage":0,"enemies":"theDuelist:KaibaA2","floor":24,"turns":3},{"damage":0,"enemies":"Spheric Guardian","floor":25,"turns":4},{"damage":15,"enemies":"Shelled Parasite and Fungi","floor":28,"turns":2},{"damage":13,"enemies":"Centurion and Healer","floor":29,"turns":3},{"damage":0,"enemies":"conspire:HollyBat","floor":30,"turns":7},{"damage":9,"enemies":"Shelled Parasite and Fungi","floor":31,"turns":3},{"damage":38,"enemies":"hubris:MusketHawk","floor":33,"turns":6},{"damage":15,"enemies":"3 Shapes","floor":35,"turns":3},{"damage":8,"enemies":"Orb Walker","floor":37,"turns":3},{"damage":40,"enemies":"conspire:MimicChest","floor":38,"turns":8},{"damage":26,"enemies":"Writhing Mass","floor":42,"turns":4},{"damage":4,"enemies":"Jaw Worm Horde","floor":44,"turns":4},{"damage":16,"enemies":"Maw","floor":45,"turns":4}],"seed_played":"-7775148790528176199","potions_obtained":[{"floor":3,"key":"PowerPotion"},{"floor":11,"key":"RobotSpaceExplorer:RecyclePotion"},{"floor":16,"key":"Cursed Concoction"},{"floor":24,"key":"SteroidPotion"},{"floor":28,"key":"Fruit Juice"},{"floor":29,"key":"Energy Potion"},{"floor":33,"key":"Explosive Potion"},{"floor":42,"key":"Block Potion"}],"is_trial":false,"path_per_floor":["M","?","M","M","?","E","R","M","T","E","M","R","?","T","R","B",null,"M","AVR","?","?","T","R","E","M","T","?","M","M","M","M","R","B",null,"M","?","M","?","?","R","?","M","T","M","M"],"character_chosen":"RobotSpaceExplorer","items_purchased":[],"campfire_rested":5,"item_purchase_floors":[],"current_hp_per_floor":[75,75,75,75,75,53,75,57,57,57,50,50,50,50,72,53,75,75,75,52,52,52,74,74,75,75,75,60,54,54,45,69,35,82,67,62,54,18,18,42,42,16,16,12,0,0],"gold":1599,"neow_bonus":"","is_daily":false,"chose_seed":false,"campfire_upgraded":1,"win_rate":0.0,"timestamp":1613099914,"path_taken":["M","?","?","M","?","E","R","M","T","E","M","R","?","?","R","BOSS","M","AVR","?","?","?","R","E","M","T","?","M","?","M","?","R","BOSS","M","?","M","?","?","R","?","M","T","?","M"],"items_purchased_type":[],"build_version":"2020-12-22","purchased_purges":0,"victory":false,"max_hp_per_floor":[75,75,75,75,75,75,75,75,75,75,75,75,75,75,75,75,75,75,75,75,75,75,75,75,75,75,75,75,82,82,82,82,82,82,82,82,82,82,82,82,82,82,82,82,82,82],"card_choices":[{"not_picked":["RobotSpaceExplorer:SlimeMissile","RobotSpaceExplorer:Probe"],"picked":"RobotSpaceExplorer:IronShell","floor":1},{"not_picked":["RobotSpaceExplorer:ImprovisedAttack","RobotSpaceExplorer:Probe"],"picked":"RobotSpaceExplorer:MiniBoosters","floor":3},{"not_picked":["RobotSpaceExplorer:FrostMissile","RobotSpaceExplorer:ShockKick"],"picked":"RobotSpaceExplorer:ImprovisedAttack","floor":4},{"not_picked":["RobotSpaceExplorer:Asteroid","RobotSpaceExplorer:StarDust"],"picked":"RobotSpaceExplorer:Pulsar","floor":6},{"not_picked":["RobotSpaceExplorer:ScrapMissile","RobotSpaceExplorer:Calculate"],"picked":"RobotSpaceExplorer:SurgingStrike","floor":8},{"not_picked":["RobotSpaceExplorer:Ammunition","RobotSpaceExplorer:MakeshiftVolley"],"picked":"RobotSpaceExplorer:MiniDrones","floor":10},{"not_picked":["RobotSpaceExplorer:SwiftStep","RobotSpaceExplorer:ScrapMissile"],"picked":"RobotSpaceExplorer:PowerGlove","floor":11},{"not_picked":["RobotSpaceExplorer:Asteroid","RobotSpaceExplorer:Wormhole"],"picked":"RobotSpaceExplorer:TrailblazerForm","floor":16},{"not_picked":["RobotSpaceExplorer:ShovelStrike","RobotSpaceExplorer:SlimeMissile"],"picked":"RobotSpaceExplorer:ToxicBomb","floor":18},{"not_picked":["RobotSpaceExplorer:StunGrenade","RobotSpaceExplorer:MetalStrike"],"picked":"RobotSpaceExplorer:Pulsar+1","floor":20},{"not_picked":["RobotSpaceExplorer:DoubleBlock","RobotSpaceExplorer:Electroshield"],"picked":"RobotSpaceExplorer:Calculate","floor":24},{"not_picked":["RobotSpaceExplorer:ShockMissile","RobotSpaceExplorer:DoubleBlock"],"picked":"RobotSpaceExplorer:PowerCollector+1","floor":25},{"not_picked":["RobotSpaceExplorer:ScrapMissile","RobotSpaceExplorer:FrostMissile"],"picked":"RobotSpaceExplorer:LuckyStrike","floor":28},{"not_picked":["RobotSpaceExplorer:MetalStrike","RobotSpaceExplorer:SurgingStrike"],"picked":"RobotSpaceExplorer:StunGrenade+1","floor":29},{"not_picked":["RobotSpaceExplorer:DoubleBlock","RobotSpaceExplorer:Arsenal"],"picked":"RobotSpaceExplorer:Probe+1","floor":30},{"not_picked":["RobotSpaceExplorer:SurgingShield+1","RobotSpaceExplorer:ShockKick"],"picked":"RobotSpaceExplorer:Reload","floor":31},{"not_picked":["RobotSpaceExplorer:Exploration","RobotSpaceExplorer:Explosion"],"picked":"RobotSpaceExplorer:TrailblazerForm","floor":33},{"not_picked":["KidneyShot","TheCursedMod:CleanUpWorkshop"],"picked":"Bone_Wall","floor":34},{"not_picked":["RobotSpaceExplorer:Exploration","RobotSpaceExplorer:Comet"],"picked":"RobotSpaceExplorer:Autoloader","floor":34},{"not_picked":["Jack Of All Trades","Deep Breath"],"picked":"PanicButton","floor":34},{"not_picked":["ReplayTheSpireMod:Haul","infinitespire:Starlight"],"picked":"infinitespire:Execution","floor":34},{"not_picked":["RobotSpaceExplorer:ImprovisedAttack+1","RobotSpaceExplorer:MiniBoosters"],"picked":"RobotSpaceExplorer:SwiftStep+1","floor":35},{"not_picked":["RobotSpaceExplorer:Blitz+1","RobotSpaceExplorer:Pulsar+1"],"picked":"RobotSpaceExplorer:Scanner","floor":37},{"not_picked":["RobotSpaceExplorer:Blitz+1","RobotSpaceExplorer:SurgingShield"],"picked":"RobotSpaceExplorer:PowerCollector+1","floor":38},{"not_picked":["RobotSpaceExplorer:Counterblock+1","RobotSpaceExplorer:SlimeMissile+1","RobotSpaceExplorer:SwiftStep"],"picked":"RobotSpaceExplorer:SurgingShield","floor":42},{"not_picked":["RobotSpaceExplorer:GlueShot","RobotSpaceExplorer:MakeshiftVolley","RobotSpaceExplorer:Counterblock"],"picked":"RobotSpaceExplorer:ShockMissile","floor":44}],"player_experience":400405,"relics_obtained":[{"floor":6,"key":"HollowMod:StagPassRelic"},{"floor":9,"key":"conspire:Dentures"},{"floor":10,"key":"hubris:TenFootPole"},{"floor":14,"key":"Replay:PocketPolymizer"},{"floor":20,"key":"Red Mask"},{"floor":22,"key":"Replay:WaspNest"},{"floor":24,"key":"infinitespire:PuzzleCube"},{"floor":26,"key":"Kunai"},{"floor":38,"key":"Question Card"},{"floor":41,"key":"Ring of Fangs"},{"floor":41,"key":"Ring of Chaos"}],"event_choices":[{"damage_healed":0,"gold_gain":0,"player_choice":"Paid Gold","damage_taken":0,"relics_obtained":["Replay:Kaleidoscope"],"max_hp_gain":0,"max_hp_loss":0,"event_name":"WeMeetAgain","floor":2,"gold_loss":55},{"damage_healed":0,"gold_gain":0,"player_choice":"Fought Bandits","damage_taken":0,"max_hp_gain":0,"max_hp_loss":0,"event_name":"Masked Bandits","floor":20,"gold_loss":0},{"damage_healed":0,"gold_gain":0,"player_choice":"Opened","damage_taken":0,"relics_obtained":["Chameleon Ring"],"max_hp_gain":0,"max_hp_loss":0,"event_name":"The Mausoleum","floor":27,"gold_loss":0},{"damage_healed":0,"gold_gain":0,"player_choice":"Embrace Madness","damage_taken":10,"max_hp_gain":0,"max_hp_loss":0,"event_name":"Winding Halls","floor":36,"gold_loss":0,"cards_obtained":["Madness","Madness"]},{"damage_healed":0,"gold_gain":999,"player_choice":"Gold","damage_taken":0,"max_hp_gain":0,"max_hp_loss":0,"event_name":"MindBloom","floor":39,"gold_loss":0,"cards_obtained":["Normality","Normality"]}],"is_beta":false,"boss_relics":[{"not_picked":["conspire:SlowCooker","beaked:SacredDeck"],"picked":"hubris:GrandSneckoEye"},{"not_picked":["aspiration:WatcherSkillbook","Kintsugi"],"picked":"ReplayTheSpireMod:SealedPack"}],"items_purged_floors":[],"is_endless":false,"potions_floor_spawned":[3,11,16,24,28,29,33,42],"killed_by":"Maw","ascension_level":0}}