{"host":"684z1xpuwaoqmmh1","time":1613132658,"event":{"mods":["A Magickal Journey","BaseMod","Downfall","Hermit","Jorbs\u0027s Wanderer Trilogy","Marisa????????","Minty Spire (QoL Compilation)","Robot Space Explorer","Shade Mod","StSLib","The Bug Knight","The Dragon Tamer","The Elementalist","The Hayseed","The Hierophant","The Marked","The Mystic","The Runesmith","The Saiyan","The Senshi","The Spell Scribe","The Vixen","TheBandit","TheFirefly"],"gold_per_floor":[111,161,181,69,69,104,104,131,131,141,156,156,188,207,207,304,304,315,315,18,28,48,381,381,414,414,414,445,445,445,456,456,556,556,567,580,596,596,180,212,212,246,272,272,272,289,301,336,336,336,336,336,14,14,14],"floor_reached":54,"language":"ENG","playtime":3569,"items_purged":["Runesmith:Strike_RS","Runesmith:Strike_RS"],"score":1443,"play_id":"8f903bf8-e072-4ab8-9ad0-0c2d41fd4b5f","local_time":"20210212142418","is_ascension_mode":true,"campfire_choices":[{"data":"Runesmith:CraftFirestone","floor":7,"key":"SMITH"},{"data":"Runesmith:LithiumIon","floor":12,"key":"SMITH"},{"data":"Runesmith:DoubleUp","floor":15,"key":"SMITH"},{"data":"Runesmith:MetallurgicalResearch","floor":24,"key":"SMITH"},{"data":"Runesmith:Permafrost","floor":27,"key":"SMITH"},{"data":"1","floor":32,"key":"LIFT"},{"floor":41,"key":"RECALL"},{"floor":44,"key":"REST"},{"data":"2","floor":49,"key":"LIFT"},{"data":"3","floor":52,"key":"LIFT"}],"circlet_count":0,"master_deck":["Runesmith:Strike_RS","Runesmith:Strike_RS","Runesmith:Defend_RS","Runesmith:Defend_RS","Runesmith:Defend_RS","Runesmith:CraftFirestone+1","Runesmith:Fortify","Runesmith:Grindstone","Runesmith:RuneHurl","Runesmith:LithiumIon+1","Runesmith:CraftProtectio","Runesmith:DoubleUp+1","Runesmith:Accelerate","Runesmith:MetallurgicalResearch+1","Runesmith:HammerThrow","Runesmith:Permafrost+1","Runesmith:UnlimitedPower","Runesmith:Firestorm","Runesmith:CraftIndustria","Runesmith:RunicBlueprint+1","Writhe","Runesmith:LightningRod","Runesmith:ChiselStab","Runesmith:LithiumIon","Runesmith:NanitesCloud+1","Runesmith:EnergizedChisel+1","Dark Shackles","Runesmith:Accelerate+1","Runesmith:OneForEveryone","Runesmith:FissionHammer"],"relics":["Runesmith:BrokenRuby","Mummified Hand","theSenshi:SuperSailorFukuRelic","White Beast Statue","Dream Catcher","Philosopher\u0027s Stone","Potion Belt","Toy Ornithopter","Old Coin","Ornamental Fan","Girya","Kunai","Fusion Hammer","Sundial","Nunchaku","Pantograph","Art of War","Du-Vu Doll","Pen Nib"],"acts_visited":["Exordium","TheCity","TheBeyond","TheEnding"],"potions_floor_usage":[6,8,13,16,23,25,28,31,33,35,36,42,42,46,48,50,54,54],"damage_taken":[{"damage":0,"enemies":"Small Slimes","floor":1,"turns":3},{"damage":1,"enemies":"2 Louse","floor":3,"turns":3},{"damage":0,"enemies":"Lagavulin","floor":6,"turns":7},{"damage":24,"enemies":"Gremlin Nob","floor":8,"turns":4},{"damage":0,"enemies":"Cultist","floor":10,"turns":3},{"damage":0,"enemies":"Exordium Wildlife","floor":11,"turns":3},{"damage":0,"enemies":"Lagavulin","floor":13,"turns":6},{"damage":0,"enemies":"Blue Slaver","floor":14,"turns":4},{"damage":6,"enemies":"Hexaghost","floor":16,"turns":11},{"damage":0,"enemies":"Chosen","floor":18,"turns":6},{"damage":7,"enemies":"Spheric Guardian","floor":21,"turns":5},{"damage":0,"enemies":"Centurion and Healer","floor":22,"turns":9},{"damage":0,"enemies":"HollowMod:Nosk","floor":23,"turns":10},{"damage":0,"enemies":"Gremlin Leader","floor":25,"turns":9},{"damage":38,"enemies":"Slavers","floor":28,"turns":6},{"damage":3,"enemies":"Snake Plant","floor":31,"turns":5},{"damage":21,"enemies":"Collector","floor":33,"turns":12},{"damage":0,"enemies":"3 Darklings","floor":35,"turns":6},{"damage":0,"enemies":"Orb Walker","floor":36,"turns":4},{"damage":0,"enemies":"4 Shapes","floor":37,"turns":9},{"damage":0,"enemies":"Nemesis","floor":40,"turns":5},{"damage":69,"enemies":"Reptomancer","floor":42,"turns":6},{"damage":15,"enemies":"Spire Growth","floor":46,"turns":8},{"damage":0,"enemies":"Maw","floor":47,"turns":8},{"damage":0,"enemies":"Giant Head","floor":48,"turns":9},{"damage":0,"enemies":"Donu and Deca","floor":50,"turns":12},{"damage":80,"enemies":"Shield and Spear","floor":54,"turns":6}],"seed_played":"1803666825808593504","potions_obtained":[{"floor":0,"key":"EssenceOfSteel"},{"floor":0,"key":"sneckomod:MuddlingPotion"},{"floor":0,"key":"DuplicationPotion"},{"floor":10,"key":"ColorlessPotion"},{"floor":11,"key":"champ:CounterPotion"},{"floor":13,"key":"sneckomod:MuddlingPotion"},{"floor":14,"key":"DuplicationPotion"},{"floor":16,"key":"bronze:BurnAndBuffPotion"},{"floor":18,"key":"EssenceOfSteel"},{"floor":21,"key":"Block Potion"},{"floor":22,"key":"FearPotion"},{"floor":23,"key":"GamblersBrew"},{"floor":25,"key":"Energy Potion"},{"floor":28,"key":"champ:CounterPotion"},{"floor":31,"key":"Strength Potion"},{"floor":33,"key":"Swift Potion"},{"floor":35,"key":"PowerPotion"},{"floor":36,"key":"BlessingOfTheForge"},{"floor":40,"key":"Fruit Juice"},{"floor":42,"key":"Strength Potion"},{"floor":46,"key":"champ:CounterPotion"},{"floor":47,"key":"Regen Potion"},{"floor":48,"key":"SneckoOil"}],"is_trial":false,"path_per_floor":["M","?","M","$","?","E","R","E","T","M","M","R","E","M","R","B",null,"M","?","$","M","M","E","R","E","T","R","E","?","?","M","R","B",null,"M","M","M","?","$","E","R","E","T","R","?","M","M","E","R","B",null,"R","$","E"],"character_chosen":"RUNESMITH_CLASS","items_purchased":["Runesmith:LithiumIon","Potion Belt","Toy Ornithopter","Runesmith:LithiumIon","Sundial","Pen Nib","EntropicBrew","Runesmith:FissionHammer"],"campfire_rested":1,"item_purchase_floors":[4,20,20,39,39,53,53,53],"current_hp_per_floor":[63,63,62,62,62,62,62,38,38,38,38,38,38,38,38,32,61,61,61,61,54,54,59,59,64,64,64,31,31,31,33,33,17,57,62,67,67,67,67,67,67,11,11,33,33,23,23,43,43,73,75,75,75,0,0],"gold":14,"neow_bonus":"THREE_SMALL_POTIONS","is_daily":false,"chose_seed":false,"campfire_upgraded":5,"win_rate":0.0,"timestamp":1613132658,"path_taken":["M","?","M","$","?","E","R","E","T","?","M","R","E","M","R","BOSS","M","?","$","M","M","E","R","E","T","R","E","?","?","M","R","BOSS","M","M","M","?","$","E","R","E","T","R","?","M","M","E","R","BOSS","R","$","E"],"items_purchased_type":["Card","Relic","Relic","Card","Relic","Relic","Potion","Card"],"build_version":"2020-12-22","purchased_purges":2,"victory":false,"max_hp_per_floor":[70,70,70,70,70,70,70,70,70,70,70,70,70,70,70,70,70,70,70,70,70,70,70,70,70,70,70,70,70,70,70,70,70,70,70,70,70,70,70,70,70,75,75,75,75,75,75,75,75,75,75,75,75,75,75],"card_choices":[{"not_picked":["Runesmith:Overpower","Runesmith:HeatExchange"],"picked":"Runesmith:Grindstone","floor":1},{"not_picked":["Runesmith:MakeshiftArmor","Runesmith:CraftProtectio"],"picked":"Runesmith:RuneHurl","floor":3},{"not_picked":["Runesmith:StaticCage","Runesmith:WhiteBalance"],"picked":"Runesmith:CraftProtectio","floor":6},{"not_picked":["Runesmith:Overpower","Runesmith:Discharge"],"picked":"Runesmith:DoubleUp","floor":8},{"not_picked":["Runesmith:CraftMagma","Runesmith:HammerTime"],"picked":"Runesmith:Accelerate","floor":10},{"not_picked":["Runesmith:CraftMagma","Runesmith:WhiteBalance"],"picked":"Runesmith:MetallurgicalResearch","floor":11},{"not_picked":["Runesmith:ChargedHammer","Runesmith:RunicBlueprint"],"picked":"Runesmith:HammerThrow","floor":13},{"not_picked":["Runesmith:MakeshiftArmor","Runesmith:GoWithTheFlow"],"picked":"Runesmith:Permafrost","floor":14},{"not_picked":["Runesmith:DuctTape","Runesmith:Supernova"],"picked":"Runesmith:UnlimitedPower","floor":16},{"not_picked":["Runesmith:Repurpose","Runesmith:CraftMagma"],"picked":"Runesmith:Firestorm","floor":18},{"not_picked":["Runesmith:BackupBattery","Runesmith:Attraction","Runesmith:HeatExchange"],"picked":"SKIP","floor":21},{"not_picked":["Runesmith:Repurpose","Runesmith:Overpower","Runesmith:ChiselStab"],"picked":"SKIP","floor":22},{"not_picked":["Runesmith:BackupBattery","Runesmith:Overpower","Runesmith:Electrocute"],"picked":"SKIP","floor":23},{"not_picked":["Runesmith:MakeshiftArmor","Runesmith:RuneHurl"],"picked":"Runesmith:CraftIndustria","floor":25},{"not_picked":["Runesmith:Repurpose","Runesmith:ChiselStab+1"],"picked":"Runesmith:RunicBlueprint+1","floor":28},{"not_picked":["Runesmith:Overpower+1","Runesmith:BackupBattery","Runesmith:CraftProtectio"],"picked":"SKIP","floor":31},{"not_picked":["Runesmith:DuctTape","Runesmith:ArcReactor"],"picked":"Runesmith:LightningRod","floor":33},{"not_picked":["Runesmith:Prism+1","Runesmith:CraftMagma+1"],"picked":"Runesmith:ChiselStab","floor":35},{"not_picked":["Runesmith:CraftReservo+1","Runesmith:Repurpose+1","Runesmith:Overpower+1"],"picked":"SKIP","floor":36},{"not_picked":["Runesmith:UnstableHammer+1","Runesmith:BackupBattery+1","Runesmith:Discharge"],"picked":"SKIP","floor":37},{"not_picked":["Runesmith:StaticCage","Runesmith:Terraform","Runesmith:FieryHammer"],"picked":"SKIP","floor":40},{"not_picked":["Runesmith:Firewall+1","Runesmith:ChaoticBlast+1"],"picked":"Runesmith:NanitesCloud+1","floor":42},{"not_picked":["Runesmith:RuneHurl+1","Runesmith:LastStand"],"picked":"Runesmith:EnergizedChisel+1","floor":44},{"not_picked":["Purity","Forethought"],"picked":"Dark Shackles","floor":45},{"not_picked":["Runesmith:FieryHammer+1","Runesmith:MakeshiftArmor"],"picked":"Runesmith:Accelerate+1","floor":46},{"not_picked":["Runesmith:StaticCage","Runesmith:RuneHurl"],"picked":"Runesmith:OneForEveryone","floor":47},{"not_picked":["Runesmith:Superposition+1","Runesmith:CraftProtectio+1","Runesmith:Grindstone"],"picked":"SKIP","floor":48}],"player_experience":3260123,"relics_obtained":[{"floor":6,"key":"Mummified Hand"},{"floor":8,"key":"theSenshi:SuperSailorFukuRelic"},{"floor":9,"key":"White Beast Statue"},{"floor":13,"key":"Dream Catcher"},{"floor":23,"key":"Old Coin"},{"floor":25,"key":"Ornamental Fan"},{"floor":28,"key":"Girya"},{"floor":40,"key":"Nunchaku"},{"floor":42,"key":"Pantograph"},{"floor":43,"key":"Art of War"},{"floor":48,"key":"Du-Vu Doll"}],"event_choices":[{"cards_removed":["Runesmith:Defend_RS"],"damage_healed":0,"gold_gain":0,"player_choice":"Offered Basic","damage_taken":0,"max_hp_gain":0,"max_hp_loss":0,"event_name":"Bonfire Elementals","floor":5,"gold_loss":0},{"damage_healed":0,"gold_gain":0,"player_choice":"Opened","damage_taken":0,"relics_obtained":["Kunai"],"max_hp_gain":0,"max_hp_loss":0,"event_name":"The Mausoleum","floor":30,"gold_loss":0,"cards_obtained":["Writhe"]},{"damage_healed":0,"gold_gain":0,"player_choice":"Ignored","damage_taken":0,"max_hp_gain":0,"max_hp_loss":0,"event_name":"Tomb of Lord Red Mask","floor":38,"gold_loss":0},{"damage_healed":0,"gold_gain":0,"player_choice":"Memory 1","damage_taken":0,"max_hp_gain":0,"max_hp_loss":0,"event_name":"SensoryStone","floor":45,"gold_loss":0}],"is_beta":false,"boss_relics":[{"not_picked":["Runesmith:PocketReactor","Sozu"],"picked":"Philosopher\u0027s Stone"},{"not_picked":["Runic Pyramid","Runic Dome"],"picked":"Fusion Hammer"}],"items_purged_floors":[4,39],"is_endless":false,"potions_floor_spawned":[10,11,13,14,16,18,21,22,23,25,28,31,33,35,36,37,40,42,46,47,48],"killed_by":"Shield and Spear","ascension_level":9}}