{"host":"dztixnx9b0gu6w9i","time":1613168597,"event":{"mods":["BaseMod","Bestiary","Minty Spire (QoL Compilation)","Relic Stats","Slay the Relics Exporter","SpireBot","ojb\u0027s Better Paths Mod","ojb\u0027s Info Mod"],"gold_per_floor":[109,34,34,54,71,71,88,104,104,104,122,141,141,174,174,253,253,263,12,12,12,31,31,59,76,76,176,196,225,240,256,256,332,332,345,356,66,66,80,80,106,22,91,139,149,149,182,182,182,182,182,182,182,6,32,32],"floor_reached":57,"language":"ENG","playtime":14237,"items_purged":["Strike_B","Writhe"],"score":2883,"play_id":"f576d7ce-3e8d-4352-8016-1da73f097331","local_time":"20210212172317","is_ascension_mode":true,"campfire_choices":[{"data":"Beam Cell","floor":6,"key":"SMITH"},{"data":"Sweeping Beam","floor":10,"key":"SMITH"},{"data":"Rip and Tear","floor":15,"key":"SMITH"},{"floor":23,"key":"REST"},{"data":"Rainbow","floor":32,"key":"SMITH"},{"data":"Seek","floor":40,"key":"SMITH"},{"floor":46,"key":"RECALL"},{"data":"Hologram","floor":49,"key":"SMITH"},{"data":"Glacier","floor":53,"key":"SMITH"}],"circlet_count":0,"master_deck":["AscendersBane","Strike_B","Defend_B","Defend_B","Zap","Dualcast","Steam","Seek+1","Beam Cell+1","Coolheaded","FTL","Sweeping Beam+1","Compile Driver","Glacier+1","Rip and Tear+1","Echo Form","Self Repair","Cold Snap+1","Rainbow+1","Loop+1","Hologram+1","Coolheaded+1","Darkness+1","Doom and Gloom","Glacier"],"relics":["Velvet Choker","Singing Bowl","Anchor","Snecko Eye","OrangePellets","Enchiridion","Darkstone Periapt","StoneCalendar","Incense Burner","DataDisk","Cursed Key","Membership Card","Bag of Preparation","Calipers","Lantern","Pocketwatch","Toy Ornithopter","Blood Vial","Kunai"],"acts_visited":["Exordium","TheCity","TheBeyond","TheEnding"],"potions_floor_usage":[11,14,18,33,44,56],"damage_taken":[{"damage":5,"enemies":"2 Louse","floor":1,"turns":2},{"damage":2,"enemies":"Small Slimes","floor":4,"turns":3},{"damage":7,"enemies":"Jaw Worm","floor":5,"turns":3},{"damage":8,"enemies":"Large Slime","floor":7,"turns":6},{"damage":4,"enemies":"Gremlin Gang","floor":8,"turns":4},{"damage":0,"enemies":"2 Fungi Beasts","floor":11,"turns":4},{"damage":0,"enemies":"Exordium Wildlife","floor":12,"turns":3},{"damage":0,"enemies":"Lagavulin","floor":14,"turns":6},{"damage":10,"enemies":"Slime Boss","floor":16,"turns":6},{"damage":8,"enemies":"3 Byrds","floor":18,"turns":5},{"damage":9,"enemies":"2 Thieves","floor":22,"turns":4},{"damage":48,"enemies":"Slavers","floor":24,"turns":9},{"damage":1,"enemies":"Cultist and Chosen","floor":25,"turns":7},{"damage":1,"enemies":"Colosseum Slavers","floor":27,"turns":5},{"damage":35,"enemies":"Colosseum Nobs","floor":27,"turns":5},{"damage":0,"enemies":"Shelled Parasite and Fungi","floor":28,"turns":10},{"damage":0,"enemies":"Gremlin Leader","floor":29,"turns":4},{"damage":0,"enemies":"Centurion and Healer","floor":30,"turns":7},{"damage":0,"enemies":"Snake Plant","floor":31,"turns":9},{"damage":0,"enemies":"Automaton","floor":33,"turns":10},{"damage":0,"enemies":"3 Shapes","floor":35,"turns":6},{"damage":0,"enemies":"Orb Walker","floor":36,"turns":5},{"damage":6,"enemies":"Jaw Worm Horde","floor":39,"turns":5},{"damage":7,"enemies":"Giant Head","floor":41,"turns":7},{"damage":8,"enemies":"2 Orb Walkers","floor":44,"turns":6},{"damage":0,"enemies":"Sphere and 2 Shapes","floor":45,"turns":7},{"damage":8,"enemies":"Reptomancer","floor":47,"turns":6},{"damage":5,"enemies":"Donu and Deca","floor":50,"turns":12},{"damage":11,"enemies":"Awakened One","floor":51,"turns":18},{"damage":61,"enemies":"Shield and Spear","floor":55,"turns":12},{"damage":18,"enemies":"The Heart","floor":56,"turns":10}],"seed_played":"4841007971628673486","potions_obtained":[{"floor":4,"key":"Regen Potion"},{"floor":8,"key":"ColorlessPotion"},{"floor":16,"key":"PowerPotion"},{"floor":25,"key":"Dexterity Potion"},{"floor":28,"key":"ColorlessPotion"},{"floor":29,"key":"Swift Potion"},{"floor":30,"key":"FocusPotion"},{"floor":35,"key":"GamblersBrew"},{"floor":41,"key":"EssenceOfDarkness"},{"floor":47,"key":"FairyPotion"},{"floor":48,"key":"PowerPotion"}],"is_trial":false,"path_per_floor":["M","?","?","M","M","R","M","M","T","R","M","M","?","E","R","B",null,"M","$","?","?","M","R","E","M","T","?","M","E","M","M","R","B",null,"M","M","$","?","M","R","E","$","T","?","M","R","E","?","R","B","B",null,"R","$","E","B",null],"character_chosen":"DEFECT","items_purchased":["Self Repair","OrangePellets","Membership Card","Bag of Preparation","Lantern","Doom and Gloom","Blood Vial"],"campfire_rested":1,"item_purchase_floors":[19,19,37,37,42,54,54],"current_hp_per_floor":[59,59,59,57,50,50,42,38,38,38,50,50,43,43,43,33,62,56,56,35,35,33,54,20,33,33,18,34,43,57,73,73,81,81,81,83,83,83,85,85,87,87,93,87,97,97,98,98,98,99,99,99,99,99,52,41],"gold":32,"neow_bonus":"BOSS_RELIC","is_daily":false,"chose_seed":false,"campfire_upgraded":7,"win_rate":0.0,"timestamp":1613168597,"path_taken":["M","?","?","M","M","R","M","M","T","R","M","M","?","E","R","BOSS","M","$","?","?","M","R","E","?","T","?","M","E","M","M","R","BOSS","M","M","$","?","M","R","E","?","T","?","M","R","E","?","R","BOSS","BOSS","R","$","E","BOSS"],"items_purchased_type":["Card","Relic","Relic","Relic","Relic","Card","Relic"],"build_version":"2020-12-22","purchased_purges":2,"victory":true,"max_hp_per_floor":[71,71,71,71,71,71,71,71,71,71,71,71,71,71,71,71,71,73,73,73,73,73,73,73,73,73,73,75,77,77,79,79,81,81,81,83,83,83,85,85,87,87,93,95,97,97,99,99,99,99,99,99,99,99,99,99],"relic_stats":{"Darkstone Periapt":6,"Singing Bowl":22,"counters":[31,205],"StoneCalendar":[449],"Bag of Preparation":[18],"Cursed Key":1,"Blood Vial":2,"OrangePellets":[35],"Snecko Eye":[88,69,75,89],"Kunai":[2],"obtain_stats":[{"Darkstone Periapt":24,"Lantern":42,"Calipers":41,"Singing Bowl":9,"Velvet Choker":0,"Enchiridion":20,"StoneCalendar":26,"Incense Burner":27,"Bag of Preparation":37,"Cursed Key":34,"Blood Vial":54,"OrangePellets":19,"Anchor":14,"DataDisk":29,"Snecko Eye":17,"Membership Card":37,"Kunai":55,"Cracked Core":0,"Toy Ornithopter":47,"Pocketwatch":44},{"Darkstone Periapt":12,"Lantern":24,"Calipers":24,"Singing Bowl":5,"Velvet Choker":0,"Enchiridion":10,"StoneCalendar":13,"Incense Burner":15,"Bag of Preparation":22,"Cursed Key":20,"Blood Vial":29,"OrangePellets":10,"Anchor":8,"DataDisk":17,"Snecko Eye":9,"Membership Card":22,"Kunai":30,"Cracked Core":0,"Toy Ornithopter":27,"Pocketwatch":25},{"Darkstone Periapt":55,"Lantern":134,"Calipers":134,"Singing Bowl":18,"Velvet Choker":0,"Enchiridion":42,"StoneCalendar":62,"Incense Burner":72,"Bag of Preparation":122,"Cursed Key":111,"Blood Vial":183,"OrangePellets":42,"Anchor":31,"DataDisk":86,"Snecko Eye":37,"Membership Card":122,"Kunai":195,"Cracked Core":0,"Toy Ornithopter":153,"Pocketwatch":140}],"Toy Ornithopter":5,"Pocketwatch":[7]},"card_choices":[{"not_picked":["Redo","Barrage"],"picked":"Steam","floor":1},{"not_picked":["Scrape","Go for the Eyes"],"picked":"Beam Cell","floor":4},{"not_picked":["Steam","Go for the Eyes"],"picked":"Coolheaded","floor":5},{"not_picked":["Barrage","Coolheaded"],"picked":"FTL","floor":7},{"not_picked":["Barrage","Conserve Battery"],"picked":"Sweeping Beam","floor":8},{"not_picked":["Conserve Battery","Recycle"],"picked":"Compile Driver","floor":11},{"not_picked":["Undo","Consume"],"picked":"Glacier","floor":12},{"not_picked":["Blizzard","Chaos"],"picked":"Rip and Tear","floor":14},{"not_picked":["Buffer","Amplify"],"picked":"Echo Form","floor":16},{"not_picked":["Turbo+1","Coolheaded","Streamline"],"picked":"Singing Bowl","floor":18},{"not_picked":["Streamline","Turbo"],"picked":"Cold Snap+1","floor":22},{"not_picked":["Thunder Strike","Loop"],"picked":"Rainbow","floor":24},{"not_picked":["Steam","Sweeping Beam"],"picked":"Loop+1","floor":25},{"not_picked":["Melter","Turbo"],"picked":"Hologram","floor":27},{"not_picked":["Self Repair","Rebound","Redo"],"picked":"Singing Bowl","floor":28},{"not_picked":["Redo+1","Beam Cell","Hello World"],"picked":"Singing Bowl","floor":29},{"not_picked":["Consume","Hologram"],"picked":"Coolheaded+1","floor":30},{"not_picked":["Ball Lightning","Beam Cell","Conserve Battery"],"picked":"Singing Bowl","floor":31},{"not_picked":["Fission","Meteor Strike","Reboot"],"picked":"Singing Bowl","floor":33},{"not_picked":["Redo","Steam"],"picked":"Darkness","floor":35},{"not_picked":["Conserve Battery","Cold Snap","Rip and Tear"],"picked":"Singing Bowl","floor":36},{"not_picked":["Fusion","Ball Lightning+1","Streamline+1"],"picked":"Singing Bowl","floor":39},{"not_picked":["All For One","Chill+1","Beam Cell"],"picked":"Singing Bowl","floor":41},{"not_picked":["Gash","Coolheaded","Streamline"],"picked":"Singing Bowl","floor":44},{"not_picked":["Sweeping Beam+1","Barrage+1","Leap+1"],"picked":"Singing Bowl","floor":45},{"not_picked":["Reprogram+1","Electrodynamics","Chaos"],"picked":"Singing Bowl","floor":47},{"not_picked":["Rip and Tear+1","Turbo"],"picked":"Glacier","floor":55}],"player_experience":8578308,"relics_obtained":[{"floor":9,"key":"Singing Bowl"},{"floor":14,"key":"Anchor"},{"floor":20,"key":"Enchiridion"},{"floor":24,"key":"Darkstone Periapt"},{"floor":26,"key":"StoneCalendar"},{"floor":27,"key":"Incense Burner"},{"floor":29,"key":"DataDisk"},{"floor":41,"key":"Calipers"},{"floor":44,"key":"Pocketwatch"},{"floor":47,"key":"Toy Ornithopter"},{"floor":55,"key":"Kunai"}],"event_choices":[{"cards_removed":["Defend_B"],"damage_healed":0,"gold_gain":0,"player_choice":"Card Removal","damage_taken":0,"max_hp_gain":0,"max_hp_loss":0,"event_name":"The Cleric","floor":2,"gold_loss":75},{"damage_healed":0,"gold_gain":0,"cards_transformed":["Strike_B"],"player_choice":"Change","damage_taken":0,"max_hp_gain":0,"max_hp_loss":0,"event_name":"Living Wall","floor":3,"gold_loss":0,"cards_obtained":["Seek"]},{"cards_removed":["Defend_B"],"damage_healed":0,"gold_gain":0,"player_choice":"Card Removal","damage_taken":7,"max_hp_gain":0,"max_hp_loss":0,"event_name":"Golden Wing","floor":13,"gold_loss":0},{"damage_healed":0,"gold_gain":0,"player_choice":"Obtained Book","damage_taken":21,"max_hp_gain":0,"max_hp_loss":0,"event_name":"Cursed Tome","floor":20,"gold_loss":0},{"cards_removed":["Strike_B"],"damage_healed":0,"gold_gain":0,"player_choice":"Purged","damage_taken":0,"max_hp_gain":0,"max_hp_loss":0,"event_name":"Purifier","floor":21,"gold_loss":0},{"damage_healed":0,"gold_gain":0,"player_choice":"Fight","damage_taken":0,"max_hp_gain":0,"max_hp_loss":0,"event_name":"Colosseum","floor":27,"gold_loss":0},{"damage_healed":0,"gold_gain":0,"player_choice":"Fought Nobs","damage_taken":0,"max_hp_gain":0,"max_hp_loss":0,"event_name":"Colosseum","floor":27,"gold_loss":0},{"damage_healed":0,"gold_gain":0,"player_choice":"Forge","damage_taken":0,"max_hp_gain":0,"max_hp_loss":0,"event_name":"Accursed Blacksmith","floor":38,"gold_loss":0,"cards_upgraded":["Darkness"]},{"damage_healed":0,"gold_gain":0,"player_choice":"Fight","damage_taken":0,"max_hp_gain":0,"max_hp_loss":0,"event_name":"Mysterious Sphere","floor":44,"gold_loss":0},{"damage_healed":0,"gold_gain":0,"player_choice":"Got Potions","damage_taken":0,"max_hp_gain":0,"max_hp_loss":0,"event_name":"Lab","floor":48,"gold_loss":0}],"is_beta":false,"boss_relics":[{"not_picked":["SacredBark","Ectoplasm"],"picked":"Snecko Eye"},{"not_picked":["Astrolabe","Calling Bell"],"picked":"Cursed Key"}],"items_purged_floors":[37,54],"is_endless":false,"potions_floor_spawned":[4,8,16,25,27,28,29,30,35,39,41,47],"ascension_level":20}}