{"host":"fhujvjnj99vjue08","time":1613103913,"event":{"mods":["2.2 Compatiblity","AchievementEnabler","Aspiration","Astrologer","BaseMod","Beaked The Cultist","BetterRewards","CatGirl Mod","Colored Map","Colored Powertips","Conjunction","Conspire","Custom Start","Downfall","Friendly Minions","GifTheSpireLib","Googly Eyes","Halation","Highlight Path","Hubris","Hyrulean Relics","Infinite Spire","Magitek Elite","Mimic Mod","Minty Spire (QoL Compilation)","Replay The Spire","Reworked Bosses","Shop Mod","StSLib","Strawberry Spire","Stuff the Spire","The Bug Knight","The Gatherer","The Jungle","The Servant 0.9.4","TheBandit","TheFirefly","egg","thorton"],"gold_per_floor":[99,114,39,214,214,114,144,6,6,39,59,69,54,80,95,194,194,194,206,226,226,326,452,500,520,420,452,452,570,588,616,635,739,739,639,649,669,83,99,119,157,174,190,190,190],"floor_reached":44,"language":"ENG","playtime":4592,"items_purged":["Doubt","HollowMod:NailStrikeStart"],"score":582,"play_id":"c287fad5-0c14-4236-838b-b74640bee154","local_time":"20210212042513","is_ascension_mode":true,"campfire_choices":[{"floor":1,"key":"RECALL"},{"data":"HollowMod:NewLittleFool","floor":6,"key":"SMITH"},{"data":"HollowMod:SlysStrikes","floor":18,"key":"SMITH"},{"data":"HollowMod:theNailsmith","floor":18,"key":"SMITH"},{"data":"HollowMod:SoulSplash","floor":26,"key":"SMITH"},{"data":"HollowMod:LifebloodCocoon","floor":26,"key":"SMITH"},{"data":"HollowMod:CycloneSlash","floor":28,"key":"SMITH"},{"data":"HollowMod:HowlingWraiths","floor":28,"key":"SMITH"},{"data":"HollowMod:SoulStrike","floor":35,"key":"SMITH"},{"data":"HollowMod:QuickDashStart","floor":35,"key":"SMITH"}],"circlet_count":0,"master_deck":["HollowMod:NailStrikeStart","HollowMod:NailStrikeStart","HollowMod:NailStrikeStart","HollowMod:QuickDashStart","HollowMod:QuickDashStart","HollowMod:QuickDashStart","HollowMod:QuickDashStart+1","HollowMod:FocusHealStart+1","HollowMod:PogoStrike","HollowMod:NewLittleFool+1","HollowMod:LifebloodCocoon+1","HollowMod:SlysStrikes+1","HollowMod:HowlingWraiths+1","HollowMod:SoulSplash+1","HollowMod:CycloneSlash+1","HollowMod:theNailsmith+1","HollowMod:SlysStrikes+1","HollowMod:CloakDash+1","HollowMod:CoiledNail+1","HollowMod:SoulStrike+1","HollowMod:BaldurShell","HollowMod:GoodIntentions+1","HollowMod:HuntersJournal+1","HollowMod:CloakDash","HollowMod:CornifersMapStart+1","HollowMod:InfectedAttack","HollowMod:MidwifesHunger","Enlightenment","Secret Technique","HollowMod:GoodIntentions","HollowMod:DungDefenderAura+1","HollowMod:MawleksShell"],"relics":["HollowMod:VesselMask","downfall:HeartBlessingRed","aspiration:Lifesprig","infinitespire:WardingShard","Replay:Arrowhead","SacredBark","hubris:Icosahedron","White Beast Statue","Centennial Puzzle","downfall:HeartBlessingBlue","conspire:GlowingRock","hubris:MysteriousPyramids","downfall:HeartBlessingGreen","MerchantsRug","Turnip"],"acts_visited":["Exordium","Exordium","TheBeyond"],"potions_floor_usage":[7,14,16,22,25,25,27,29,31,33,33,33,38,43,44,44],"damage_taken":[{"damage":1,"enemies":"Small Slimes","floor":2,"turns":4},{"damage":0,"enemies":"conspire:RoseBush","floor":7,"turns":7},{"damage":0,"enemies":"downfall:FleeingMerchant","floor":8,"turns":4},{"damage":18,"enemies":"Replay:BlueRogue","floor":10,"turns":5},{"damage":0,"enemies":"conspire:RoseBush","floor":11,"turns":2},{"damage":0,"enemies":"2 Louse","floor":12,"turns":2},{"damage":9,"enemies":"downfall:FleeingMerchant","floor":13,"turns":4},{"damage":9,"enemies":"3 Sentries","floor":14,"turns":6},{"damage":5,"enemies":"Blue Slaver","floor":15,"turns":4},{"damage":16,"enemies":"SI_SHIV_ARCHETYPE","floor":16,"turns":8},{"damage":32,"enemies":"Shell Parasite","floor":19,"turns":7},{"damage":14,"enemies":"theJungle:Flameango_and_Byrd","floor":20,"turns":5},{"damage":22,"enemies":"downfall:LadyInBlue","floor":22,"turns":9},{"damage":7,"enemies":"theJungle:2_Phrogs","floor":23,"turns":5},{"damage":42,"enemies":"Snake Plant","floor":25,"turns":5},{"damage":0,"enemies":"theJungle:Cassacara","floor":27,"turns":5},{"damage":27,"enemies":"theJungle:2_Flameangoes","floor":29,"turns":6},{"damage":11,"enemies":"theJungle:JungleHuntersEncounter","floor":30,"turns":5},{"damage":55,"enemies":"Nightmare","floor":31,"turns":10},{"damage":6,"enemies":"theJungle:SlimyTreeVines","floor":32,"turns":5},{"damage":35,"enemies":"WA_ARCHETYPE_CALM","floor":33,"turns":8},{"damage":34,"enemies":"3 Darklings","floor":36,"turns":5},{"damage":0,"enemies":"Orb Walker","floor":37,"turns":3},{"damage":11,"enemies":"downfall:FleeingMerchant","floor":38,"turns":4},{"damage":34,"enemies":"Jaw Worm Horde","floor":39,"turns":5},{"damage":13,"enemies":"Sphere and 2 Shapes","floor":40,"turns":5},{"damage":3,"enemies":"Maw","floor":41,"turns":5},{"damage":17,"enemies":"Maw","floor":42,"turns":10},{"damage":20,"enemies":"Transient","floor":43,"turns":5},{"damage":12,"enemies":"downfall:FleeingMerchant","floor":44,"turns":2}],"seed_played":"6814492146515377162","potions_obtained":[{"floor":2,"key":"SkillPotion"},{"floor":11,"key":"Swift Potion"},{"floor":15,"key":"Adrenaline Potion"},{"floor":19,"key":"SneckoOil"},{"floor":20,"key":"GamblersBrew"},{"floor":22,"key":"FairyPotion"},{"floor":22,"key":"Milkshake"},{"floor":22,"key":"conspire:TimeTravelPotion"},{"floor":23,"key":"Fruit Juice"},{"floor":25,"key":"GamblersBrew"},{"floor":27,"key":"Explosive Potion"},{"floor":29,"key":"Swift Potion"},{"floor":30,"key":"champ:CounterPotion"},{"floor":31,"key":"hexamod:SoulburnPotion"},{"floor":32,"key":"Swift Potion"},{"floor":33,"key":"BlessingOfTheForge"},{"floor":36,"key":"bronze:BurnAndBuffPotion"},{"floor":37,"key":"hexamod:SoulburnPotion"},{"floor":38,"key":"Doom Potion"},{"floor":41,"key":"Venom Potion"},{"floor":42,"key":"bronze:BurnAndBuffPotion"},{"floor":43,"key":"PowerPotion"}],"is_trial":false,"path_per_floor":["R","M","?","?","?","R","MIM","$","?","E","M","M","$","E","M","B",null,"R","M","M","?","?","E","T","M","R","E","R","M","M","NM","M","B",null,"R","M","M","$","M","M","MIM","M","M","$"],"character_chosen":"THE_BUGKNIGHT","items_purchased":["HollowMod:HowlingWraiths","MerchantsRug","Enlightenment","Secret Technique","HollowMod:GoodIntentions"],"campfire_rested":0,"item_purchase_floors":[8,38,38,38,38],"current_hp_per_floor":[75,75,80,80,80,80,80,80,80,71,71,77,75,75,75,64,80,80,58,50,50,40,39,39,31,41,41,41,24,13,33,43,20,100,100,66,72,67,39,26,29,18,4,0,0],"gold":190,"neow_bonus":"UPGRADE_CARD","is_daily":false,"chose_seed":false,"campfire_upgraded":9,"win_rate":0.0,"timestamp":1613103913,"path_taken":["R","M","?","?","?","R","MIM","?","?","E","M","?","$","E","M","BOSS","R","M","M","?","?","E","T","?","R","E","R","M","M","NM","M","BOSS","R","M","M","$","M","M","MIM","M","M","$"],"items_purchased_type":["Card","Relic","Card","Card","Card"],"build_version":"2020-12-22","purchased_purges":2,"victory":false,"max_hp_per_floor":[75,75,80,80,80,80,80,80,80,80,80,80,80,80,80,80,80,80,80,80,80,80,80,80,90,100,100,100,100,100,100,100,100,100,100,100,100,100,100,100,100,100,100,100,100],"card_choices":[{"not_picked":["HollowMod:ShadowDash","HollowMod:BrokenVessel"],"picked":"HollowMod:NewLittleFool","floor":2},{"not_picked":["HollowMod:WraithStrike","HollowMod:TaintedHusks"],"picked":"HollowMod:LifebloodCocoon","floor":7},{"not_picked":["HollowMod:SoulStrike","HollowMod:HeavyBlow"],"picked":"HollowMod:SlysStrikes","floor":8},{"not_picked":["HollowMod:DescendingDark","HollowMod:SharpenedShadows"],"picked":"HollowMod:SoulSplash","floor":10},{"not_picked":["HollowMod:CoiledNail","HollowMod:SiblingsSouls"],"picked":"HollowMod:CycloneSlash","floor":11},{"not_picked":["HollowMod:HeavyBlow","HollowMod:InfectedAttack","HollowMod:AbyssShriek"],"picked":"SKIP","floor":12},{"not_picked":["HollowMod:DreamGate","HollowMod:ShadowDash","HollowMod:ShapeofUnn"],"picked":"SKIP","floor":13},{"not_picked":["HollowMod:VengefulSpirit","HollowMod:AbyssShriek"],"picked":"HollowMod:theNailsmith","floor":14},{"not_picked":["HollowMod:WraithStrike","HollowMod:HeavyBlow","HollowMod:SharpenedNail"],"picked":"SKIP","floor":15},{"not_picked":["HollowMod:ZotesMagnificence","HollowMod:LordofShades"],"picked":"HollowMod:SlysStrikes","floor":16},{"not_picked":["HollowMod:DesolateDive","HollowMod:DreamGate"],"picked":"HollowMod:CloakDash+1","floor":19},{"not_picked":["HollowMod:NewLittleFool","HollowMod:LifebloodCocoon+1"],"picked":"HollowMod:CoiledNail+1","floor":20},{"not_picked":["HollowMod:SharpenedNail+1","HollowMod:NewGlowingWomb+1"],"picked":"HollowMod:SoulStrike","floor":22},{"not_picked":["HollowMod:GrimmsGift","HollowMod:ShadowDash+1"],"picked":"HollowMod:BaldurShell","floor":23},{"not_picked":["HollowMod:ShapeofUnn","HollowMod:BaldurShell"],"picked":"HollowMod:GoodIntentions+1","floor":25},{"not_picked":["HollowMod:TaintedHusks","HollowMod:ElderbugsWisdom"],"picked":"HollowMod:HuntersJournal+1","floor":27},{"not_picked":["HollowMod:SoulSplash","HollowMod:DreamGate+1"],"picked":"HollowMod:CloakDash","floor":29},{"not_picked":["HollowMod:DoubleDash","HollowMod:DescendingDark+1"],"picked":"HollowMod:CornifersMapStart+1","floor":30},{"not_picked":["HollowMod:ShadowDash","HollowMod:RecoilStrike"],"picked":"HollowMod:InfectedAttack","floor":31},{"not_picked":["HollowMod:SoulSplash","HollowMod:SharpenedNail","HollowMod:SoulEater"],"picked":"SKIP","floor":32},{"not_picked":["HollowMod:SoulSplash","HollowMod:SharpenedNail","HollowMod:SoulEater"],"picked":"SKIP","floor":32},{"not_picked":["HollowMod:LordofShades","HollowMod:ElderbugsWisdom"],"picked":"HollowMod:MidwifesHunger","floor":33},{"not_picked":["HollowMod:SoulEater","HollowMod:DesolateDive","HollowMod:CloakDash"],"picked":"SKIP","floor":36},{"not_picked":["HollowMod:TaintedHusks","HollowMod:InfectedCysts+1","HollowMod:SlysStrikes"],"picked":"SKIP","floor":37},{"not_picked":["HollowMod:RecoilStrike+1","HollowMod:SharpenedNail+1","HollowMod:DoubleDash"],"picked":"SKIP","floor":38},{"not_picked":["HollowMod:Grubsong","HollowMod:InfectedCysts"],"picked":"HollowMod:DungDefenderAura+1","floor":39},{"not_picked":["HollowMod:VengefulVoid+1","HollowMod:theNailsmith","HollowMod:SoulSplash+1"],"picked":"SKIP","floor":40},{"not_picked":["HollowMod:InfectedAttack+1","HollowMod:SharpenedNail","HollowMod:LifebloodCocoon"],"picked":"SKIP","floor":42},{"not_picked":["HollowMod:LifebloodCocoon","HollowMod:WraithStrike"],"picked":"HollowMod:MawleksShell","floor":43}],"player_experience":337886,"relics_obtained":[{"floor":7,"key":"aspiration:Lifesprig"},{"floor":10,"key":"infinitespire:WardingShard"},{"floor":14,"key":"Replay:Arrowhead"},{"floor":22,"key":"White Beast Statue"},{"floor":23,"key":"Centennial Puzzle"},{"floor":27,"key":"conspire:GlowingRock"},{"floor":31,"key":"hubris:MysteriousPyramids"},{"floor":41,"key":"Turnip"}],"event_choices":[{"damage_healed":0,"gold_gain":0,"player_choice":"Forge","damage_taken":0,"max_hp_gain":0,"max_hp_loss":0,"event_name":"Accursed Blacksmith","floor":9,"gold_loss":0,"cards_upgraded":["HollowMod:SlysStrikes"]}],"is_beta":false,"boss_relics":[{"not_picked":["Philosopher\u0027s Stone","Empty Cage"],"picked":"SacredBark"},{"not_picked":["hubris:GrandSneckoEye","conspire:SeveredTorchhead","aspiration:FutureDiary"]}],"items_purged_floors":[8,38],"is_endless":false,"potions_floor_spawned":[2,11,15,19,20,23,25,27,29,30,31,32,33,36,37,38,39,40,41,42,43],"killed_by":"downfall:FleeingMerchant","ascension_level":1}}