{"host":"vyiqbz5w606ur92t","time":1613146034,"event":{"mods":["BaseMod","Downfall","Minty Spire (QoL Compilation)","StSLib"],"gold_per_floor":[99,115,115,128,128,153,179,8,8,21,6,6,21,56,72,149,149,149,161,146,161,180,280,280,280,280,280],"floor_reached":25,"language":"ENG","playtime":1786,"items_purged":[],"score":369,"play_id":"f46c4bad-d85a-4047-9e16-fe25a3d1d086","local_time":"20210212160714","is_ascension_mode":true,"campfire_choices":[{"data":"Slimebound:BestDefense","floor":1,"key":"SMITH"},{"floor":9,"key":"REST"},{"data":"Slimebound:OneTwoCombo","floor":12,"key":"SMITH"},{"data":"Slimebound:LevelUp","floor":18,"key":"SMITH"}],"circlet_count":0,"master_deck":["AscendersBane","Slimebound:Defend_Slimebound","Slimebound:Split","Slimebound:CorrosiveSpit+1","Slimebound:BestDefense+1","Slimebound:SplitLeeching","Slimebound:OneTwoCombo+1","Slimebound:PressTheAttack+1","Slimebound:LevelUp+1","Slimebound:Equalize+1","Slimebound:RollThrough+1","Slimebound:Equalize+1","Slimebound:SplitMire","Slimebound:ComboTackle+1","Slimebound:MinionMaster","Slimebound:Recollect+1","Slimebound:Repurpose+1","Slimebound:SamplingLick+1","Slimebound:ProtectTheBoss","Slimebound:MinionMaster","Slimebound:SlimeSpikes","Slimebound:ForwardTackle+1","J.A.X.","Slimebound:ProtectTheBoss","Slimebound:DivideAndConquer+1"],"relics":["Slimebound:AbsorbEndCombat","Molten Egg 2","Bag of Marbles","OrangePellets","Ice Cream","Astrolabe","MutagenicStrength","Bottled Flame"],"acts_visited":["Exordium","TheCity"],"potions_floor_usage":[6,16,16,22,25],"damage_taken":[{"damage":4,"enemies":"Jaw Worm","floor":2,"turns":6},{"damage":2,"enemies":"Cultist","floor":4,"turns":4},{"damage":41,"enemies":"Gremlin Nob","floor":6,"turns":6},{"damage":5,"enemies":"downfall:FleeingMerchant","floor":8,"turns":4},{"damage":0,"enemies":"Small Slimes","floor":10,"turns":3},{"damage":2,"enemies":"downfall:FleeingMerchant","floor":11,"turns":4},{"damage":14,"enemies":"Red Slaver","floor":13,"turns":4},{"damage":12,"enemies":"Lagavulin","floor":14,"turns":4},{"damage":6,"enemies":"3 Louse","floor":15,"turns":3},{"damage":21,"enemies":"DF_ARCHETYPE_STREAMLINE","floor":16,"turns":6},{"damage":1,"enemies":"Chosen","floor":19,"turns":4},{"damage":20,"enemies":"downfall:FleeingMerchant","floor":20,"turns":4},{"damage":37,"enemies":"3 Cultists","floor":21,"turns":5},{"damage":18,"enemies":"Centurion and Healer","floor":22,"turns":4},{"damage":20,"enemies":"downfall:Augmenter","floor":23,"turns":5},{"damage":17,"enemies":"Slavers","floor":25,"turns":1}],"seed_played":"-4590192617803725899","potions_obtained":[{"floor":2,"key":"Weak Potion"},{"floor":13,"key":"ColorlessPotion"},{"floor":14,"key":"ColorlessPotion"},{"floor":21,"key":"DistilledChaos"},{"floor":22,"key":"Dexterity Potion"}],"is_trial":false,"path_per_floor":["R","M","?","M","?","E","T","$","R","M","$","R","M","E","M","B",null,"R","M","$","M","M","?","T","E"],"character_chosen":"SLIMEBOUND","items_purchased":["OrangePellets"],"campfire_rested":1,"item_purchase_floors":[8],"current_hp_per_floor":[53,51,51,53,53,16,16,17,34,36,42,42,34,51,51,55,58,58,59,57,32,28,16,16,0,0,0],"gold":280,"neow_bonus":"TRANSFORM_CARD","is_daily":false,"chose_seed":false,"campfire_upgraded":3,"win_rate":0.0,"timestamp":1613146034,"path_taken":["R","M","?","?","?","E","T","$","R","?","$","R","M","E","M","BOSS","R","M","$","M","M","?","T","E"],"items_purchased_type":["Relic"],"build_version":"2020-12-22","purchased_purges":0,"victory":false,"max_hp_per_floor":[59,59,59,59,59,59,59,59,59,59,59,59,59,59,59,59,59,59,59,59,59,59,59,59,59,59,59],"card_choices":[{"not_picked":["Slimebound:Gluttony","Slimebound:AcidTongue","Slimebound:PressTheAttack"],"picked":"SKIP","floor":2},{"not_picked":["Slimebound:SamplingLick","Slimebound:Schlurp"],"picked":"Slimebound:SplitLeeching","floor":4},{"not_picked":["Slimebound:LivingWall","Slimebound:SplitAcid"],"picked":"Slimebound:PressTheAttack+1","floor":6},{"not_picked":["Slimebound:ComboTackle+1","Slimebound:SplitBruiser"],"picked":"Slimebound:LevelUp","floor":8},{"not_picked":["Slimebound:FinishingTackle+1","Slimebound:Gluttony"],"picked":"Slimebound:Equalize+1","floor":10},{"not_picked":["Slimebound:RejuvenatingLick","Slimebound:Recollect"],"picked":"Slimebound:RollThrough+1","floor":11},{"not_picked":["Slimebound:LeechEnergy+1","Slimebound:GrowthPunch+1"],"picked":"Slimebound:Equalize+1","floor":13},{"not_picked":["Slimebound:ComboTackle+1","Slimebound:SamplingLick"],"picked":"Slimebound:SplitMire","floor":14},{"not_picked":["Slimebound:GoopTackle+1","Slimebound:Replication"],"picked":"Slimebound:ComboTackle+1","floor":15},{"not_picked":["Slimebound:DuplicatedForm","Slimebound:OozeBath"],"picked":"Slimebound:MinionMaster","floor":16},{"not_picked":["Slimebound:ServeAndProtect","Slimebound:AcidTongue"],"picked":"Slimebound:ProtectTheBoss","floor":19},{"not_picked":["Slimebound:SplitMire","Slimebound:Grow"],"picked":"Slimebound:MinionMaster","floor":20},{"not_picked":["Slimebound:Dissolve","Slimebound:GoopTackle+1"],"picked":"Slimebound:SlimeSpikes","floor":21},{"not_picked":["Slimebound:SlimeSpikes","Slimebound:LeechingTouch+1","Slimebound:BestDefense"],"picked":"SKIP","floor":22},{"not_picked":["Slimebound:GoopTackle+1","Slimebound:ViciousTackle+1"],"picked":"Slimebound:ForwardTackle+1","floor":23},{"not_picked":[],"picked":"J.A.X.","floor":23}],"player_experience":1752810,"relics_obtained":[{"floor":6,"key":"Molten Egg 2"},{"floor":7,"key":"Bag of Marbles"},{"floor":14,"key":"Ice Cream"},{"floor":23,"key":"MutagenicStrength"},{"floor":24,"key":"Bottled Flame"}],"event_choices":[],"is_beta":false,"boss_relics":[{"not_picked":["expansioncontent:StudyCardRelic","Empty Cage"],"picked":"Astrolabe"}],"items_purged_floors":[],"is_endless":false,"potions_floor_spawned":[2,13,14,15,21,22],"killed_by":"Slavers","ascension_level":15}}