{"host":"mi0eibewekhugwl1","time":1613107167,"event":{"mods":["AchievementEnabler","BaseMod","Colored Map","Colored Powertips","DeckTracker","Keyboard Shortcuts","Minty Spire (QoL Compilation)","Quick Restart","Rare Cards Sparkle","Relic Stats","StSLib","SuperFastMode","everything is the same but u backflip on backflip"],"gold_per_floor":[361,8,27,102,117,136,136,164,164,197,197,197,215,232,232,304,304,318,335,67,67,77,77,88,88,88,88,121,37,55,55,55,55,55],"floor_reached":33,"language":"KOR","playtime":569,"items_purged":["Pain","Strike_R"],"score":654,"play_id":"d1fe49f9-f257-475e-aa69-10bec213074b","local_time":"20210212141927","is_ascension_mode":true,"campfire_choices":[{"data":"Bludgeon","floor":7.0,"key":"SMITH"},{"data":"Bash","floor":12.0,"key":"SMITH"},{"floor":15.0,"key":"REST"},{"floor":23.0,"key":"REST"},{"floor":27,"key":"REST"},{"floor":32,"key":"REST"}],"circlet_count":0,"master_deck":["AscendersBane","Strike_R","Strike_R","Strike_R","Defend_R","Defend_R","Defend_R","Defend_R","Bash+1","Bludgeon+1","Master of Strategy","Wild Strike","Reckless Charge","Pommel Strike","Feed","Fire Breathing","Evolve","Whirlwind","Intimidate","Shrug It Off"],"relics":["Burning Blood","Lizard Tail","Calipers","Gambling Chip","Sozu","Vajra","White Beast Statue"],"acts_visited":["Exordium","TheCity"],"potions_floor_usage":[33],"damage_taken":[{"damage":12.0,"enemies":"Cultist","floor":1.0,"turns":4.0},{"damage":15.0,"enemies":"Small Slimes","floor":3.0,"turns":3.0},{"damage":9.0,"enemies":"2 Louse","floor":5.0,"turns":4.0},{"damage":5.0,"enemies":"Gremlin Gang","floor":6.0,"turns":8.0},{"damage":8.0,"enemies":"3 Sentries","floor":8.0,"turns":8.0},{"damage":18.0,"enemies":"Lagavulin","floor":10.0,"turns":5.0},{"damage":18.0,"enemies":"3 Louse","floor":13.0,"turns":5.0},{"damage":11.0,"enemies":"Looter","floor":14.0,"turns":2.0},{"damage":0.0,"enemies":"Slime Boss","floor":16.0,"turns":5.0},{"damage":27.0,"enemies":"Shell Parasite","floor":18.0,"turns":4.0},{"damage":20.0,"enemies":"Spheric Guardian","floor":19.0,"turns":4.0},{"damage":27.0,"enemies":"Snecko","floor":22.0,"turns":4.0},{"damage":24.0,"enemies":"Snake Plant","floor":24.0,"turns":2.0},{"damage":7,"enemies":"Gremlin Leader","floor":28,"turns":7},{"damage":21,"enemies":"3 Cultists","floor":30,"turns":5},{"damage":99,"enemies":"Collector","floor":33,"turns":6}],"seed_played":"-6262715452114308770","potions_obtained":[{"floor":1.0,"key":"HeartOfIron"},{"floor":3.0,"key":"Block Potion"},{"floor":13.0,"key":"Swift Potion"},{"floor":14.0,"key":"FearPotion"}],"is_trial":false,"path_per_floor":["M","$","M","?","M","M","R","E","T","E","?","R","M","M","R","B",null,"M","M","$","?","M","R","M","?","T","R","E","$","M","$","R","B"],"character_chosen":"IRONCLAD","items_purchased":["Bludgeon","Master of Strategy","Vajra","Intimidate"],"campfire_rested":4,"item_purchase_floors":[2,2,20,29],"current_hp_per_floor":[62,62,53,42,39,40,40,38,38,26,26,26,14,9,31,37,66,45,31,31,31,13,36,18,18,18,41,40,40,25,25,48,0,0],"gold":55,"neow_bonus":"TWO_FIFTY_GOLD","is_daily":false,"chose_seed":false,"campfire_upgraded":2,"win_rate":0.0,"timestamp":1613107167,"path_taken":["M","$","?","?","M","M","R","E","T","E","?","R","M","M","R","BOSS","M","?","$","?","M","R","M","?","T","R","E","$","?","?","R","BOSS"],"items_purchased_type":["Card","Card","Relic","Card"],"build_version":"2020-12-22","purchased_purges":2,"victory":false,"max_hp_per_floor":[75,75,75,75,75,75,75,75,75,75,75,75,75,75,75,75,75,75,75,75,75,78,78,78,78,78,78,78,78,78,78,78,78,78],"relic_stats":{"Sozu":3,"Lizard Tail":39,"counters":[16,76],"Gambling Chip":[28],"obtain_stats":[{"Sozu":17,"Lizard Tail":8,"Calipers":9,"Gambling Chip":10,"Vajra":20,"Burning Blood":0,"White Beast Statue":28},{"Sozu":9,"Lizard Tail":5,"Calipers":5,"Gambling Chip":6,"Vajra":11,"Burning Blood":0,"White Beast Statue":14},{"Sozu":44,"Lizard Tail":27,"Calipers":27,"Gambling Chip":32,"Vajra":52,"Burning Blood":0,"White Beast Statue":65}],"Burning Blood":90},"card_choices":[{"not_picked":["Havoc","Dual Wield","Perfected Strike"],"picked":"SKIP","floor":1.0},{"not_picked":["Infernal Blade","Dual Wield","Combust"],"picked":"SKIP","floor":3.0},{"not_picked":["Havoc","Wild Strike","Pummel"],"picked":"SKIP","floor":5.0},{"not_picked":["Havoc","Pummel"],"picked":"Wild Strike","floor":5.0},{"not_picked":["Armaments","Spot Weakness","Feel No Pain"],"picked":"SKIP","floor":6.0},{"not_picked":["Cleave","Blood for Blood"],"picked":"Reckless Charge","floor":8.0},{"not_picked":["Headbutt","Flex"],"picked":"Pommel Strike","floor":10.0},{"not_picked":["Rampage","Heavy Blade","Clash"],"picked":"SKIP","floor":13.0},{"not_picked":["Flex","Warcry","Berserk"],"picked":"SKIP","floor":14.0},{"not_picked":["Juggernaut","Impervious"],"picked":"Feed","floor":16.0},{"not_picked":["True Grit","Dual Wield"],"picked":"Fire Breathing","floor":18.0},{"not_picked":["Twin Strike","Body Slam","Entrench"],"picked":"SKIP","floor":19.0},{"not_picked":["Twin Strike","Perfected Strike","Iron Wave"],"picked":"SKIP","floor":22.0},{"not_picked":["Searing Blow","Wild Strike","Anger+1"],"picked":"SKIP","floor":24.0},{"not_picked":["Body Slam","Barricade"],"picked":"Whirlwind","floor":28},{"not_picked":["Bloodletting","Sentinel"],"picked":"Shrug It Off","floor":30}],"player_experience":1798442,"relics_obtained":[{"floor":8.0,"key":"Lizard Tail"},{"floor":9.0,"key":"Calipers"},{"floor":10.0,"key":"Gambling Chip"},{"floor":28,"key":"White Beast Statue"}],"event_choices":[{"damage_healed":0.0,"max_hp_gain":0.0,"max_hp_loss":0.0,"gold_gain":75.0,"event_name":"World of Goop","player_choice":"Gather Gold","floor":4.0,"gold_loss":0.0,"damage_taken":11.0},{"cards_removed":["Strike_R"],"damage_healed":0.0,"max_hp_gain":0.0,"max_hp_loss":0.0,"gold_gain":0.0,"event_name":"Purifier","player_choice":"Purged","floor":11.0,"gold_loss":0.0,"damage_taken":0.0},{"damage_healed":0.0,"max_hp_gain":0.0,"max_hp_loss":0.0,"gold_gain":0.0,"event_name":"Cursed Tome","player_choice":"Ignored","floor":21.0,"gold_loss":0.0,"damage_taken":0.0},{"damage_healed":0.0,"max_hp_gain":0.0,"max_hp_loss":0.0,"gold_gain":0.0,"event_name":"The Library","player_choice":"Read","floor":25.0,"gold_loss":0.0,"damage_taken":0.0,"cards_obtained":["Evolve"]}],"is_beta":false,"boss_relics":[{"not_picked":["SlaversCollar","SacredBark"],"picked":"Sozu"}],"items_purged_floors":[2,20],"is_endless":false,"potions_floor_spawned":[1,3,6,13,14,18,24,30],"killed_by":"Collector","ascension_level":20}}