{"host":"8ztb9kwpjc2zof9s","time":1613109063,"event":{"mods":["BaseMod","Block Reminder","Curses Come First","Minty Spire (QoL Compilation)","Relic Stats","StSLib"],"gold_per_floor":[119,119,132,142,142,173,173,204,229,229,9,9,9],"floor_reached":12,"language":"ENG","playtime":317,"items_purged":["Strike_G"],"score":133,"play_id":"290f2742-05c7-42f8-8cc4-20daf719f98a","local_time":"20210211215103","is_ascension_mode":true,"campfire_choices":[{"floor":7,"key":"REST"}],"circlet_count":0,"master_deck":["AscendersBane","Strike_G","Strike_G","Strike_G","Defend_G","Defend_G","Defend_G","Defend_G","Defend_G","Survivor","Neutralize","Dagger Spray","Flechettes"],"relics":["Ring of the Snake","NeowsBlessing","Oddly Smooth Stone","Vajra","Matryoshka","Pen Nib","Happy Flower","Snake Skull"],"acts_visited":["Exordium"],"potions_floor_usage":[6,8,12],"damage_taken":[{"damage":0,"enemies":"2 Louse","floor":1,"turns":1},{"damage":0,"enemies":"Cultist","floor":3,"turns":1},{"damage":0,"enemies":"Jaw Worm","floor":4,"turns":1},{"damage":38,"enemies":"Gremlin Nob","floor":6,"turns":6},{"damage":23,"enemies":"3 Sentries","floor":8,"turns":10},{"damage":28,"enemies":"Lagavulin","floor":12,"turns":8}],"seed_played":"5436530752760991953","potions_obtained":[{"floor":3,"key":"Explosive Potion"},{"floor":6,"key":"Energy Potion"},{"floor":8,"key":"SpeedPotion"}],"is_trial":false,"path_per_floor":["M","?","M","M","?","E","R","E","T","?","$","E"],"character_chosen":"THE_SILENT","items_purchased":["Snake Skull"],"campfire_rested":1,"item_purchase_floors":[11],"current_hp_per_floor":[63,63,63,63,60,22,43,20,20,20,20,0,0],"gold":9,"neow_bonus":"THREE_ENEMY_KILL","is_daily":false,"chose_seed":false,"campfire_upgraded":0,"win_rate":0.0,"timestamp":1613109063,"path_taken":["M","?","?","M","?","E","R","E","T","?","$","E"],"items_purchased_type":["Relic"],"build_version":"2020-12-22","purchased_purges":1,"victory":false,"max_hp_per_floor":[70,70,70,70,70,70,70,70,70,70,70,70,70],"relic_stats":{"Happy Flower":[2],"counters":[6,27],"Pen Nib":[1],"Snake Skull":[0],"obtain_stats":[{"Matryoshka":8,"NeowsBlessing":0,"Happy Flower":9,"Oddly Smooth Stone":5,"Vajra":6,"Pen Nib":9,"Snake Skull":11,"Ring of the Snake":0},{"Matryoshka":5,"NeowsBlessing":0,"Happy Flower":5,"Oddly Smooth Stone":3,"Vajra":4,"Pen Nib":5,"Snake Skull":5,"Ring of the Snake":0},{"Matryoshka":19,"NeowsBlessing":0,"Happy Flower":19,"Oddly Smooth Stone":3,"Vajra":9,"Pen Nib":19,"Snake Skull":19,"Ring of the Snake":0}],"Ring of the Snake":[12]},"card_choices":[{"not_picked":["Slice","Quick Slash"],"picked":"Dagger Spray","floor":1},{"not_picked":["Predator","Quick Slash","Choke"],"picked":"SKIP","floor":3},{"not_picked":["Underhanded Strike","Acrobatics","Outmaneuver"],"picked":"SKIP","floor":4},{"not_picked":["Predator","Acrobatics"],"picked":"Flechettes","floor":6},{"not_picked":["Masterful Stab","Underhanded Strike","Flying Knee"],"picked":"SKIP","floor":8}],"player_experience":292674,"relics_obtained":[{"floor":6,"key":"Vajra"},{"floor":8,"key":"Matryoshka"},{"floor":9,"key":"Pen Nib"},{"floor":9,"key":"Happy Flower"}],"event_choices":[{"cards_removed":["Strike_G"],"damage_healed":0,"gold_gain":0,"player_choice":"Card Removal","damage_taken":0,"max_hp_gain":0,"max_hp_loss":0,"event_name":"Wheel of Change","floor":2,"gold_loss":0},{"damage_healed":0,"gold_gain":0,"player_choice":"Success","damage_taken":3,"relics_obtained":["Oddly Smooth Stone"],"max_hp_gain":0,"max_hp_loss":0,"event_name":"Scrap Ooze","floor":5,"gold_loss":0},{"damage_healed":0,"gold_gain":0,"player_choice":"Ignored","damage_taken":0,"max_hp_gain":0,"max_hp_loss":0,"event_name":"Golden Wing","floor":10,"gold_loss":0}],"is_beta":false,"boss_relics":[],"items_purged_floors":[11],"is_endless":false,"potions_floor_spawned":[3,6,8],"killed_by":"Lagavulin","ascension_level":11}}