{"host":"d61fcf2p3sjwe6yo","time":1613143030,"event":{"mods":["BaseMod","Colored Map","Koishi","Marisa????????","Minty Spire (QoL Compilation)","StSLib","SuperFastMode","The Servant 0.9.4"],"gold_per_floor":[114,114,131,158,158,158,168,199,253,280,297,56,66,86,86,161,161,181,199,199,215,232,232,259,105,105,119,152,152,164,177,177,248,248,268,268,268,278,168,202,216,51,78,78,78,78],"floor_reached":45,"language":"ENG","playtime":2601,"items_purged":["Pain"],"score":1394,"play_id":"f2c2ad38-714d-4ed4-9f64-dd73a80d8ba6","local_time":"20210212181710","is_ascension_mode":true,"campfire_choices":[{"floor":6,"key":"REST"},{"data":"GearUp","floor":15,"key":"SMITH"},{"data":"SilverBlades","floor":23,"key":"SMITH"},{"data":"SurpressingFire","floor":29,"key":"SMITH"},{"data":"Luminosity","floor":32,"key":"SMITH"},{"floor":44,"key":"RECALL"}],"circlet_count":0,"master_deck":["AscendersBane","Defend_S","Defend_S","KidneyShot","Exchange","Desolation","FastForward","Moonlight","SilverBlades+1","BottledTime","TheWorld","GearUp+1","KillingDoll","FastForward+1","Misdirection","SurpressingFire+1","Snipe","Luminosity+1","TheWorld+1","Rewind+1","BottledTime+1","KillingDoll","InstantArmor+1","SilverBlades+1","Rewind+1","Rearm+1"],"relics":["Uniform","Lantern","WarpedTongs","Regal Pillow","Pen Nib","Boot","Coffee Dripper","Toxic Egg 2","Bag of Preparation","Potion Belt","Fusion Hammer","Mummified Hand","Orrery"],"acts_visited":["Exordium","TheCity","TheBeyond"],"potions_floor_usage":[8,13,16,22,24,28],"damage_taken":[{"damage":3,"enemies":"Cultist","floor":1,"turns":4},{"damage":2,"enemies":"Jaw Worm","floor":3,"turns":4},{"damage":2,"enemies":"2 Louse","floor":7,"turns":2},{"damage":17,"enemies":"Lagavulin","floor":8,"turns":9},{"damage":3,"enemies":"Gremlin Nob","floor":10,"turns":3},{"damage":18,"enemies":"Lots of Slimes","floor":11,"turns":4},{"damage":7,"enemies":"2 Fungi Beasts","floor":13,"turns":2},{"damage":0,"enemies":"Blue Slaver","floor":14,"turns":3},{"damage":0,"enemies":"Hexaghost","floor":16,"turns":10},{"damage":0,"enemies":"3 Byrds","floor":18,"turns":4},{"damage":0,"enemies":"Shell Parasite","floor":19,"turns":4},{"damage":4,"enemies":"Centurion and Healer","floor":21,"turns":6},{"damage":0,"enemies":"Shelled Parasite and Fungi","floor":22,"turns":3},{"damage":0,"enemies":"Book of Stabbing","floor":24,"turns":6},{"damage":0,"enemies":"3 Cultists","floor":27,"turns":4},{"damage":0,"enemies":"Gremlin Leader","floor":28,"turns":4},{"damage":0,"enemies":"Centurion and Healer","floor":30,"turns":7},{"damage":0,"enemies":"Snecko","floor":31,"turns":5},{"damage":0,"enemies":"Collector","floor":33,"turns":6},{"damage":0,"enemies":"Orb Walker","floor":35,"turns":2},{"damage":0,"enemies":"3 Darklings","floor":38,"turns":7},{"damage":0,"enemies":"Giant Head","floor":40,"turns":5},{"damage":0,"enemies":"Transient","floor":41,"turns":6},{"damage":57,"enemies":"4 Shapes","floor":45,"turns":4}],"seed_played":"1010050607304052499","potions_obtained":[{"floor":1,"key":"Block Potion"},{"floor":8,"key":"FearPotion"},{"floor":13,"key":"EssenceOfSteel"},{"floor":16,"key":"Fire Potion"},{"floor":21,"key":"DistilledChaos"},{"floor":22,"key":"Swift Potion"},{"floor":28,"key":"PowerPotion"},{"floor":31,"key":"FearPotion"},{"floor":33,"key":"Swift Potion"},{"floor":40,"key":"ColorlessPotion"}],"is_trial":false,"path_per_floor":["M","?","M","T","?","R","M","E","T","E","M","$","M","M","R","B",null,"M","M","?","M","M","R","E","$","T","M","E","R","M","M","R","B",null,"M","?","?","M","?","E","M","$","T","R","M"],"character_chosen":"THE_SERVANT","items_purchased":["TheWorld","Regen Potion","TheWorld+1","Orrery"],"campfire_rested":1,"item_purchase_floors":[12,12,25,42],"current_hp_per_floor":[36,29,27,27,27,45,43,26,26,23,5,5,3,3,3,3,46,46,46,46,42,42,42,42,42,42,42,42,42,42,42,42,42,56,56,56,56,56,56,56,56,56,56,56,0,0],"gold":78,"neow_bonus":"REMOVE_TWO","is_daily":false,"chose_seed":false,"campfire_upgraded":4,"win_rate":0.0,"timestamp":1613143030,"path_taken":["M","?","M","?","?","R","M","E","T","E","M","$","M","M","R","BOSS","M","?","?","M","M","R","E","$","T","M","E","R","M","M","R","BOSS","M","?","?","M","?","E","M","$","T","R","?"],"items_purchased_type":["Card","Potion","Card","Relic"],"build_version":"2020-12-22","purchased_purges":1,"victory":false,"max_hp_per_floor":[60,60,60,60,60,60,60,60,60,60,60,60,60,60,60,60,60,60,60,60,60,60,60,60,60,60,60,60,60,60,60,60,60,60,60,57,57,57,57,57,57,57,57,57,57,57],"card_choices":[{"not_picked":["DualDimension","Foresight"],"picked":"Desolation","floor":1},{"not_picked":["DoubleEdge","Spin"],"picked":"FastForward","floor":3},{"not_picked":["Replace","Rearm"],"picked":"Moonlight","floor":7},{"not_picked":["FanOfKnives","ReturningBlade","TimeWarp"],"picked":"SKIP","floor":8},{"not_picked":["TimeWarp","FanOfKnives"],"picked":"SilverBlades","floor":10},{"not_picked":["Revamp","Advance"],"picked":"BottledTime","floor":11},{"not_picked":["Defy","Ricochet"],"picked":"GearUp","floor":13},{"not_picked":["Ricochet","Comet"],"picked":"Rewind","floor":14},{"not_picked":["LightFlow","MurderousAura"],"picked":"KillingDoll","floor":16},{"not_picked":["Rearm","ShiftingGears"],"picked":"FastForward","floor":18},{"not_picked":["Replace","Ricochet"],"picked":"Misdirection","floor":19},{"not_picked":["Starlight","Potential","DoubleEdge+1"],"picked":"SKIP","floor":21},{"not_picked":["Spin+1","ReturningBlade","Comet"],"picked":"SKIP","floor":22},{"not_picked":["Rearm+1","FanOfKnives"],"picked":"Luminosity","floor":24},{"not_picked":["Advance+1","Deny+1"],"picked":"Rewind+1","floor":27},{"not_picked":["Alleviate+1","DoubleEdge","Starlight"],"picked":"SKIP","floor":28},{"not_picked":["FanOfKnives","Contraction+1"],"picked":"BottledTime+1","floor":30},{"not_picked":["Unruled","TimeWarp","Revamp+1"],"picked":"SKIP","floor":31},{"not_picked":["Deny+1","FloweringNight"],"picked":"KillingDoll","floor":33},{"not_picked":["Revamp+1","Ricochet","FanOfKnives"],"picked":"SKIP","floor":35},{"not_picked":["Rearm+1","Ricochet"],"picked":"InstantArmor+1","floor":38},{"not_picked":["Rewind+1","TimeWarp"],"picked":"SilverBlades+1","floor":40},{"not_picked":["Alleviate+1","Moonlight"],"picked":"Rewind+1","floor":41},{"not_picked":["Embodiment","SilverMatrix"],"picked":"Rearm+1","floor":42}],"player_experience":346787,"relics_obtained":[{"floor":4,"key":"Lantern"},{"floor":8,"key":"Regal Pillow"},{"floor":9,"key":"Pen Nib"},{"floor":10,"key":"Boot"},{"floor":24,"key":"Toxic Egg 2"},{"floor":26,"key":"Bag of Preparation"},{"floor":28,"key":"Potion Belt"},{"floor":40,"key":"Mummified Hand"}],"event_choices":[{"cards_removed":["Strike_S"],"damage_healed":0,"gold_gain":0,"player_choice":"Card Removal","damage_taken":7,"max_hp_gain":0,"max_hp_loss":0,"event_name":"Golden Wing","floor":2,"gold_loss":0},{"damage_healed":0,"gold_gain":0,"player_choice":"Rummage","damage_taken":0,"relics_obtained":["WarpedTongs"],"max_hp_gain":0,"max_hp_loss":0,"event_name":"Accursed Blacksmith","floor":5,"gold_loss":0,"cards_obtained":["Pain"]},{"damage_healed":0,"gold_gain":0,"cards_transformed":["Strike_S","Strike_S"],"player_choice":"Became Test Subject","damage_taken":0,"max_hp_gain":0,"max_hp_loss":0,"event_name":"Drug Dealer","floor":20,"gold_loss":0,"cards_obtained":["SurpressingFire","Snipe"]},{"damage_healed":0,"gold_gain":0,"player_choice":"Max HP","damage_taken":0,"max_hp_gain":0,"max_hp_loss":3,"event_name":"Winding Halls","floor":36,"gold_loss":0},{"cards_removed":["Rewind"],"damage_healed":0,"gold_gain":0,"player_choice":"Removed Skill","damage_taken":0,"max_hp_gain":0,"max_hp_loss":0,"event_name":"Falling","floor":37,"gold_loss":0},{"cards_removed":["Defend_S"],"damage_healed":0,"gold_gain":0,"player_choice":"Upgrade and Remove","damage_taken":0,"max_hp_gain":0,"max_hp_loss":0,"event_name":"Designer","floor":39,"gold_loss":110,"cards_upgraded":["FastForward"]}],"is_beta":false,"boss_relics":[{"not_picked":["Busted Crown","Astrolabe"],"picked":"Coffee Dripper"},{"not_picked":["Runic Pyramid","StoneMask"],"picked":"Fusion Hammer"}],"items_purged_floors":[12],"is_endless":false,"potions_floor_spawned":[1,8,13,14,16,21,22,28,31,33,40],"killed_by":"4 Shapes","ascension_level":20}}