{"host":"pqs17sqrgflf4eqa","time":1613101376,"event":{"mods":["AchievementEnabler","BaseMod","Bestiary","Better Altar","Colored Map","Colored Powertips","Emptier Cage","Googly Eyes","Highlight Path","Minty Spire (QoL Compilation)","Quick Restart","StSLib","SuperFastMode","Transform Curses","slay the spire mod where everything is the same but ironclad has a cowboy hat"],"gold_per_floor":[117,117,117,135,156,156,175,243,243,283,283,248,248,286,286,286,286],"floor_reached":16,"language":"ENG","playtime":246,"items_purged":[],"score":135,"play_id":"bc264df4-0cc0-4556-9486-7ca8b27a6de9","local_time":"20210211224256","is_ascension_mode":true,"campfire_choices":[{"data":"Eruption","floor":6,"key":"SMITH"},{"floor":11,"key":"REST"},{"data":"BattleHymn","floor":13,"key":"SMITH"},{"data":"Crescendo","floor":15,"key":"SMITH"}],"circlet_count":0,"master_deck":["Strike_P","Strike_P","Strike_P","Strike_P","Defend_P","Defend_P","Defend_P","Defend_P","Eruption+1","Vigilance","Establishment","BattleHymn+1","ReachHeaven","FlyingSleeves","FlyingSleeves","FollowUp","Swivel","Crescendo+1"],"relics":["PureWater","Golden Idol","GoldenEye","TeardropLocket","Gremlin Horn","The Courier"],"acts_visited":["Exordium"],"potions_floor_usage":[16],"damage_taken":[{"damage":7,"enemies":"2 Louse","floor":1,"turns":2},{"damage":21,"enemies":"Small Slimes","floor":4,"turns":3},{"damage":0,"enemies":"Cultist","floor":5,"turns":3},{"damage":30,"enemies":"Lots of Slimes","floor":7,"turns":4},{"damage":8,"enemies":"Gremlin Nob","floor":8,"turns":3},{"damage":40,"enemies":"Lagavulin","floor":10,"turns":4},{"damage":29,"enemies":"Gremlin Nob","floor":14,"turns":4},{"damage":36,"enemies":"Hexaghost","floor":16,"turns":2}],"seed_played":"7535100328171788528","potions_obtained":[{"floor":1,"key":"Strength Potion"},{"floor":5,"key":"FairyPotion"},{"floor":8,"key":"LiquidBronze"}],"is_trial":false,"path_per_floor":["M","?","?","M","M","R","M","?","T","E","R","?","R","E","R","B"],"character_chosen":"WATCHER","items_purchased":[],"campfire_rested":1,"item_purchase_floors":[],"current_hp_per_floor":[65,65,70,49,49,49,19,11,11,21,42,60,60,31,31,0,0],"gold":286,"neow_bonus":"ONE_RANDOM_RARE_CARD","is_daily":false,"chose_seed":false,"campfire_upgraded":3,"win_rate":0.0,"timestamp":1613101376,"path_taken":["M","?","?","M","M","R","M","?","T","E","R","?","R","E","R","BOSS"],"items_purchased_type":[],"build_version":"2020-12-22","purchased_purges":0,"victory":false,"max_hp_per_floor":[72,67,72,72,72,72,72,72,72,72,72,72,72,72,72,72,72],"card_choices":[{"not_picked":["WreathOfFlame","Vengeance"],"picked":"BattleHymn","floor":1},{"not_picked":["SashWhip","Fasting2"],"picked":"ReachHeaven","floor":4},{"not_picked":["SashWhip","EmptyBody"],"picked":"FlyingSleeves","floor":5},{"not_picked":["CutThroughFate","Study"],"picked":"FlyingSleeves","floor":7},{"not_picked":["CutThroughFate","FlyingSleeves"],"picked":"FollowUp","floor":8},{"not_picked":["WaveOfTheHand","EmptyBody"],"picked":"Swivel","floor":10},{"not_picked":["FollowUp","MentalFortress"],"picked":"Crescendo","floor":14}],"player_experience":167570,"relics_obtained":[{"floor":8,"key":"GoldenEye"},{"floor":9,"key":"TeardropLocket"},{"floor":10,"key":"Gremlin Horn"},{"floor":14,"key":"The Courier"}],"event_choices":[{"damage_healed":0,"gold_gain":0,"player_choice":"Lose Max HP","damage_taken":0,"relics_obtained":["Golden Idol"],"max_hp_gain":0,"max_hp_loss":5,"event_name":"Golden Idol","floor":2,"gold_loss":0},{"damage_healed":0,"gold_gain":0,"player_choice":"Donut","damage_taken":0,"max_hp_gain":5,"max_hp_loss":0,"event_name":"Big Fish","floor":3,"gold_loss":0},{"damage_healed":0,"gold_gain":30,"player_choice":"Searched \u00272\u0027 times","damage_taken":0,"max_hp_gain":0,"max_hp_loss":0,"event_name":"Dead Adventurer","floor":8,"gold_loss":0},{"damage_healed":18,"gold_gain":0,"player_choice":"Healed","damage_taken":0,"max_hp_gain":0,"max_hp_loss":0,"event_name":"The Cleric","floor":12,"gold_loss":35}],"is_beta":false,"boss_relics":[],"items_purged_floors":[],"is_endless":false,"potions_floor_spawned":[1,5,8],"killed_by":"Hexaghost","ascension_level":5}}