{"host":"mg6qqnp83j5r6p2r","time":1613169158,"event":{"mods":["Alarm Clock","BaseMod","Block Reminder","Colored Map","Colored Powertips","Dark Map","Highlight Path","Minty Spire (QoL Compilation)","Random Character Button","Rare Cards Sparkle","Relic Sorter","Relic Stats","StSLib"],"gold_per_floor":[113,131,131,131,131,160,160,180,180,29,49,65,100,113,113,216,216,233,253,269,98,98,133,133,133,133,151,181,280,313,325,325,430,430,440,114,131,131,482,513,513,529,556,556,556,583,583,618,618,618,618,618,61,93,93],"floor_reached":56,"language":"ENG","playtime":4223,"items_purged":["Strike_G","Strike_G","Strike_G"],"score":1561,"play_id":"98948e9f-c5ff-40a7-b52d-8df1bd62773f","local_time":"20210212163238","is_ascension_mode":true,"campfire_choices":[{"data":"Footwork","floor":7.0,"key":"SMITH"},{"floor":15.0,"key":"REST"},{"data":"Skewer","floor":25.0,"key":"SMITH"},{"floor":32.0,"key":"RECALL"},{"data":"Strike_G","floor":44.0,"key":"PURGE"},{"data":"Strike_G","floor":47.0,"key":"PURGE"},{"data":"Noxious Fumes","floor":49.0,"key":"SMITH"},{"data":"Noxious Fumes","floor":52,"key":"SMITH"}],"circlet_count":0,"master_deck":["Defend_G","Defend_G","Defend_G","Defend_G","Defend_G","Survivor","Neutralize+1","Dagger Spray","Footwork+1","Malaise","Noxious Fumes+1","Noxious Fumes+1","Skewer+1","Venomology+1","Backflip+1","Flying Knee","Purity+1","Ghostly+1","Ghostly+1","Ghostly+1","Ghostly+1","Ghostly+1","Dash","Catalyst+1","Crippling Poison+1","Malaise+1","Caltrops","Deflect+1","Catalyst+1","PiercingWail+1","Terror+1","Footwork","PiercingWail+1","Backflip+1","Deep Breath+1","Leg Sweep+1"],"relics":["Ring of the Snake","Blood Vial","Toxic Egg 2","TwistedFunnel","Pen Nib","Velvet Choker","Kunai","Peace Pipe","Akabeko","SacredBark","Bag of Preparation","Old Coin","Dead Branch","PreservedInsect","Snake Skull","Dream Catcher","Potion Belt","Membership Card","Oddly Smooth Stone","Orichalcum","Toy Ornithopter"],"acts_visited":["Exordium","TheCity","TheBeyond","TheEnding"],"potions_floor_usage":[50,50,50,50,50,54,55,55,55,55,55,55],"damage_taken":[{"damage":0.0,"enemies":"Small Slimes","floor":1.0,"turns":3.0},{"damage":0.0,"enemies":"2 Louse","floor":2.0,"turns":2.0},{"damage":33.0,"enemies":"Lagavulin","floor":6.0,"turns":11.0},{"damage":1.0,"enemies":"Cultist","floor":8.0,"turns":5.0},{"damage":6.0,"enemies":"Lots of Slimes","floor":11.0,"turns":3.0},{"damage":16.0,"enemies":"Gremlin Gang","floor":12.0,"turns":2.0},{"damage":18.0,"enemies":"3 Sentries","floor":13.0,"turns":5.0},{"damage":0.0,"enemies":"3 Louse","floor":14.0,"turns":1.0},{"damage":16.0,"enemies":"Hexaghost","floor":16.0,"turns":11.0},{"damage":5.0,"enemies":"Spheric Guardian","floor":18.0,"turns":5.0},{"damage":0.0,"enemies":"Shell Parasite","floor":19.0,"turns":7.0},{"damage":0.0,"enemies":"Centurion and Healer","floor":20.0,"turns":7.0},{"damage":2.0,"enemies":"Gremlin Leader","floor":23.0,"turns":8.0},{"damage":8.0,"enemies":"Chosen and Byrds","floor":27.0,"turns":7.0},{"damage":2.0,"enemies":"Book of Stabbing","floor":28.0,"turns":8.0},{"damage":0.0,"enemies":"Gremlin Leader","floor":30.0,"turns":6.0},{"damage":0.0,"enemies":"Snecko","floor":31.0,"turns":5.0},{"damage":27.0,"enemies":"Collector","floor":33.0,"turns":11.0},{"damage":4.0,"enemies":"Orb Walker","floor":35.0,"turns":6.0},{"damage":0.0,"enemies":"3 Shapes","floor":37.0,"turns":5.0},{"damage":2.0,"enemies":"2 Orb Walkers","floor":39.0,"turns":5.0},{"damage":7.0,"enemies":"Giant Head","floor":40.0,"turns":9.0},{"damage":8.0,"enemies":"Writhing Mass","floor":42.0,"turns":7.0},{"damage":0.0,"enemies":"Reptomancer","floor":46.0,"turns":3.0},{"damage":4.0,"enemies":"Nemesis","floor":48.0,"turns":9.0},{"damage":20,"enemies":"Donu and Deca","floor":50,"turns":9},{"damage":10,"enemies":"Shield and Spear","floor":54,"turns":8},{"damage":30,"enemies":"The Heart","floor":55,"turns":12}],"seed_played":"-4557264726697754118","potions_obtained":[{"floor":8.0,"key":"EssenceOfSteel"},{"floor":11.0,"key":"CunningPotion"},{"floor":13.0,"key":"Swift Potion"},{"floor":16.0,"key":"Strength Potion"},{"floor":18.0,"key":"Weak Potion"},{"floor":19.0,"key":"SkillPotion"},{"floor":28.0,"key":"SneckoOil"},{"floor":31.0,"key":"Regen Potion"},{"floor":33.0,"key":"PowerPotion"},{"floor":35.0,"key":"Strength Potion"},{"floor":46.0,"key":"SpeedPotion"}],"is_trial":false,"path_per_floor":["M","M","?","?","?","E","R","M","T","$","M","M","E","M","R","B",null,"M","M","M","$","?","E","?","R","T","M","E","?","E","M","R","B",null,"M","$","M","?","?","E","?","M","T","R","?","E","R","E","R","B",null,"R","$","E","B",null],"character_chosen":"THE_SILENT","items_purchased":["TwistedFunnel","Purity+1","Bag of Preparation","Caltrops","Membership Card","Oddly Smooth Stone","Footwork","Orichalcum","PiercingWail+1","Strength Potion","FearPotion","ColorlessPotion","Backflip+1","Deep Breath+1"],"campfire_rested":1,"item_purchase_floors":[10,21,36,36,53,53,53,53,53,53,53,53,53,53],"current_hp_per_floor":[70,70,75,75,75,42,42,43,43,43,39,25,9,11,33,19,75,70,72,74,74,37,35,35,35,35,37,35,35,37,37,37,10,37,33,33,35,35,33,28,28,22,22,22,22,35,35,31,31,13,35,35,35,25,35],"gold":93,"neow_bonus":"UPGRADE_CARD","is_daily":false,"chose_seed":false,"campfire_upgraded":4,"win_rate":0.0,"timestamp":1613169158,"path_taken":["M","M","?","?","?","E","R","M","T","$","?","M","E","?","R","BOSS","M","M","?","$","?","E","?","R","T","M","E","?","E","?","R","BOSS","M","$","M","?","?","E","?","?","T","R","?","E","R","E","R","BOSS","R","$","E","BOSS"],"items_purchased_type":["Relic","Card","Relic","Card","Relic","Relic","Card","Relic","Card","Potion","Potion","Potion","Card","Card"],"build_version":"2020-12-22","purchased_purges":3,"victory":true,"max_hp_per_floor":[70,70,75,75,75,75,75,75,75,75,75,75,75,75,75,75,75,75,75,75,75,37,37,37,37,37,37,37,37,37,37,37,37,37,37,37,37,35,35,35,35,35,35,35,35,35,35,35,35,35,35,35,35,35,35],"relic_stats":{"counters":[28,180],"Dead Branch":[64],"Pen Nib":[17],"PreservedInsect":175,"Snake Skull":[53],"Bag of Preparation":[18],"Orichalcum":[24],"Blood Vial":32,"Peace Pipe":2,"Dream Catcher":0,"Kunai":[10],"obtain_stats":[{"TwistedFunnel":10,"Potion Belt":48,"SacredBark":34,"Dead Branch":40,"Velvet Choker":17,"Oddly Smooth Stone":53,"Pen Nib":13,"PreservedInsect":41,"Snake Skull":43,"Bag of Preparation":36,"Orichalcum":53,"Akabeko":30,"Old Coin":39,"Blood Vial":6,"Peace Pipe":28,"Dream Catcher":46,"Kunai":23,"Membership Card":53,"Toxic Egg 2":9,"Toy Ornithopter":54,"Ring of the Snake":0},{"TwistedFunnel":4,"Potion Belt":25,"SacredBark":18,"Dead Branch":22,"Velvet Choker":9,"Oddly Smooth Stone":26,"Pen Nib":7,"PreservedInsect":22,"Snake Skull":23,"Bag of Preparation":19,"Orichalcum":26,"Akabeko":16,"Old Coin":21,"Blood Vial":3,"Peace Pipe":15,"Dream Catcher":24,"Kunai":13,"Membership Card":26,"Toxic Egg 2":4,"Toy Ornithopter":27,"Ring of the Snake":0},{"TwistedFunnel":21,"Potion Belt":151,"SacredBark":107,"Dead Branch":132,"Velvet Choker":43,"Oddly Smooth Stone":160,"Pen Nib":31,"PreservedInsect":132,"Snake Skull":139,"Bag of Preparation":113,"Orichalcum":160,"Akabeko":91,"Old Coin":123,"Blood Vial":16,"Peace Pipe":85,"Dream Catcher":142,"Kunai":70,"Membership Card":160,"Toxic Egg 2":21,"Toy Ornithopter":168,"Ring of the Snake":0}],"Toy Ornithopter":18,"Ring of the Snake":[56]},"card_choices":[{"not_picked":["Prepared","Outmaneuver"],"picked":"Dagger Spray","floor":1.0},{"not_picked":["Heel Hook","Concentrate"],"picked":"Footwork","floor":2.0},{"not_picked":["Blur","Heel Hook"],"picked":"Malaise","floor":6.0},{"not_picked":["Slice","Acrobatics"],"picked":"Noxious Fumes","floor":8.0},{"not_picked":["Acrobatics+1","Endless Agony"],"picked":"Noxious Fumes","floor":11.0},{"not_picked":["Choke","Heel Hook"],"picked":"Skewer","floor":12.0},{"not_picked":["Acrobatics+1","Prepared+1","Quick Slash"],"picked":"SKIP","floor":13.0},{"not_picked":["Acrobatics+1","Prepared+1","Quick Slash"],"picked":"SKIP","floor":13.0},{"not_picked":["Riddle With Holes","Reflex+1","Dagger Throw"],"picked":"SKIP","floor":14.0},{"not_picked":["Storm of Steel+1","Die Die Die"],"picked":"Venomology+1","floor":16.0},{"not_picked":["Skewer+1","Underhanded Strike+1"],"picked":"Backflip+1","floor":18.0},{"not_picked":["Underhanded Strike","Sucker Punch+1"],"picked":"Flying Knee","floor":19.0},{"not_picked":["Distraction+1","Dagger Throw","All Out Attack"],"picked":"SKIP","floor":20.0},{"not_picked":["Bouncing Flask+1","Outmaneuver+1","Underhanded Strike"],"picked":"SKIP","floor":23.0},{"not_picked":["Acrobatics+1","Infinite Blades"],"picked":"Dash","floor":27.0},{"not_picked":["Sucker Punch","Dagger Throw+1","Choke"],"picked":"SKIP","floor":28.0},{"not_picked":["PiercingWail+1","Backflip+1"],"picked":"Catalyst+1","floor":30.0},{"not_picked":["Adrenaline+1","Poisoned Stab"],"picked":"Crippling Poison+1","floor":31.0},{"not_picked":["Glass Knife","Venomology+1"],"picked":"Malaise+1","floor":33.0},{"not_picked":["Acrobatics+1","Outmaneuver+1","Finisher"],"picked":"SKIP","floor":35.0},{"not_picked":["Blade Dance+1","Cloak And Dagger+1"],"picked":"Deflect+1","floor":37.0},{"not_picked":["Reflex+1","Sucker Punch"],"picked":"Catalyst+1","floor":39.0},{"not_picked":["All Out Attack+1","Backflip+1","Bullet Time+1"],"picked":"SKIP","floor":40.0},{"not_picked":["Predator+1","Blade Dance+1"],"picked":"PiercingWail+1","floor":42.0},{"not_picked":["Accuracy","Predator+1","Slice"],"picked":"SKIP","floor":46.0},{"not_picked":["Underhanded Strike","Dagger Throw+1"],"picked":"Terror+1","floor":48.0},{"not_picked":["Expertise+1","Underhanded Strike"],"picked":"Leg Sweep+1","floor":54}],"player_experience":244950,"relics_obtained":[{"floor":6.0,"key":"Blood Vial"},{"floor":9.0,"key":"Toxic Egg 2"},{"floor":13.0,"key":"Pen Nib"},{"floor":23.0,"key":"Kunai"},{"floor":28.0,"key":"Peace Pipe"},{"floor":30.0,"key":"Akabeko"},{"floor":39.0,"key":"Old Coin"},{"floor":40.0,"key":"Dead Branch"},{"floor":41.0,"key":"PreservedInsect"},{"floor":43.0,"key":"Snake Skull"},{"floor":46.0,"key":"Dream Catcher"},{"floor":48.0,"key":"Potion Belt"},{"floor":54,"key":"Toy Ornithopter"}],"event_choices":[{"damage_healed":0.0,"max_hp_gain":5.0,"max_hp_loss":0.0,"gold_gain":0.0,"event_name":"Big Fish","player_choice":"Donut","floor":3.0,"gold_loss":0.0,"damage_taken":0.0},{"damage_healed":0.0,"max_hp_gain":0.0,"max_hp_loss":0.0,"gold_gain":0.0,"event_name":"Shining Light","player_choice":"Ignored","floor":4.0,"gold_loss":0.0,"damage_taken":0.0},{"damage_healed":0.0,"max_hp_gain":0.0,"max_hp_loss":0.0,"gold_gain":0.0,"event_name":"FaceTrader","player_choice":"Leave","floor":5.0,"gold_loss":0.0,"damage_taken":0.0},{"damage_healed":0.0,"max_hp_gain":0.0,"max_hp_loss":38.0,"gold_gain":0.0,"event_name":"Ghosts","player_choice":"Became a Ghost","floor":22.0,"gold_loss":0.0,"damage_taken":0.0,"cards_obtained":["Ghostly","Ghostly","Ghostly","Ghostly","Ghostly"]},{"damage_healed":0.0,"max_hp_gain":0.0,"max_hp_loss":0.0,"gold_gain":0.0,"event_name":"Cursed Tome","player_choice":"Ignored","floor":24.0,"gold_loss":0.0,"damage_taken":0.0},{"damage_healed":0.0,"max_hp_gain":0.0,"max_hp_loss":0.0,"gold_gain":99.0,"event_name":"Nest","player_choice":"Stole From Cult","floor":29.0,"gold_loss":0.0,"damage_taken":0.0},{"damage_healed":0.0,"max_hp_gain":0.0,"max_hp_loss":2.0,"gold_gain":0.0,"event_name":"Winding Halls","player_choice":"Max HP","floor":38.0,"gold_loss":0.0,"damage_taken":0.0},{"damage_healed":0.0,"max_hp_gain":0.0,"max_hp_loss":0.0,"gold_gain":0.0,"event_name":"Mysterious Sphere","player_choice":"Fight","floor":39.0,"gold_loss":0.0,"damage_taken":0.0},{"damage_healed":0.0,"max_hp_gain":0.0,"max_hp_loss":0.0,"gold_gain":0.0,"event_name":"Wheel of Change","player_choice":"Relic","floor":41.0,"gold_loss":0.0,"damage_taken":0.0},{"damage_healed":0.0,"max_hp_gain":0.0,"max_hp_loss":0.0,"gold_gain":0.0,"event_name":"NoteForYourself","player_choice":"Ignored","floor":45.0,"gold_loss":0.0,"damage_taken":0.0}],"is_beta":false,"boss_relics":[{"not_picked":["Calling Bell","Snecko Eye"],"picked":"Velvet Choker"},{"not_picked":["Runic Dome","Pandora\u0027s Box"],"picked":"SacredBark"}],"items_purged_floors":[21,36,53],"is_endless":false,"potions_floor_spawned":[8,11,13,16,18,19,28,31,33,35,46],"ascension_level":3}}