{"host":"v9ordiuf4xzdpttp","time":1613093029,"event":{"mods":["AchievementEnabler","Act Like it!","Aspiration","Bartender","BaseMod","Better Third Choice","Better Vampires","CCEM2","Colored Map","Gold Saver","Halation","Hermit","Hubris","Infinite Spire","Ironclad Rager","Jedi Mod","Marked Mod","Melee Mod","Minty Spire (QoL Compilation)","Quick Restart","Reliquary","Remove Card Discount Mod","Replay The Spire","SOS???????","Shop Mod","Small Relic Pack","Spicy Shops","StSLib","The Construct","The Death Knight","The Hierophant","The Runesmith","The Senshi","The Servant 0.9.4","The Showman","??????REMEMod"],"gold_per_floor":[763,763,763,763,6,104,104,202,202,247,296,345,24,73,73,398,398,447,447,362,362,362],"floor_reached":21,"language":"ENG","playtime":1240,"items_purged":["Injury"],"score":187,"play_id":"df034324-23bd-439c-b66b-101e56569754","local_time":"20210211202349","daily_mods":["SealedDeck","Purple Cards","Midas"],"is_ascension_mode":false,"campfire_choices":[{"floor":7.0,"key":"REST"},{"floor":15.0,"key":"REST"}],"circlet_count":0,"master_deck":["hermit:Determination","REME_Repentance","Evaluate","REME_Repentance","Flying Knee","Toxin Wave","Outmaneuver","Toxin Wave","Deadly Poison","Outmaneuver","Slice","Neutralize","Good Instincts","Wireheading","Deadly Poison","Poisoned Stab","Nirvana+1","Specialist+1","Terror","Replay:Bag of Tricks","Wireheading+1"],"relics":["REME_ComplimentaryCards","Golden Idol","hubris:Towel","jedi:firstaidkit","MerchantsRug","hubris:64BitClover","ReplayTheSpireMod:TigerMarble","MealTicket","Frozen Egg 2","halation:Prosthetics","hubris:AncientText"],"acts_visited":["Exordium","TheCity"],"potions_floor_usage":[],"damage_taken":[{"damage":13.0,"enemies":"Jaw Worm","floor":1.0,"turns":4.0},{"damage":21.0,"enemies":"Gremlin Nob","floor":6.0,"turns":4.0},{"damage":31.0,"enemies":"Lagavulin","floor":8.0,"turns":5.0},{"damage":0.0,"enemies":"Small Slimes","floor":10.0,"turns":1.0},{"damage":0.0,"enemies":"Cultist","floor":11.0,"turns":4.0},{"damage":6.0,"enemies":"2 Fungi Beasts","floor":12.0,"turns":2.0},{"damage":0.0,"enemies":"Large Slime","floor":14.0,"turns":4.0},{"damage":38.0,"enemies":"Fading Forest","floor":16.0,"turns":11.0},{"damage":30,"enemies":"2 Thieves","floor":18,"turns":4},{"damage":22,"enemies":"3 Byrds","floor":21,"turns":2}],"seed_played":"-5810517303651203205","potions_obtained":[{"floor":1.0,"key":"DeathKnight:RimePotion"},{"floor":6.0,"key":"EssenceOfSteel"},{"floor":11.0,"key":"Elixir"},{"floor":12.0,"key":"REME_GoldPotion"}],"is_trial":false,"path_per_floor":["M","?","?","?","$","E","R","E","T","M","M","M","$","M","R","B",null,"M","?","?","M"],"character_chosen":"THE_SILENT","items_purchased":["Good Instincts","Wireheading","jedi:firstaidkit","REME_PuzzleBoxRelic","MerchantsRug","Frozen Egg 2","Nirvana+1","Specialist+1"],"campfire_rested":2,"item_purchase_floors":[5,5,5,5,5,13,13,13],"current_hp_per_floor":[57,57,57,57,57,41,62,38,38,46,46,44,59,59,70,51,35,22,22,22,0,0],"gold":362,"neow_bonus":"","is_daily":true,"chose_seed":false,"campfire_upgraded":0,"win_rate":0.0,"timestamp":1613093029,"path_taken":["M","?","?","?","$","E","R","E","T","?","M","M","$","M","R","BOSS","M","?","?","M"],"items_purchased_type":["Card","Card","Relic","Relic","Relic","Relic","Card","Card"],"build_version":"2020-12-22","purchased_purges":1,"victory":false,"max_hp_per_floor":[70,70,70,70,70,70,70,70,70,70,70,70,70,70,70,70,35,35,35,35,35,35],"card_choices":[{"not_picked":["MarkedMod:OneThousandNeedles","ICR:Serenity"],"picked":"Slice","floor":1.0},{"not_picked":["Indignation","ClearTheMind"],"picked":"Deadly Poison","floor":6.0},{"not_picked":["Tactician","Heel Hook","Acrobatics"],"picked":"SKIP","floor":8.0},{"not_picked":["Blade Dance","Dagger Throw"],"picked":"Poisoned Stab","floor":10.0},{"not_picked":["Slice","FlyingSleeves","MentalFortress"],"picked":"SKIP","floor":11.0},{"not_picked":["Dagger Spray","FollowUp","ReplayTheSpireMod:Exploit Weakness"],"picked":"SKIP","floor":12.0},{"not_picked":["SashWhip","Prepared"],"picked":"Terror","floor":14.0},{"not_picked":["Malaise","REME_CRH"],"picked":"Replay:Bag of Tricks","floor":16.0},{"not_picked":["Replay:ManipulateFuture","Dash"],"picked":"Wireheading+1","floor":18}],"player_experience":331034,"relics_obtained":[{"floor":6.0,"key":"hubris:64BitClover"},{"floor":8.0,"key":"ReplayTheSpireMod:TigerMarble"},{"floor":9.0,"key":"MealTicket"}],"event_choices":[{"damage_healed":0.0,"max_hp_gain":0.0,"max_hp_loss":0.0,"gold_gain":0.0,"event_name":"Golden Idol","player_choice":"Take Wound","floor":2.0,"gold_loss":0.0,"damage_taken":0.0,"relics_obtained":["Golden Idol"],"cards_obtained":["Injury"]},{"damage_healed":0.0,"max_hp_gain":0.0,"max_hp_loss":0.0,"gold_gain":0.0,"event_name":"Match and Keep!","player_choice":"1 cards matched","floor":4.0,"gold_loss":0.0,"damage_taken":0.0,"cards_obtained":["Neutralize"]},{"damage_healed":0.0,"max_hp_gain":0.0,"max_hp_loss":0.0,"gold_gain":0.0,"event_name":"Match and Keep!","player_choice":"1 cards matched","floor":4.0,"gold_loss":0.0,"damage_taken":0.0,"cards_obtained":["Neutralize"]},{"cards_removed":["Dodge and Roll"],"damage_healed":0,"gold_gain":0,"player_choice":"Elegance","damage_taken":0,"max_hp_gain":0,"max_hp_loss":0,"event_name":"betterThird:BetterWriting","floor":19,"gold_loss":0},{"damage_healed":0,"gold_gain":0,"player_choice":"Obtained Relic","damage_taken":0,"relics_obtained":["hubris:AncientText"],"max_hp_gain":0,"max_hp_loss":0,"event_name":"Addict","floor":20,"gold_loss":85}],"is_beta":false,"boss_relics":[{"not_picked":["jedi:battlestandard","hubris:Stopwatch"],"picked":"halation:Prosthetics"}],"items_purged_floors":[5],"is_endless":false,"potions_floor_spawned":[1,6,11,12],"killed_by":"3 Byrds","ascension_level":0}}