{"host":"qc8p2flj7wsy3zpg","time":1613153876,"event":{"mods":["BaseMod","Highlight Path","Minty Spire (QoL Compilation)","Relic Stats","StSLib"],"gold_per_floor":[119,119,133,133,149,182,182,207,207,207,223,254,11,26,26,117,117,137,160,160,176,201,201,201,201,201,222,253,253,253,285,285,362,362,373,6,6,18,30,30,30],"floor_reached":40,"language":"ENG","playtime":1545,"items_purged":[],"score":976,"play_id":"592ad2b0-3f0d-4278-a661-92543c77e2cf","local_time":"20210212121756","is_ascension_mode":true,"campfire_choices":[{"data":"Sunder","floor":7.0,"key":"SMITH"},{"data":"Core Surge","floor":10.0,"key":"SMITH"},{"data":"Glacier","floor":15.0,"key":"SMITH"},{"floor":23.0,"key":"REST"},{"floor":29.0,"key":"REST"},{"data":"Buffer","floor":32.0,"key":"SMITH"}],"circlet_count":0,"master_deck":["AscendersBane","Strike_B","Strike_B","Strike_B","Defend_B","Defend_B","Defend_B","Defend_B","Zap","Dualcast","Cold Snap","Core Surge+1","Sunder+1","Self Repair","Cold Snap","Melter","Glacier+1","Core Surge","Hyperbeam","Compile Driver","Hologram","Sweeping Beam+1","Buffer+1","Amplify","Coolheaded","Defragment"],"relics":["FrozenCore","Bloody Idol","Du-Vu Doll","TungstenRod","HornCleat","Bronze Scales","Runic Dome","Anchor","Letter Opener","Pocketwatch","Gremlin Horn","Pantograph"],"acts_visited":["Exordium","TheCity","TheBeyond"],"potions_floor_usage":[33,39,40],"damage_taken":[{"damage":2.0,"enemies":"2 Louse","floor":1.0,"turns":3.0},{"damage":3.0,"enemies":"Small Slimes","floor":3.0,"turns":3.0},{"damage":0.0,"enemies":"Cultist","floor":5.0,"turns":3.0},{"damage":23.0,"enemies":"Lagavulin","floor":6.0,"turns":8.0},{"damage":16.0,"enemies":"Exordium Thugs","floor":8.0,"turns":3.0},{"damage":5.0,"enemies":"2 Fungi Beasts","floor":11.0,"turns":3.0},{"damage":18.0,"enemies":"Gremlin Nob","floor":12.0,"turns":4.0},{"damage":1.0,"enemies":"Lots of Slimes","floor":14.0,"turns":4.0},{"damage":25.0,"enemies":"Hexaghost","floor":16.0,"turns":11.0},{"damage":10.0,"enemies":"2 Thieves","floor":18.0,"turns":3.0},{"damage":15.0,"enemies":"Shell Parasite","floor":19.0,"turns":4.0},{"damage":0.0,"enemies":"Snecko","floor":21.0,"turns":3.0},{"damage":12.0,"enemies":"Centurion and Healer","floor":22.0,"turns":6.0},{"damage":8.0,"enemies":"Shelled Parasite and Fungi","floor":27.0,"turns":3.0},{"damage":30.0,"enemies":"Gremlin Leader","floor":28.0,"turns":6.0},{"damage":13.0,"enemies":"Slavers","floor":31.0,"turns":4.0},{"damage":0,"enemies":"Automaton","floor":33,"turns":10},{"damage":0,"enemies":"3 Shapes","floor":35,"turns":4},{"damage":0,"enemies":"Orb Walker","floor":38,"turns":5},{"damage":67,"enemies":"Maw","floor":39,"turns":13},{"damage":34,"enemies":"Nemesis","floor":40,"turns":11}],"seed_played":"-7982741178317594789","potions_obtained":[{"floor":5.0,"key":"PowerPotion"},{"floor":11.0,"key":"PowerPotion"},{"floor":14.0,"key":"SkillPotion"},{"floor":16.0,"key":"BlessingOfTheForge"},{"floor":18.0,"key":"BlessingOfTheForge"},{"floor":21.0,"key":"Strength Potion"},{"floor":22.0,"key":"Regen Potion"},{"floor":35,"key":"GamblersBrew"},{"floor":38,"key":"LiquidBronze"}],"is_trial":false,"path_per_floor":["M","?","M","?","M","E","R","M","T","R","M","E","$","M","R","B",null,"M","M","?","M","M","R","T","?","T","M","E","R","?","E","R","B",null,"M","$","?","M","M","E"],"character_chosen":"DEFECT","items_purchased":["Bronze Scales","Glacier","Defragment","Pantograph"],"campfire_rested":2,"item_purchase_floors":[13,13,36,36],"current_hp_per_floor":[69,69,66,66,66,43,43,34,34,34,36,25,25,31,31,13,57,47,39,39,39,37,58,58,71,71,70,47,68,68,71,71,71,71,71,71,71,71,16,0,0],"gold":30,"neow_bonus":"TEN_PERCENT_HP_BONUS","is_daily":false,"chose_seed":false,"campfire_upgraded":4,"win_rate":0.0,"timestamp":1613153876,"path_taken":["M","?","M","?","M","E","R","M","T","R","M","E","$","M","R","BOSS","M","M","?","?","M","R","?","?","T","?","E","R","?","E","R","BOSS","M","$","?","M","M","E"],"items_purchased_type":["Relic","Card","Card","Relic"],"build_version":"2020-12-22","purchased_purges":0,"victory":false,"max_hp_per_floor":[78,78,78,71,71,71,71,71,71,71,71,71,71,71,71,71,71,71,71,71,71,71,71,71,71,71,71,71,71,71,71,71,71,71,71,71,71,71,71,71,71],"relic_stats":{"Gremlin Horn":[4,4],"counters":[21,114],"Bloody Idol":5,"Bronze Scales":[262],"Pantograph":0,"Letter Opener":[20],"obtain_stats":[{"Gremlin Horn":31,"Golden Idol":4,"Letter Opener":26,"FrozenCore":34,"Du-Vu Doll":6,"Runic Dome":17,"Anchor":24,"HornCleat":12,"Bronze Scales":13,"Bloody Idol":30,"Pantograph":36,"Cracked Core":0,"TungstenRod":9,"Pocketwatch":28},{"Gremlin Horn":16,"Golden Idol":2,"Letter Opener":13,"FrozenCore":17,"Du-Vu Doll":4,"Runic Dome":9,"Anchor":13,"HornCleat":7,"Bronze Scales":7,"Bloody Idol":15,"Pantograph":18,"Cracked Core":0,"TungstenRod":5,"Pocketwatch":15},{"Gremlin Horn":71,"Golden Idol":6,"Letter Opener":58,"FrozenCore":81,"Du-Vu Doll":17,"Runic Dome":42,"Anchor":58,"HornCleat":27,"Bronze Scales":27,"Bloody Idol":67,"Pantograph":85,"Cracked Core":0,"TungstenRod":20,"Pocketwatch":67}],"TungstenRod":31,"FrozenCore":[10],"Pocketwatch":[63]},"card_choices":[{"not_picked":["Compile Driver","Conserve Battery"],"picked":"Cold Snap","floor":1.0},{"not_picked":["Gash","Turbo"],"picked":"Core Surge","floor":3.0},{"not_picked":["Beam Cell","Double Energy"],"picked":"Sunder","floor":5.0},{"not_picked":["Conserve Battery","Hologram"],"picked":"Self Repair","floor":6.0},{"not_picked":["Streamline","Beam Cell"],"picked":"Cold Snap","floor":8.0},{"not_picked":["Gash","Sweeping Beam"],"picked":"Melter","floor":12.0},{"not_picked":["Conserve Battery","Heatsinks"],"picked":"Core Surge","floor":14.0},{"not_picked":["Reboot","Fission"],"picked":"Hyperbeam","floor":16.0},{"not_picked":["Redo","Rip and Tear"],"picked":"Compile Driver","floor":19.0},{"not_picked":["Steam","Scrape"],"picked":"Hologram","floor":21.0},{"not_picked":["Rebound","Sunder+1"],"picked":"Sweeping Beam+1","floor":22.0},{"not_picked":["Reprogram","Streamline"],"picked":"Buffer","floor":27.0},{"not_picked":["Machine Learning","Core Surge"],"picked":"Amplify","floor":33},{"not_picked":["Rip and Tear","Barrage"],"picked":"Coolheaded","floor":35}],"player_experience":2367370,"relics_obtained":[{"floor":6.0,"key":"Du-Vu Doll"},{"floor":9.0,"key":"TungstenRod"},{"floor":12.0,"key":"HornCleat"},{"floor":24.0,"key":"Anchor"},{"floor":26.0,"key":"Letter Opener"},{"floor":28.0,"key":"Pocketwatch"},{"floor":31.0,"key":"Gremlin Horn"}],"event_choices":[{"damage_healed":0.0,"max_hp_gain":0.0,"max_hp_loss":0.0,"gold_gain":0.0,"event_name":"Liars Game","player_choice":"Ignored","floor":2.0,"gold_loss":0.0,"damage_taken":0.0},{"damage_healed":0.0,"max_hp_gain":0.0,"max_hp_loss":7.0,"gold_gain":0.0,"event_name":"Golden Idol","player_choice":"Lose Max HP","floor":4.0,"gold_loss":0.0,"damage_taken":0.0,"relics_obtained":["Golden Idol"]},{"cards_removed":["Strike_B"],"damage_healed":0.0,"max_hp_gain":0.0,"max_hp_loss":0.0,"gold_gain":0.0,"event_name":"Purifier","player_choice":"Purged","floor":20.0,"gold_loss":0.0,"damage_taken":0.0},{"damage_healed":13.0,"max_hp_gain":0.0,"max_hp_loss":0.0,"gold_gain":0.0,"event_name":"Wheel of Change","player_choice":"Full Heal","floor":25.0,"gold_loss":0.0,"damage_taken":0.0},{"damage_healed":0.0,"max_hp_gain":0.0,"max_hp_loss":0.0,"gold_gain":0.0,"event_name":"Forgotten Altar","player_choice":"Gave Idol","floor":30.0,"relics_lost":["Golden Idol"],"gold_loss":0.0,"damage_taken":0.0,"relics_obtained":["Bloody Idol"]},{"damage_healed":0,"gold_gain":0,"player_choice":"Ignored","damage_taken":0,"max_hp_gain":0,"max_hp_loss":0,"event_name":"Mysterious Sphere","floor":37,"gold_loss":0}],"is_beta":false,"boss_relics":[{"not_picked":["SacredBark","Sozu"],"picked":"Runic Dome"},{"not_picked":["Busted Crown","Runic Pyramid"],"picked":"FrozenCore"}],"items_purged_floors":[],"is_endless":false,"potions_floor_spawned":[5,11,14,16,18,21,22,28,35,38],"killed_by":"Nemesis","ascension_level":20}}