{"host":"5n1fl7z5i1vf7jan","time":1613107156,"event":{"mods":["BaseMod","Minty Spire (QoL Compilation)","Quick Restart","Relic Stats"],"gold_per_floor":[109,109,54,74,89,89,108,133,206,206,217,42,56,35,35,109,109,126,126,139,154,154,154,166,192,239,65,83,83,83,20,20,20,20],"floor_reached":33,"language":"ENG","playtime":1728,"items_purged":[],"score":734,"play_id":"efe7d44a-27db-4acd-b18c-656ad3bf624f","local_time":"20210211211916","is_ascension_mode":true,"campfire_choices":[{"data":"Bash","floor":6.0,"key":"SMITH"},{"floor":10.0,"key":"REST"},{"data":"True Grit","floor":15.0,"key":"SMITH"},{"floor":23,"key":"REST"},{"floor":30,"key":"REST"},{"floor":32,"key":"REST"}],"circlet_count":0,"master_deck":["AscendersBane","Bash+1","Inflame","Burning Pact","Heavy Blade","Second Wind","Heavy Blade","Offering","Reckless Charge","Offering","Iron Wave","Cleave","Sentinel","Fire Breathing","Shrug It Off","True Grit+1","Armaments","Spot Weakness","True Grit","Feed","True Grit","Flame Barrier","Shrug It Off","Second Wind"],"relics":["Pandora\u0027s Box","Dead Branch","The Courier","Lee\u0027s Waffle","Black Star","Bottled Flame","Vajra","Blood Vial","Happy Flower"],"acts_visited":["Exordium","TheCity"],"potions_floor_usage":[24,24,25,28,28,33],"damage_taken":[{"damage":12.0,"enemies":"2 Louse","floor":1.0,"turns":1.0},{"damage":6.0,"enemies":"Cultist","floor":4.0,"turns":2.0},{"damage":4.0,"enemies":"Jaw Worm","floor":5.0,"turns":3.0},{"damage":6.0,"enemies":"Exordium Wildlife","floor":7.0,"turns":2.0},{"damage":19.0,"enemies":"Lagavulin","floor":8.0,"turns":3.0},{"damage":8.0,"enemies":"Lots of Slimes","floor":11.0,"turns":4.0},{"damage":17.0,"enemies":"Exordium Thugs","floor":13.0,"turns":4.0},{"damage":27.0,"enemies":"The Guardian","floor":16.0,"turns":8.0},{"damage":12.0,"enemies":"3 Byrds","floor":18.0,"turns":4.0},{"damage":18,"enemies":"Shell Parasite","floor":20,"turns":5},{"damage":12,"enemies":"Centurion and Healer","floor":21,"turns":6},{"damage":18,"enemies":"Snecko","floor":24,"turns":7},{"damage":39,"enemies":"Gremlin Leader","floor":25,"turns":6},{"damage":23,"enemies":"3 Cultists","floor":28,"turns":5},{"damage":81,"enemies":"Automaton","floor":33,"turns":10}],"seed_played":"6837372506617329294","potions_obtained":[{"floor":4.0,"key":"EssenceOfSteel"},{"floor":8.0,"key":"Strength Potion"},{"floor":18.0,"key":"AttackPotion"},{"floor":24,"key":"Ancient Potion"},{"floor":25,"key":"Strength Potion"},{"floor":28,"key":"SteroidPotion"}],"is_trial":false,"path_per_floor":["M","?","$","M","M","R","M","E","T","R","M","$","M","$","R","B",null,"M","?","M","M","T","R","M","E","T","$","M","?","R","$","R","B"],"character_chosen":"IRONCLAD","items_purchased":["AttackPotion","Lee\u0027s Waffle","Armaments","True Grit","Regen Potion","Regen Potion","Shrug It Off","EssenceOfSteel"],"campfire_rested":4,"item_purchase_floors":[3,12,12,14,27,27,27,31],"current_hp_per_floor":[56,56,56,50,46,46,40,21,21,43,35,82,65,65,65,38,71,62,62,44,35,35,61,46,7,7,7,20,20,47,47,74,0,0],"gold":20,"neow_bonus":"BOSS_RELIC","is_daily":false,"chose_seed":false,"campfire_upgraded":2,"win_rate":0.0,"timestamp":1613107156,"path_taken":["M","?","?","M","M","R","M","E","T","R","?","$","M","$","R","BOSS","M","?","M","?","?","R","M","E","T","$","M","?","R","?","R","BOSS"],"items_purchased_type":["Potion","Relic","Card","Card","Potion","Potion","Card","Potion"],"build_version":"2020-12-22","purchased_purges":0,"victory":false,"max_hp_per_floor":[75,75,75,75,75,75,75,75,75,75,75,82,82,82,82,82,82,85,85,85,88,88,88,91,91,91,91,91,91,91,91,91,91,91],"relic_stats":{"Blood Vial":4,"Lee\u0027s Waffle":47,"Happy Flower":[5],"counters":[15,70],"Dead Branch":[137],"Pandora\u0027s Box":["Inflame","Burning Pact","Heavy Blade","Second Wind","Heavy Blade","Offering","Barricade","Reckless Charge","Offering"],"Black Star":1,"obtain_stats":[{"Blood Vial":25,"Lee\u0027s Waffle":12,"Bottled Flame":22,"Happy Flower":26,"Dead Branch":8,"Vajra":25,"Pandora\u0027s Box":0,"The Courier":9,"Black Star":17,"Burning Blood":0},{"Blood Vial":13,"Lee\u0027s Waffle":6,"Bottled Flame":11,"Happy Flower":13,"Dead Branch":5,"Vajra":13,"Pandora\u0027s Box":0,"The Courier":5,"Black Star":8,"Burning Blood":0},{"Blood Vial":55,"Lee\u0027s Waffle":15,"Bottled Flame":42,"Happy Flower":55,"Dead Branch":11,"Vajra":55,"Pandora\u0027s Box":0,"The Courier":11,"Black Star":27,"Burning Blood":0}]},"card_choices":[{"not_picked":["Perfected Strike","Havoc"],"picked":"Iron Wave","floor":1.0},{"not_picked":["Anger","Armaments"],"picked":"Sentinel","floor":4.0},{"not_picked":["Second Wind","Warcry"],"picked":"Fire Breathing","floor":5.0},{"not_picked":["Clash","Anger"],"picked":"Shrug It Off","floor":7.0},{"not_picked":["Dropkick","Offering"],"picked":"True Grit","floor":8.0},{"not_picked":["Sword Boomerang","Entrench","Clothesline"],"picked":"SKIP","floor":11.0},{"not_picked":["Wild Strike","Body Slam"],"picked":"Spot Weakness","floor":13.0},{"not_picked":["Offering","Double Tap"],"picked":"Feed","floor":16.0},{"not_picked":["Flex+1","Wild Strike","Clothesline"],"picked":"SKIP","floor":18.0},{"not_picked":["Cleave","Barricade","Sword Boomerang"],"picked":"SKIP","floor":20},{"not_picked":["Pommel Strike","Metallicize"],"picked":"True Grit","floor":21},{"not_picked":["Sword Boomerang","Wild Strike"],"picked":"Flame Barrier","floor":24},{"not_picked":["Heavy Blade","Perfected Strike","Power Through"],"picked":"SKIP","floor":25},{"not_picked":["Wild Strike","Body Slam"],"picked":"Second Wind","floor":28}],"player_experience":345899,"relics_obtained":[{"floor":8.0,"key":"Dead Branch"},{"floor":9.0,"key":"The Courier"},{"floor":22,"key":"Bottled Flame"},{"floor":25,"key":"Vajra"},{"floor":25,"key":"Blood Vial"},{"floor":26,"key":"Happy Flower"}],"event_choices":[{"damage_healed":0.0,"max_hp_gain":0.0,"max_hp_loss":0.0,"gold_gain":0.0,"cards_transformed":["Barricade"],"event_name":"Transmorgrifier","player_choice":"Transformed","floor":2.0,"gold_loss":0.0,"damage_taken":0.0,"cards_obtained":["Cleave"]},{"damage_healed":0,"gold_gain":0,"player_choice":"Leave","damage_taken":0,"max_hp_gain":0,"max_hp_loss":0,"event_name":"FaceTrader","floor":19,"gold_loss":0}],"is_beta":false,"boss_relics":[{"not_picked":["Velvet Choker","Empty Cage"],"picked":"Black Star"}],"items_purged_floors":[],"is_endless":false,"potions_floor_spawned":[4,7,8,11,18,24,25,28],"killed_by":"Automaton","ascension_level":20}}