{"host":"q4axc00jr2bozlh9","time":1613148432,"event":{"mods":["AchievementEnabler","BaseMod","Bestiary","Colored Map","Colored Powertips","Curses Come First","Minty Spire (QoL Compilation)","Relic Stats","StSLib","SuperFastMode","UnlockEverythingMod"],"gold_per_floor":[110,110,129,44,44,44,44,67,67,88,104,178,178,212,212,341,341,330,20,33,33,33,33,33],"floor_reached":23,"language":"ENG","playtime":943,"items_purged":["Pain"],"score":189,"play_id":"f9738fff-f02f-4b25-87f2-4dbe4e5c534a","local_time":"20210212174712","is_ascension_mode":false,"campfire_choices":[{"data":"Berserk","floor":6,"key":"SMITH"},{"floor":13,"key":"REST"},{"floor":15,"key":"REST"}],"circlet_count":0,"master_deck":["Strike_R","Strike_R","Strike_R","Strike_R","Defend_R","Defend_R","Defend_R","Defend_R","Bash","Berserk+1","True Grit","Trip","Dropkick","Disarm","Inflame","Second Wind","Intimidate","Barricade","Thunderclap+1","Metamorphosis","Metallicize","Necronomicurse"],"relics":["Burning Blood","WarpedTongs","Golden Idol","StoneCalendar","MealTicket","Happy Flower","Velvet Choker","Necronomicon","Meat on the Bone"],"acts_visited":["Exordium","TheCity"],"potions_floor_usage":[12,16,20],"damage_taken":[{"damage":3,"enemies":"Small Slimes","floor":1,"turns":4},{"damage":7,"enemies":"Cultist","floor":3,"turns":5},{"damage":6,"enemies":"2 Louse","floor":8,"turns":3},{"damage":18,"enemies":"Exordium Thugs","floor":10,"turns":4},{"damage":3,"enemies":"Looter","floor":11,"turns":4},{"damage":12,"enemies":"Gremlin Nob","floor":12,"turns":4},{"damage":39,"enemies":"Gremlin Nob","floor":14,"turns":5},{"damage":6,"enemies":"Hexaghost","floor":16,"turns":7},{"damage":37,"enemies":"2 Thieves","floor":18,"turns":4},{"damage":21,"enemies":"Spheric Guardian","floor":20,"turns":5},{"damage":27,"enemies":"Slavers","floor":23,"turns":1}],"seed_played":"8185099718050480785","potions_obtained":[{"floor":1,"key":"GamblersBrew"},{"floor":10,"key":"PowerPotion"},{"floor":12,"key":"CultistPotion"},{"floor":16,"key":"Energy Potion"},{"floor":18,"key":"Fire Potion"}],"is_trial":false,"path_per_floor":["M","?","M","$","?","R","?","M","T","M","M","?","R","E","R","B",null,"M","$","M","?","?","E"],"character_chosen":"IRONCLAD","items_purchased":["Trip","Metamorphosis","Metallicize"],"campfire_rested":2,"item_purchase_floors":[4,19,19],"current_hp_per_floor":[59,59,58,58,58,58,58,58,58,46,49,43,65,32,54,54,74,43,58,43,27,27,0,0],"gold":33,"neow_bonus":"THREE_RARE_CARDS","is_daily":false,"chose_seed":false,"campfire_upgraded":1,"win_rate":0.0,"timestamp":1613148432,"path_taken":["M","?","?","$","?","R","?","M","T","M","M","?","R","E","R","BOSS","M","$","M","?","?","E"],"items_purchased_type":["Card","Card","Card"],"build_version":"2020-12-22","purchased_purges":1,"victory":false,"max_hp_per_floor":[80,80,80,80,74,74,74,74,74,74,74,74,74,74,74,74,74,74,74,74,74,74,74,74],"relic_stats":{"Happy Flower":[5],"counters":[11,46],"Golden Idol":74,"StoneCalendar":[48],"MealTicket":15,"Necronomicon":[1],"obtain_stats":[{"Happy Flower":14,"Golden Idol":5,"Velvet Choker":17,"StoneCalendar":9,"MealTicket":12,"Necronomicon":21,"Burning Blood":0,"WarpedTongs":2,"Meat on the Bone":22},{"Happy Flower":7,"Golden Idol":2,"Velvet Choker":8,"StoneCalendar":3,"MealTicket":6,"Necronomicon":10,"Burning Blood":0,"WarpedTongs":1,"Meat on the Bone":10},{"Happy Flower":29,"Golden Idol":9,"Velvet Choker":36,"StoneCalendar":12,"MealTicket":24,"Necronomicon":45,"Burning Blood":0,"WarpedTongs":4,"Meat on the Bone":45}],"Burning Blood":60,"WarpedTongs":[42],"Meat on the Bone":0},"card_choices":[{"not_picked":["Offering","Impervious"],"picked":"Berserk","floor":0},{"not_picked":["Dual Wield","Perfected Strike"],"picked":"True Grit","floor":1},{"not_picked":["Dark Embrace","Heavy Blade","Sentinel"],"picked":"SKIP","floor":3},{"not_picked":["Sword Boomerang","Pommel Strike"],"picked":"Disarm","floor":8},{"not_picked":["Pommel Strike","Sever Soul"],"picked":"Inflame","floor":10},{"not_picked":["Dropkick","Pommel Strike","Iron Wave"],"picked":"SKIP","floor":11},{"not_picked":["Searing Blow","Juggernaut"],"picked":"Second Wind","floor":12},{"not_picked":["Berserk","Anger"],"picked":"Intimidate","floor":14},{"not_picked":["Immolate","Fiend Fire"],"picked":"Barricade","floor":16},{"not_picked":["Havoc+1","Sever Soul+1"],"picked":"Thunderclap+1","floor":18},{"not_picked":["Pummel","Uppercut","Rage"],"picked":"SKIP","floor":20}],"player_experience":247955,"relics_obtained":[{"floor":9,"key":"StoneCalendar"},{"floor":12,"key":"MealTicket"},{"floor":14,"key":"Happy Flower"},{"floor":21,"key":"Necronomicon"}],"event_choices":[{"damage_healed":0,"gold_gain":0,"player_choice":"Rummage","damage_taken":0,"relics_obtained":["WarpedTongs"],"max_hp_gain":0,"max_hp_loss":0,"event_name":"Accursed Blacksmith","floor":2,"gold_loss":0,"cards_obtained":["Pain"]},{"damage_healed":0,"gold_gain":0,"player_choice":"Lose Max HP","damage_taken":0,"relics_obtained":["Golden Idol"],"max_hp_gain":0,"max_hp_loss":6,"event_name":"Golden Idol","floor":5,"gold_loss":0},{"damage_healed":0,"gold_gain":0,"cards_transformed":["Strike_R"],"player_choice":"Change","damage_taken":0,"max_hp_gain":0,"max_hp_loss":0,"event_name":"Living Wall","floor":7,"gold_loss":0,"cards_obtained":["Dropkick"]},{"damage_healed":0,"gold_gain":0,"player_choice":"Searched \u00271\u0027 times","damage_taken":0,"max_hp_gain":0,"max_hp_loss":0,"event_name":"Dead Adventurer","floor":12,"gold_loss":0},{"damage_healed":0,"gold_gain":0,"player_choice":"Obtained Book","damage_taken":16,"max_hp_gain":0,"max_hp_loss":0,"event_name":"Cursed Tome","floor":21,"gold_loss":0},{"damage_healed":0,"gold_gain":0,"player_choice":"Gave Potion","damage_taken":0,"relics_obtained":["Meat on the Bone"],"max_hp_gain":0,"max_hp_loss":0,"event_name":"WeMeetAgain","floor":22,"gold_loss":0}],"is_beta":false,"boss_relics":[{"not_picked":["Empty Cage","Philosopher\u0027s Stone"],"picked":"Velvet Choker"}],"items_purged_floors":[19],"is_endless":false,"potions_floor_spawned":[1,10,12,16,18],"killed_by":"Slavers","ascension_level":0}}