{"host":"iml8x8es9od4zowg","time":1613109216,"event":{"mods":["2.2 Compatiblity","BaseMod","Marisa£¨Ùöéë¡¡Øª×âÞÞ£©","Minty Spire (QoL Compilation)","StSLib","Td1madao Mod","The Jungle","¡¼?Úª?ø«¡½REMEMod"],"gold_per_floor":[116,169,169,444,457,486,486,514,514,541,575,587,30,63,63,166,166,183,183,218,218,252,252,278,278,348,381,396,396,425,517,517,622,622,639,664,337,357,89,139,139,166,166,166,199,217,247,258,258,258,258,258,20,53,113],"floor_reached":56,"language":"KOR","playtime":3755,"items_purged":["Regret","Dagger Throw","Catalyst"],"score":1867,"play_id":"941f30e3-cc84-47da-b0bc-4bfd2c803f53","local_time":"20210212145336","daily_mods":["Draft","Allstar","Colorless Cards","Heirloom","Flight","DeadlyEvents","Elite Swarm"],"is_ascension_mode":true,"campfire_choices":[{"data":"REME_EyeOfCthun","floor":7,"key":"SMITH"},{"floor":12,"key":"RECALL"},{"data":"After Image","floor":15,"key":"SMITH"},{"data":"REME_PuzzleBox","floor":23,"key":"SMITH"},{"data":"REME_HeartOfCthun","floor":25,"key":"SMITH"},{"data":"REME_MawOfCthun","floor":29,"key":"SMITH"},{"data":"Bouncing Flask","floor":32,"key":"SMITH"},{"data":"REME_PuzzleBox","floor":41,"key":"SMITH"},{"data":"Panache","floor":44,"key":"SMITH"},{"data":"REME_WheelOfFate","floor":49,"key":"SMITH"},{"data":"REME_Flogging","floor":52,"key":"SMITH"}],"circlet_count":0,"master_deck":["Venomology+1","Escape Plan","Outmaneuver+1","Dramatic Entrance","REME_MagicPocketWatch+1","Dramatic Entrance","Dark Shackles","Bouncing Flask+1","Dagger Throw+1","Deflect","Calculated Gamble","Backstab","Deflect","Dagger Throw+1","Outmaneuver","Deadly Poison","REME_EyeOfCthun+1","REME_PuzzleBox+1","REME_MawOfCthun+1","After Image+1","REME_HeartOfCthun+1","Die Die Die","Doppelganger","Dramatic Entrance+1","Master of Strategy","Panache+1","Deflect","Sadistic Nature","Master of Strategy","Transmutation","Panacea","Acrobatics+1","REME_Flogging","Escape Plan+1","REME_PuzzleBox+1","REME_WheelOfFate+1","REME_Flogging+1","Jack Of All Trades+1","REME_Flogging"],"relics":["Ring of the Snake","REME_ComplimentaryCards","Ice Cream","The Courier","Potion Belt","Mango","MawBank","Omamori","Calipers","REME_PoisonedDagger","SacredBark","Strawberry","REME_IWantAll","Kunai","Happy Flower","Shovel","Tiny Chest","REME_LowDesire","Art of War","Lantern","Blood Vial","War Paint","Whetstone","Orrery","Torii","Tingsha","Oddly Smooth Stone","Girya","Du-Vu Doll","REME_PuzzleBoxRelic","PreservedInsect","StoneCalendar"],"acts_visited":["Exordium","Exordium","TheBeyond","TheEnding"],"potions_floor_usage":[6,6,8,10,16,18,20,20,24,27,30,31,55,55,55,55,55,55,55,55,55,55,55,55,55,55,55,55,55,55,55,55,55],"damage_taken":[{"damage":0,"enemies":"Small Slimes","floor":1,"turns":1},{"damage":0,"enemies":"2 Louse","floor":5,"turns":1},{"damage":0,"enemies":"Lagavulin","floor":6,"turns":1},{"damage":0,"enemies":"Gremlin Nob","floor":8,"turns":1},{"damage":0,"enemies":"3 Sentries","floor":10,"turns":2},{"damage":18,"enemies":"Lagavulin","floor":11,"turns":4},{"damage":0,"enemies":"Gremlin Nob","floor":14,"turns":2},{"damage":3,"enemies":"The Guardian","floor":16,"turns":5},{"damage":0,"enemies":"Shell Parasite","floor":18,"turns":2},{"damage":6,"enemies":"theJungle:2_Phrogs","floor":20,"turns":7},{"damage":2,"enemies":"theJungle:GiantWrat","floor":22,"turns":4},{"damage":0,"enemies":"theJungle:MamaSnecko","floor":24,"turns":1},{"damage":0,"enemies":"theJungle:Cassacara","floor":27,"turns":3},{"damage":10,"enemies":"theJungle:2_Flameangoes","floor":28,"turns":3},{"damage":0,"enemies":"theJungle:2_Phrogs","floor":30,"turns":1},{"damage":3,"enemies":"theJungle:MamaSnecko","floor":31,"turns":4},{"damage":1,"enemies":"theJungle:QueenSpyder","floor":33,"turns":5},{"damage":2,"enemies":"Orb Walker","floor":35,"turns":2},{"damage":0,"enemies":"3 Shapes","floor":38,"turns":1},{"damage":4,"enemies":"Nemesis","floor":40,"turns":5},{"damage":0,"enemies":"Reptomancer","floor":42,"turns":3},{"damage":0,"enemies":"Giant Head","floor":45,"turns":4},{"damage":0,"enemies":"Writhing Mass","floor":46,"turns":3},{"damage":0,"enemies":"Reptomancer","floor":47,"turns":1},{"damage":0,"enemies":"Nemesis","floor":48,"turns":4},{"damage":15,"enemies":"Awakened One","floor":50,"turns":6},{"damage":0,"enemies":"Shield and Spear","floor":54,"turns":2},{"damage":1,"enemies":"The Heart","floor":55,"turns":3}],"seed_played":"2237076314155820600","potions_obtained":[{"floor":5,"key":"Strength Potion"},{"floor":6,"key":"ColorlessPotion"},{"floor":8,"key":"DuplicationPotion"},{"floor":10,"key":"SpeedPotion"},{"floor":18,"key":"EssenceOfSteel"},{"floor":20,"key":"Fire Potion"},{"floor":24,"key":"PowerPotion"},{"floor":30,"key":"SpeedPotion"},{"floor":35,"key":"EntropicBrew"}],"is_trial":true,"path_per_floor":["M","?","?","?","M","E","R","E","T","E","E","R","$","E","R","B",null,"M","?","E","?","M","R","E","R","T","E","M","R","E","E","R","B",null,"M","T","$","M","$","E","R","E","T","R","E","M","E","E","R","B",null,"R","$","E","B",null],"character_chosen":"THE_SILENT","items_purchased":["REME_HeartOfCthun","Omamori","Calipers","War Paint","Whetstone","REME_Flogging","Orrery","REME_Flogging"],"campfire_rested":0,"item_purchase_floors":[13,13,13,37,37,39,39,53],"current_hp_per_floor":[70,70,70,70,70,70,70,70,70,84,66,66,66,66,66,63,84,84,84,85,85,83,83,83,83,83,83,73,73,73,73,73,72,94,92,92,92,94,94,90,90,92,92,92,94,94,94,94,94,79,94,94,94,94,94],"gold":113,"neow_bonus":"","is_daily":false,"chose_seed":false,"campfire_upgraded":10,"win_rate":0.0,"timestamp":1613109216,"path_taken":["M","?","?","?","?","E","R","E","T","E","E","R","$","E","R","BOSS","M","?","?","?","?","R","E","R","T","E","?","R","?","E","R","BOSS","M","?","$","?","$","E","R","E","T","R","E","?","E","E","R","BOSS","R","$","E","BOSS"],"items_purchased_type":["Card","Relic","Relic","Relic","Relic","Card","Relic","Card"],"build_version":"2020-12-22","purchased_purges":3,"victory":true,"max_hp_per_floor":[70,70,70,70,70,70,70,70,70,84,84,84,84,84,84,84,84,84,84,91,91,91,91,91,91,91,91,91,91,91,94,94,94,94,94,94,94,94,94,94,94,94,94,94,94,94,94,94,94,94,94,94,94,94,94],"card_choices":[{"not_picked":["Dagger Throw","Caltrops"],"picked":"Escape Plan","floor":0},{"not_picked":["Crippling Poison","Cloak And Dagger"],"picked":"Outmaneuver","floor":0},{"not_picked":["PiercingWail","Dodge and Roll"],"picked":"Dramatic Entrance","floor":0},{"not_picked":["REME_GreenPollution","Trip"],"picked":"Dagger Throw","floor":0},{"not_picked":["All Out Attack","PiercingWail"],"picked":"REME_MagicPocketWatch","floor":0},{"not_picked":["Dodge and Roll","PiercingWail"],"picked":"Dramatic Entrance","floor":0},{"not_picked":["Skewer","REME_ShortnessOfBreath"],"picked":"Dark Shackles","floor":0},{"not_picked":["REME_TheoryOfElimination","Dagger Throw"],"picked":"Bouncing Flask","floor":0},{"not_picked":["Underhanded Strike","Expertise"],"picked":"Dagger Throw","floor":0},{"not_picked":["Slice","Quick Slash"],"picked":"Deflect","floor":0},{"not_picked":["Heel Hook","Blade Dance"],"picked":"Calculated Gamble","floor":0},{"not_picked":["Underhanded Strike","REME_GreenPollution"],"picked":"Backstab","floor":0},{"not_picked":["Dash","Dagger Throw"],"picked":"Deflect","floor":0},{"not_picked":["Sucker Punch","Well Laid Plans"],"picked":"Dagger Throw","floor":0},{"not_picked":["REME_TheoryOfElimination","Deflect"],"picked":"Outmaneuver","floor":0},{"not_picked":["All Out Attack","Skewer","Mind Blast"],"picked":"SKIP","floor":1},{"not_picked":["Setup","Poisoned Stab"],"picked":"Deadly Poison","floor":5},{"not_picked":["Envenom","Tools of the Trade"],"picked":"REME_EyeOfCthun","floor":6},{"not_picked":["Wraith Form v2","REME_CopyPotion"],"picked":"REME_PuzzleBox","floor":8},{"not_picked":["A Thousand Cuts","Violence"],"picked":"REME_MawOfCthun","floor":10},{"not_picked":["Glass Knife","The Bomb"],"picked":"After Image","floor":11},{"not_picked":["Chrysalis","REME_LeechingPoison"],"picked":"Die Die Die","floor":14},{"not_picked":["Chrysalis","Transmutation"],"picked":"Doppelganger","floor":16},{"not_picked":["Cloak And Dagger","Bane+1"],"picked":"Catalyst","floor":18},{"not_picked":["A Thousand Cuts","Unload","Transmutation"],"picked":"SKIP","floor":20},{"not_picked":["Poisoned Stab+1","Concentrate+1"],"picked":"Dramatic Entrance+1","floor":22},{"not_picked":["Grand Finale","Metamorphosis"],"picked":"Master of Strategy","floor":24},{"not_picked":["Wraith Form v2","REME_BattleFury"],"picked":"Panache","floor":27},{"not_picked":["Slice","Well Laid Plans"],"picked":"Deflect","floor":28},{"not_picked":["Venomology","A Thousand Cuts","Metamorphosis"],"picked":"SKIP","floor":30},{"not_picked":["Sadistic Nature","Master of Strategy","Transmutation"],"picked":"Singing Bowl","floor":31},{"not_picked":["Slice","Dodge and Roll","Underhanded Strike"],"picked":"Panacea","floor":35},{"not_picked":["PiercingWail","Bane","REME_MawOfCthun"],"picked":"Acrobatics+1","floor":38},{"not_picked":["Backflip+1","Transmutation","Swift Strike+1"],"picked":"Escape Plan+1","floor":39},{"not_picked":["REME_BattleFury","Grand Finale","Metamorphosis"],"picked":"REME_PuzzleBox","floor":40},{"not_picked":["Chrysalis","Glass Knife","Secret Technique","Deep Breath"],"picked":"SKIP","floor":42},{"not_picked":["Venomology","REME_SpectralBlade","Purity"],"picked":"REME_WheelOfFate","floor":45},{"not_picked":["Dark Shackles+1","Acrobatics+1","Poisoned Stab","REME_EyeOfCthun"],"picked":"SKIP","floor":46},{"not_picked":["Secret Technique","Chrysalis","Good Instincts"],"picked":"REME_Flogging","floor":47},{"not_picked":["Malaise","REME_GrazeFinale","REME_MawOfCthun"],"picked":"Jack Of All Trades+1","floor":48},{"not_picked":["Thinking Ahead","Secret Technique","Malaise","Blind+1"],"picked":"SKIP","floor":54}],"player_experience":572804,"relics_obtained":[{"floor":6,"key":"The Courier"},{"floor":8,"key":"Potion Belt"},{"floor":10,"key":"Mango"},{"floor":11,"key":"MawBank"},{"floor":14,"key":"REME_PoisonedDagger"},{"floor":20,"key":"Strawberry"},{"floor":24,"key":"REME_IWantAll"},{"floor":26,"key":"Kunai"},{"floor":27,"key":"Happy Flower"},{"floor":30,"key":"Shovel"},{"floor":31,"key":"Tiny Chest"},{"floor":34,"key":"Art of War"},{"floor":34,"key":"Lantern"},{"floor":36,"key":"Blood Vial"},{"floor":40,"key":"Torii"},{"floor":42,"key":"Tingsha"},{"floor":43,"key":"Oddly Smooth Stone"},{"floor":45,"key":"Girya"},{"floor":47,"key":"Du-Vu Doll"},{"floor":48,"key":"PreservedInsect"},{"floor":54,"key":"StoneCalendar"}],"event_choices":[{"damage_healed":0,"gold_gain":53,"player_choice":"Gained Gold","damage_taken":0,"max_hp_gain":0,"max_hp_loss":0,"event_name":"Golden Wing","floor":2,"gold_loss":0},{"damage_healed":0,"gold_gain":0,"player_choice":"Grow","damage_taken":0,"max_hp_gain":0,"max_hp_loss":0,"event_name":"Living Wall","floor":3,"gold_loss":0,"cards_upgraded":["Venomology"]},{"damage_healed":0,"gold_gain":275,"player_choice":"Desecrate","damage_taken":0,"max_hp_gain":0,"max_hp_loss":0,"event_name":"Golden Shrine","floor":4,"gold_loss":0,"cards_obtained":["Regret"]},{"damage_healed":0,"gold_gain":0,"player_choice":"Cursed","damage_taken":0,"max_hp_gain":0,"max_hp_loss":0,"event_name":"Wheel of Change","floor":19,"gold_loss":0,"cards_obtained":["Decay"]}],"is_beta":false,"boss_relics":[{"not_picked":["REME_DemonsWealth","Velvet Choker"],"picked":"SacredBark"},{"not_picked":["REME_DuelDisc","Snecko Eye"],"picked":"REME_LowDesire"}],"items_purged_floors":[13,37,53],"is_endless":false,"potions_floor_spawned":[5,6,8,10,18,20,24,30,35,46,47,48,54],"ascension_level":1}}