{"host":"jvx4tynw0bwfrxny","time":1613166376,"event":{"mods":["BaseMod","Downfall","Hermit","Minty Spire (QoL Compilation)","StSLib"],"gold_per_floor":[99,99,99,99,99,133,203,203,215,215,16,16,39,53,70,70,70,70],"floor_reached":16,"language":"ENG","playtime":629,"items_purged":["Slimebound:Strike_Slimebound"],"score":121,"play_id":"5fd5f408-54f3-49a2-956e-5dcc87841053","local_time":"20210212154616","is_ascension_mode":false,"campfire_choices":[{"data":"Slimebound:CorrosiveSpit","floor":1,"key":"SMITH"},{"data":"Slimebound:RejuvenatingLick","floor":8,"key":"SMITH"},{"data":"Slimebound:RejuvenatingLick","floor":10,"key":"SMITH"},{"data":"Slimebound:GrowthPunch","floor":12,"key":"SMITH"}],"circlet_count":0,"master_deck":["Slimebound:Strike_Slimebound","Slimebound:Strike_Slimebound","Slimebound:Tackle","Slimebound:Defend_Slimebound","Slimebound:Defend_Slimebound","Slimebound:Defend_Slimebound","Slimebound:Defend_Slimebound","Slimebound:Split","Slimebound:CorrosiveSpit+1","Slimebound:RejuvenatingLick+1","Slimebound:ItLooksTasty","Slimebound:RainOfGoop","Slimebound:RejuvenatingLick+1","Slimebound:GrowthPunch+1","Slimebound:MassFeed","Slimebound:RainOfGoop"],"relics":["Slimebound:AbsorbEndCombat","downfall:HeartsMalice","PreservedInsect","The Courier","Oddly Smooth Stone","Tiny Chest"],"acts_visited":["Exordium"],"potions_floor_usage":[],"damage_taken":[{"damage":0,"enemies":"2 Louse","floor":2,"turns":1},{"damage":0,"enemies":"Jaw Worm","floor":3,"turns":1},{"damage":0,"enemies":"Cultist","floor":5,"turns":1},{"damage":34,"enemies":"3 Sentries","floor":6,"turns":9},{"damage":3,"enemies":"Blue Slaver","floor":9,"turns":2},{"damage":7,"enemies":"downfall:FleeingMerchant","floor":11,"turns":4},{"damage":9,"enemies":"2 Fungi Beasts","floor":14,"turns":5},{"damage":5,"enemies":"Lots of Slimes","floor":15,"turns":3},{"damage":68,"enemies":"WA_ARCHETYPE_RETAIN","floor":16,"turns":7}],"seed_played":"-2412876319870243261","potions_obtained":[{"floor":9,"key":"champ:CounterPotion"},{"floor":14,"key":"bronze:BurnAndBuffPotion"},{"floor":15,"key":"Swift Potion"}],"is_trial":false,"path_per_floor":["R","M","M","?","M","E","T","R","M","R","$","R","T","M","M","B"],"character_chosen":"SLIMEBOUND","items_purchased":["Oddly Smooth Stone"],"campfire_rested":0,"item_purchase_floors":[11],"current_hp_per_floor":[65,65,65,65,65,39,39,39,40,40,41,41,41,46,58,0,0,0],"gold":70,"neow_bonus":"THREE_ENEMY_KILL","is_daily":false,"chose_seed":false,"campfire_upgraded":4,"win_rate":0.0,"timestamp":1613166376,"path_taken":["R","M","M","?","M","E","T","R","M","R","$","R","?","M","M","BOSS"],"items_purchased_type":["Relic"],"build_version":"2020-12-22","purchased_purges":1,"victory":false,"max_hp_per_floor":[65,65,65,65,65,65,65,65,65,65,65,65,65,71,80,80,80,80],"card_choices":[{"not_picked":["Slimebound:LeechEnergy","Slimebound:SplitMire"],"picked":"Slimebound:RejuvenatingLick","floor":2},{"not_picked":["Slimebound:Prepare","Slimebound:ComboTackle"],"picked":"Slimebound:ItLooksTasty","floor":3},{"not_picked":["Slimebound:RollThrough","Slimebound:FinishingTackle"],"picked":"Slimebound:RainOfGoop","floor":5},{"not_picked":["Slimebound:DisruptingSlam","Slimebound:LeechEnergy"],"picked":"Slimebound:RejuvenatingLick","floor":6},{"not_picked":["Slimebound:ServeAndProtect","Slimebound:FormOfPuddle"],"picked":"Slimebound:GrowthPunch","floor":9},{"not_picked":["Slimebound:RollThrough","Slimebound:ItLooksTasty"],"picked":"Slimebound:MassFeed","floor":11},{"not_picked":["Slimebound:Replication","Slimebound:Prepare"],"picked":"Slimebound:RainOfGoop","floor":14},{"not_picked":["Slimebound:Equalize","Slimebound:DisruptingSlam","Slimebound:ItLooksTasty"],"picked":"SKIP","floor":15}],"player_experience":143492,"relics_obtained":[{"floor":6,"key":"PreservedInsect"},{"floor":7,"key":"The Courier"},{"floor":13,"key":"Tiny Chest"}],"event_choices":[],"is_beta":false,"boss_relics":[],"items_purged_floors":[11],"is_endless":false,"potions_floor_spawned":[9,14,15],"killed_by":"WA_ARCHETYPE_RETAIN","ascension_level":0}}