{"host":"nn0usk9aafse27ii","time":1613091143,"event":{"mods":["BaseMod","Colored Map","Highlight Path","Minty Spire (QoL Compilation)","Shop Mod","StSLib"],"gold_per_floor":[119,135,135,149,224,224,249,269,269,289,289,364,393,62,62,161,161,181,195,207,225,235,261,276,276,276,298,50,50,50,70,70,168,168,183,198,67,87,106,106,132,132,132,143,143,156,185,203,203,203],"floor_reached":51,"language":"ENG","playtime":4207,"items_purged":[],"score":757,"play_id":"e7010fd0-0a9f-471f-b7d2-e56f5cf4f682","local_time":"20210211165223","daily_mods":["Shiny","Time Dilation","Terminal"],"is_ascension_mode":false,"campfire_choices":[{"data":"Brutality","floor":6,"key":"SMITH"},{"data":"True Grit","floor":11,"key":"SMITH"},{"data":"Armaments","floor":15,"key":"SMITH"},{"data":"Barricade","floor":25,"key":"SMITH"},{"data":"Limit Break","floor":29,"key":"SMITH"},{"data":"Fiend Fire","floor":32,"key":"SMITH"},{"data":"Whirlwind","floor":40,"key":"SMITH"},{"data":"Berserk","floor":42,"key":"SMITH"},{"data":"Bloodletting","floor":45,"key":"SMITH"},{"data":"Demon Form","floor":49,"key":"SMITH"}],"circlet_count":0,"master_deck":["Double Tap","Demon Form+1","Bludgeon","Feed","Limit Break+1","Corruption","Barricade+1","Fiend Fire+1","Berserk+1","Impervious","Juggernaut","Brutality+1","Reaper","Exhume","Offering","Immolate","True Grit+1","Rupture","Power Through","Dual Wield","Armaments+1","Shrug It Off","Seeing Red+1","Bloodletting+1","Whirlwind+1","Entrench+1","Armaments+1","Madness","Madness"],"relics":["Burning Blood","Art of War","White Beast Statue","CeramicFish","Singing Bowl","Snecko Eye","Orichalcum","CaptainsWheel","Bottled Lightning","Runic Cube","The Courier","Pantograph"],"acts_visited":["Exordium","TheCity","TheBeyond"],"potions_floor_usage":[16,19,20,20,20,20,21,22,23,24,27,36,38,39,44,46,47,47,50,50],"damage_taken":[{"damage":6,"enemies":"Jaw Worm","floor":1,"turns":3},{"damage":6,"enemies":"2 Louse","floor":2,"turns":2},{"damage":6,"enemies":"Cultist","floor":4,"turns":1},{"damage":12,"enemies":"3 Sentries","floor":7,"turns":3},{"damage":16,"enemies":"Red Slaver","floor":8,"turns":3},{"damage":9,"enemies":"Exordium Wildlife","floor":10,"turns":4},{"damage":8,"enemies":"3 Louse","floor":13,"turns":3},{"damage":41,"enemies":"Hexaghost","floor":16,"turns":6},{"damage":15,"enemies":"Chosen","floor":18,"turns":2},{"damage":6,"enemies":"2 Thieves","floor":19,"turns":3},{"damage":16,"enemies":"Cultist and Chosen","floor":20,"turns":2},{"damage":12,"enemies":"Snake Plant","floor":21,"turns":2},{"damage":9,"enemies":"Snecko","floor":22,"turns":4},{"damage":21,"enemies":"Slavers","floor":23,"turns":3},{"damage":8,"enemies":"Centurion and Healer","floor":24,"turns":3},{"damage":9,"enemies":"Snake Plant","floor":27,"turns":3},{"damage":8,"enemies":"Cultist and Chosen","floor":31,"turns":3},{"damage":6,"enemies":"Automaton","floor":33,"turns":5},{"damage":0,"enemies":"3 Darklings","floor":35,"turns":2},{"damage":6,"enemies":"Orb Walker","floor":36,"turns":2},{"damage":3,"enemies":"3 Darklings","floor":38,"turns":3},{"damage":6,"enemies":"Sphere and 2 Shapes","floor":39,"turns":3},{"damage":27,"enemies":"4 Shapes","floor":41,"turns":1},{"damage":10,"enemies":"3 Darklings","floor":44,"turns":3},{"damage":12,"enemies":"Maw","floor":46,"turns":4},{"damage":26,"enemies":"Reptomancer","floor":47,"turns":5},{"damage":15,"enemies":"Time Eater","floor":50,"turns":4}],"seed_played":"1079213392138055960","potions_obtained":[{"floor":2,"key":"FearPotion"},{"floor":4,"key":"Explosive Potion"},{"floor":8,"key":"DuplicationPotion"},{"floor":10,"key":"SteroidPotion"},{"floor":13,"key":"EntropicBrew"},{"floor":16,"key":"ColorlessPotion"},{"floor":18,"key":"Block Potion"},{"floor":19,"key":"FearPotion"},{"floor":20,"key":"Strength Potion"},{"floor":21,"key":"EntropicBrew"},{"floor":22,"key":"Energy Potion"},{"floor":23,"key":"DistilledChaos"},{"floor":24,"key":"ColorlessPotion"},{"floor":27,"key":"BloodPotion"},{"floor":31,"key":"FearPotion"},{"floor":35,"key":"AttackPotion"},{"floor":36,"key":"LiquidBronze"},{"floor":38,"key":"Swift Potion"},{"floor":39,"key":"Strength Potion"},{"floor":41,"key":"Swift Potion"},{"floor":44,"key":"DuplicationPotion"},{"floor":46,"key":"BloodPotion"},{"floor":47,"key":"DistilledChaos"}],"is_trial":true,"path_per_floor":["M","M","?","M","?","R","E","M","T","M","R","?","M","$","R","B",null,"M","M","M","M","M","E","M","R","T","M","$","R","?","M","R","B",null,"M","M","$","M","M","R","M","R","T","M","R","M","E","?","R","B",null],"character_chosen":"IRONCLAD","items_purchased":["Singing Bowl","Armaments","Shrug It Off","Bottled Lightning","Bloodletting","Whirlwind"],"campfire_rested":0,"item_purchase_floors":[14,14,14,28,37,37],"current_hp_per_floor":[78,80,79,78,67,67,75,65,65,65,65,58,72,72,72,39,73,69,82,82,78,95,85,91,91,91,94,94,94,94,95,94,95,94,95,96,95,94,95,94,73,73,73,95,94,95,96,84,84,92],"gold":203,"neow_bonus":"","is_daily":false,"chose_seed":false,"campfire_upgraded":10,"win_rate":0.0,"timestamp":1613091143,"path_taken":["M","M","?","?","?","R","E","M","T","M","R","?","?","$","R","BOSS","M","M","M","M","?","E","M","R","T","M","$","R","?","M","R","BOSS","M","M","$","M","M","R","M","R","T","M","R","M","E","?","R","BOSS"],"items_purchased_type":["Relic","Card","Card","Relic","Card","Card"],"build_version":"2020-12-22","purchased_purges":0,"victory":true,"max_hp_per_floor":[78,80,79,78,77,76,75,74,73,75,74,73,75,74,73,74,73,77,84,93,94,95,99,100,99,98,97,96,95,94,95,94,95,94,95,96,95,94,95,94,93,92,91,95,94,95,96,95,94,93],"card_choices":[{"not_picked":["Thunderclap","Reckless Charge"],"picked":"True Grit","floor":1},{"not_picked":["Headbutt","Anger"],"picked":"Rupture","floor":2},{"not_picked":["Clothesline","Shockwave","Blood for Blood"],"picked":"SKIP","floor":4},{"not_picked":["Dropkick","Second Wind"],"picked":"Power Through","floor":7},{"not_picked":["Anger","Reckless Charge","Flex"],"picked":"SKIP","floor":8},{"not_picked":["Thunderclap","Clothesline","Sword Boomerang"],"picked":"SKIP","floor":10},{"not_picked":["Clothesline","Double Tap"],"picked":"Dual Wield","floor":13},{"not_picked":["Limit Break","Berserk","Reaper"],"picked":"Singing Bowl","floor":16},{"not_picked":["Twin Strike","Sword Boomerang","Anger"],"picked":"Singing Bowl","floor":18},{"not_picked":["Shrug It Off+1","Body Slam+1","Hemokinesis"],"picked":"Singing Bowl","floor":19},{"not_picked":["Second Wind","Cleave","Dark Embrace"],"picked":"Singing Bowl","floor":20},{"not_picked":["Wild Strike","Twin Strike","Iron Wave"],"picked":"Singing Bowl","floor":21},{"not_picked":["Heavy Blade","Clash","Disarm"],"picked":"Singing Bowl","floor":22},{"not_picked":["Anger","Juggernaut","Offering"],"picked":"Singing Bowl","floor":23},{"not_picked":["Cleave","Warcry","Perfected Strike+1"],"picked":"Singing Bowl","floor":24},{"not_picked":["Body Slam","Bloodletting"],"picked":"Seeing Red+1","floor":27},{"not_picked":["Fire Breathing","Anger+1","Second Wind+1"],"picked":"Singing Bowl","floor":31},{"not_picked":["Brutality","Berserk","Bludgeon"],"picked":"Singing Bowl","floor":33},{"not_picked":["Body Slam+1","Headbutt+1","Cleave"],"picked":"Singing Bowl","floor":35},{"not_picked":["Reckless Charge","Heavy Blade","Body Slam"],"picked":"Singing Bowl","floor":36},{"not_picked":["Headbutt","Juggernaut"],"picked":"Entrench+1","floor":38},{"not_picked":["Sword Boomerang+1","Iron Wave","Disarm+1"],"picked":"Singing Bowl","floor":39},{"not_picked":["Searing Blow","Sword Boomerang+1"],"picked":"Armaments+1","floor":41},{"not_picked":["Iron Wave+1","Shrug It Off+1","Dual Wield"],"picked":"Singing Bowl","floor":44},{"not_picked":["Spot Weakness+1","Pommel Strike+1","Berserk"],"picked":"Singing Bowl","floor":46},{"not_picked":["Headbutt+1","Rampage","Reckless Charge+1"],"picked":"Singing Bowl","floor":47}],"player_experience":505555,"relics_obtained":[{"floor":7,"key":"White Beast Statue"},{"floor":9,"key":"CeramicFish"},{"floor":23,"key":"Orichalcum"},{"floor":26,"key":"CaptainsWheel"},{"floor":43,"key":"The Courier"},{"floor":47,"key":"Pantograph"}],"event_choices":[{"damage_healed":0,"gold_gain":0,"player_choice":"Gave Potion","damage_taken":0,"relics_obtained":["Art of War"],"max_hp_gain":0,"max_hp_loss":0,"event_name":"WeMeetAgain","floor":3,"gold_loss":0},{"damage_healed":0,"gold_gain":75,"player_choice":"Gather Gold","damage_taken":11,"max_hp_gain":0,"max_hp_loss":0,"event_name":"World of Goop","floor":5,"gold_loss":0},{"damage_healed":0,"gold_gain":75,"player_choice":"Touch","damage_taken":7,"max_hp_gain":0,"max_hp_loss":0,"event_name":"FaceTrader","floor":12,"gold_loss":0},{"damage_healed":0,"gold_gain":0,"player_choice":"Ignored","damage_taken":0,"max_hp_gain":0,"max_hp_loss":0,"event_name":"N\u0027loth","floor":30,"gold_loss":0},{"damage_healed":0,"gold_gain":0,"player_choice":"Embrace Madness","damage_taken":12,"max_hp_gain":0,"max_hp_loss":0,"event_name":"Winding Halls","floor":48,"gold_loss":0,"cards_obtained":["Madness","Madness"]}],"is_beta":false,"boss_relics":[{"not_picked":["Sozu","Mark of Pain"],"picked":"Snecko Eye"},{"not_picked":["Runic Dome","Empty Cage"],"picked":"Runic Cube"}],"items_purged_floors":[],"is_endless":false,"potions_floor_spawned":[2,4,8,10,13,16,18,19,20,21,22,23,24,27,31,33,35,36,38,39,41,44,46,47],"ascension_level":0}}