{"host":"4epvxsx6d4oxmc67","time":1613091994,"event":{"mods":["AchievementEnabler","BaseMod","Colored Map","Highlight Path","Minty Spire (QoL Compilation)"],"gold_per_floor":[114,125,136,146,157,157,169,169,195,206,206,49,81,91,91,190,190,190,160,6,6,6,6,6,6,6,6,6,6,6,6,6,6,6,6,0,0,0,0,0,0,0,0,0,0],"floor_reached":44,"language":"ENG","playtime":4987,"items_purged":[],"score":536,"play_id":"47de734c-bd6d-43bd-b7e4-e63a3d3f1c5b","local_time":"20210212010634","is_ascension_mode":true,"campfire_choices":[{"floor":6,"key":"REST"},{"floor":8,"key":"REST"},{"data":"Dagger Throw","floor":11,"key":"SMITH"},{"data":"Skewer","floor":15,"key":"SMITH"},{"data":"Dodge and Roll","floor":23,"key":"SMITH"},{"floor":25,"key":"REST"},{"floor":32,"key":"REST"},{"floor":40,"key":"REST"}],"circlet_count":0,"master_deck":["Strike_G","Defend_G","Defend_G","Defend_G","Defend_G","Defend_G","Survivor","Neutralize","Footwork","PiercingWail","Dagger Throw+1","Bouncing Flask","Skewer+1","Blade Dance","Leg Sweep","Glass Knife","Dodge and Roll+1","Die Die Die","Noxious Fumes","Blur","Dagger Spray","Adrenaline","Footwork","Cloak And Dagger+1","Burst","Bane+1","Tools of the Trade+1","Riddle With Holes+1","Well Laid Plans+1","Flechettes+1"],"relics":["Ring of the Snake","Bronze Scales","Vajra","Tiny Chest","Ectoplasm","Potion Belt","Bag of Marbles","Incense Burner","Ornamental Fan","Ancient Tea Set","Astrolabe","Red Mask","Bag of Preparation","Nunchaku"],"acts_visited":["Exordium","TheCity","TheBeyond"],"potions_floor_usage":[5,5,7,16,19,19,24,30,31,33],"damage_taken":[{"damage":8,"enemies":"Cultist","floor":1,"turns":6},{"damage":0,"enemies":"Small Slimes","floor":2,"turns":5},{"damage":0,"enemies":"2 Louse","floor":3,"turns":6},{"damage":4,"enemies":"2 Fungi Beasts","floor":4,"turns":6},{"damage":24,"enemies":"Large Slime","floor":5,"turns":11},{"damage":6,"enemies":"Exordium Thugs","floor":7,"turns":4},{"damage":4,"enemies":"3 Louse","floor":10,"turns":3},{"damage":18,"enemies":"Gremlin Nob","floor":13,"turns":3},{"damage":5,"enemies":"Large Slime","floor":14,"turns":4},{"damage":26,"enemies":"Slime Boss","floor":16,"turns":11},{"damage":6,"enemies":"3 Byrds","floor":18,"turns":3},{"damage":0,"enemies":"2 Thieves","floor":19,"turns":4},{"damage":16,"enemies":"Snecko","floor":21,"turns":5},{"damage":11,"enemies":"Chosen and Byrds","floor":22,"turns":6},{"damage":24,"enemies":"Gremlin Leader","floor":24,"turns":8},{"damage":8,"enemies":"Colosseum Slavers","floor":27,"turns":4},{"damage":17,"enemies":"Colosseum Nobs","floor":27,"turns":4},{"damage":0,"enemies":"3 Cultists","floor":30,"turns":2},{"damage":0,"enemies":"Shelled Parasite and Fungi","floor":31,"turns":4},{"damage":19,"enemies":"Collector","floor":33,"turns":12},{"damage":2,"enemies":"3 Shapes","floor":35,"turns":6},{"damage":16,"enemies":"3 Darklings","floor":37,"turns":5},{"damage":16,"enemies":"Maw","floor":38,"turns":9},{"damage":9,"enemies":"Spire Growth","floor":39,"turns":5},{"damage":18,"enemies":"Reptomancer","floor":41,"turns":9},{"damage":39,"enemies":"Giant Head","floor":44,"turns":11}],"seed_played":"8261093753747114574","potions_obtained":[{"floor":2,"key":"GamblersBrew"},{"floor":4,"key":"BlessingOfTheForge"},{"floor":5,"key":"DuplicationPotion"},{"floor":13,"key":"Swift Potion"},{"floor":16,"key":"SteroidPotion"},{"floor":18,"key":"DistilledChaos"},{"floor":22,"key":"Weak Potion"},{"floor":27,"key":"SteroidPotion"},{"floor":30,"key":"Energy Potion"},{"floor":31,"key":"LiquidMemories"},{"floor":33,"key":"GamblersBrew"},{"floor":39,"key":"SmokeBomb"}],"is_trial":false,"path_per_floor":["M","M","M","M","M","R","M","R","T","M","R","$","E","M","R","B",null,"M","M","$","M","M","R","E","R","T","?","$","T","M","M","R","B",null,"M","?","M","M","M","R","E","?","T","E"],"character_chosen":"THE_SILENT","items_purchased":["Vajra","Potion Belt"],"campfire_rested":5,"item_purchase_floors":[12,20],"current_hp_per_floor":[62,62,62,58,34,55,49,70,70,66,66,66,48,43,43,17,70,64,64,64,48,37,37,13,34,34,9,9,9,9,9,30,11,70,68,68,52,36,27,48,30,30,30,0,0],"gold":0,"neow_bonus":"TRANSFORM_CARD","is_daily":false,"chose_seed":false,"campfire_upgraded":3,"win_rate":0.0,"timestamp":1613091994,"path_taken":["M","M","M","M","M","R","M","R","T","M","R","$","E","M","R","BOSS","M","?","?","M","M","R","E","R","T","?","$","?","M","M","R","BOSS","M","?","M","M","M","R","E","?","T","E"],"items_purchased_type":["Relic","Relic"],"build_version":"2020-12-22","purchased_purges":0,"victory":false,"max_hp_per_floor":[70,70,70,70,70,70,70,70,70,70,70,70,70,70,70,70,70,70,70,70,70,70,70,70,70,70,70,70,70,70,70,70,70,70,70,70,70,70,70,70,70,70,70,70,70],"card_choices":[{"not_picked":["Backflip","Flying Knee"],"picked":"PiercingWail","floor":1},{"not_picked":["Backflip","Escape Plan"],"picked":"Dagger Throw","floor":2},{"not_picked":["Distraction","Blur"],"picked":"Bouncing Flask","floor":3},{"not_picked":["PiercingWail","Choke"],"picked":"Skewer","floor":4},{"not_picked":["PiercingWail","Deflect"],"picked":"Expertise","floor":5},{"not_picked":["Outmaneuver","Deflect"],"picked":"Blade Dance","floor":7},{"not_picked":["Bane","Dash"],"picked":"Leg Sweep","floor":10},{"not_picked":["Eviscerate","Backflip"],"picked":"Glass Knife","floor":13},{"not_picked":["PiercingWail","Deflect"],"picked":"Dodge and Roll","floor":14},{"not_picked":["Corpse Explosion","Bullet Time"],"picked":"Die Die Die","floor":16},{"not_picked":["Catalyst","Expertise"],"picked":"Noxious Fumes","floor":18},{"not_picked":["Expertise","Sucker Punch+1"],"picked":"Blur","floor":19},{"not_picked":["Deadly Poison+1","PiercingWail"],"picked":"Dagger Spray","floor":21},{"not_picked":["Poisoned Stab","Outmaneuver","Leg Sweep"],"picked":"SKIP","floor":22},{"not_picked":["Malaise","Slice"],"picked":"Adrenaline","floor":24},{"not_picked":["Slice","Deadly Poison+1"],"picked":"Footwork","floor":30},{"not_picked":["Poisoned Stab","Blade Dance"],"picked":"Cloak And Dagger+1","floor":31},{"not_picked":["Envenom","Unload"],"picked":"Burst","floor":33},{"not_picked":["Acrobatics+1","Choke","Slice+1"],"picked":"SKIP","floor":35},{"not_picked":["Escape Plan","Underhanded Strike","Prepared+1"],"picked":"SKIP","floor":37},{"not_picked":["Poisoned Stab","Cloak And Dagger"],"picked":"Well Laid Plans+1","floor":38},{"not_picked":["All Out Attack+1","Quick Slash+1"],"picked":"Flechettes+1","floor":39},{"not_picked":["Dagger Throw","Poisoned Stab","Outmaneuver"],"picked":"SKIP","floor":41}],"player_experience":87665,"relics_obtained":[{"floor":9,"key":"Bronze Scales"},{"floor":13,"key":"Tiny Chest"},{"floor":24,"key":"Bag of Marbles"},{"floor":27,"key":"Incense Burner"},{"floor":27,"key":"Ornamental Fan"},{"floor":29,"key":"Ancient Tea Set"},{"floor":41,"key":"Bag of Preparation"},{"floor":43,"key":"Nunchaku"}],"event_choices":[{"damage_healed":0,"gold_gain":0,"player_choice":"Fight","damage_taken":0,"max_hp_gain":0,"max_hp_loss":0,"event_name":"Colosseum","floor":27,"gold_loss":0},{"damage_healed":0,"gold_gain":0,"player_choice":"Fought Nobs","damage_taken":0,"max_hp_gain":0,"max_hp_loss":0,"event_name":"Colosseum","floor":27,"gold_loss":0},{"damage_healed":0,"gold_gain":0,"player_choice":"Paid","damage_taken":0,"relics_obtained":["Red Mask"],"max_hp_gain":0,"max_hp_loss":0,"event_name":"Tomb of Lord Red Mask","floor":36,"gold_loss":6},{"cards_removed":["Expertise"],"damage_healed":0,"gold_gain":0,"player_choice":"Removed Skill","damage_taken":0,"max_hp_gain":0,"max_hp_loss":0,"event_name":"Falling","floor":42,"gold_loss":0}],"is_beta":false,"boss_relics":[{"not_picked":["Calling Bell","SacredBark"],"picked":"Ectoplasm"},{"not_picked":["Philosopher\u0027s Stone","Runic Dome"],"picked":"Astrolabe"}],"items_purged_floors":[],"is_endless":false,"potions_floor_spawned":[2,4,5,13,16,18,22,27,30,31,33,39],"killed_by":"Giant Head","ascension_level":3}}