{"host":"2smcgt1ki1qcud40","time":1613154048,"event":{"mods":["BaseMod","Minty Spire (QoL Compilation)"],"gold_per_floor":[119,138,138,152,167,202,214,226,265,311,340,362,406,357,369,455,467,493,21,36,36,52,77,103,137,137,168,27,27,53,53,53,131,131,147,147,165,165,176,203,35,35,35,68,68,101,101,117,117,117,117,117,117,146,146],"floor_reached":56,"language":"ENG","playtime":5746,"items_purged":["Defend_P","Strike_P"],"score":2371,"play_id":"b5e0d500-8e68-412e-9b40-3ad949fe83cb","local_time":"20210212192048","is_ascension_mode":true,"campfire_choices":[{"floor":7.0,"key":"REST"},{"floor":15.0,"key":"REST"},{"floor":29.0,"key":"REST"},{"data":"TalkToTheHand","floor":32.0,"key":"SMITH"},{"floor":47.0,"key":"REST"},{"floor":49,"key":"RECALL"},{"floor":52,"key":"REST"}],"circlet_count":0,"master_deck":["AscendersBane","Strike_P+1","Strike_P+1","Defend_P","Defend_P+1","Eruption+1","Vigilance+1","CutThroughFate","FollowUp","EmptyBody+1","EmptyFist+1","FlurryOfBlows","Tantrum+1","SandsOfTime+1","DeceiveReality+1","Devotion+1","Evaluate+1","LessonLearned","Wireheading+1","Protect+1","LikeWater+1","Collect+1","FearNoEvil+1","TalkToTheHand+1","Sanctity+1","WaveOfTheHand+1","Omniscience+1","Prostrate","Madness+1","Madness+1","Discovery","Jack Of All Trades+1","ConjureBlade+1","TalkToTheHand+1","ClearTheMind","Wallop","Vault","Nirvana+1","ThirdEye+1"],"relics":["Black Star","Nunchaku","MawBank","Orichalcum","Damaru","Frozen Egg 2","TeardropLocket","Bottled Flame","VioletLotus","Lee\u0027s Waffle","Whetstone","Ornamental Fan","Red Mask","Calipers","Juzu Bracelet","Yang","Question Card","Strawberry","Matryoshka","Bottled Lightning","Runic Pyramid","Akabeko","Regal Pillow","DollysMirror","Toy Ornithopter","Dream Catcher","Oddly Smooth Stone","Blue Candle","FossilizedHelix","InkBottle","Pocketwatch"],"acts_visited":["Exordium","TheCity","TheBeyond","TheEnding"],"potions_floor_usage":[55,55,55],"damage_taken":[{"damage":4.0,"enemies":"Jaw Worm","floor":1.0,"turns":3.0},{"damage":7.0,"enemies":"Small Slimes","floor":2.0,"turns":3.0},{"damage":5.0,"enemies":"2 Louse","floor":4.0,"turns":3.0},{"damage":5.0,"enemies":"2 Fungi Beasts","floor":5.0,"turns":4.0},{"damage":19.0,"enemies":"Lagavulin","floor":6.0,"turns":8.0},{"damage":15.0,"enemies":"3 Sentries","floor":10.0,"turns":7.0},{"damage":4.0,"enemies":"Looter","floor":11.0,"turns":2.0},{"damage":0.0,"enemies":"Red Slaver","floor":12.0,"turns":1.0},{"damage":13.0,"enemies":"Lagavulin","floor":13.0,"turns":4.0},{"damage":21.0,"enemies":"The Guardian","floor":16.0,"turns":10.0},{"damage":9.0,"enemies":"Shell Parasite","floor":18.0,"turns":4.0},{"damage":1.0,"enemies":"Spheric Guardian","floor":20.0,"turns":5.0},{"damage":20.0,"enemies":"Cultist and Chosen","floor":22.0,"turns":5.0},{"damage":31.0,"enemies":"Book of Stabbing","floor":23.0,"turns":7.0},{"damage":16.0,"enemies":"Masked Bandits","floor":24.0,"turns":5.0},{"damage":0.0,"enemies":"Gremlin Leader","floor":25.0,"turns":7.0},{"damage":0.0,"enemies":"Book of Stabbing","floor":27.0,"turns":7.0},{"damage":1.0,"enemies":"Gremlin Leader","floor":30.0,"turns":6.0},{"damage":9.0,"enemies":"Champ","floor":33.0,"turns":11.0},{"damage":0.0,"enemies":"Orb Walker","floor":35.0,"turns":4.0},{"damage":0.0,"enemies":"3 Darklings","floor":37.0,"turns":5.0},{"damage":5.0,"enemies":"Transient","floor":39.0,"turns":6.0},{"damage":0.0,"enemies":"Nemesis","floor":40.0,"turns":7.0},{"damage":16.0,"enemies":"Reptomancer","floor":44.0,"turns":8.0},{"damage":0.0,"enemies":"Giant Head","floor":46.0,"turns":7.0},{"damage":0.0,"enemies":"Sphere and 2 Shapes","floor":48.0,"turns":5.0},{"damage":44,"enemies":"Time Eater","floor":50,"turns":9},{"damage":16,"enemies":"Shield and Spear","floor":54,"turns":11},{"damage":6,"enemies":"The Heart","floor":55,"turns":11}],"seed_played":"9155570366065211655","potions_obtained":[{"floor":4.0,"key":"Weak Potion"},{"floor":5.0,"key":"BlessingOfTheForge"},{"floor":10.0,"key":"Explosive Potion"},{"floor":12.0,"key":"SpeedPotion"},{"floor":13.0,"key":"SkillPotion"},{"floor":22.0,"key":"GamblersBrew"},{"floor":23.0,"key":"Energy Potion"},{"floor":24.0,"key":"Weak Potion"},{"floor":27.0,"key":"EntropicBrew"},{"floor":30.0,"key":"EssenceOfSteel"},{"floor":40.0,"key":"Block Potion"},{"floor":46.0,"key":"PowerPotion"}],"is_trial":false,"path_per_floor":["M","M","?","M","M","E","R","?","T","E","M","M","E","?","R","B",null,"M","$","M","?","M","E","?","E","T","E","$","R","E","?","R","B",null,"M","?","M","?","M","E","$","?","T","E","?","E","R","M","R","B",null,"R","$","E","B",null],"character_chosen":"WATCHER","items_purchased":["Lee\u0027s Waffle","LessonLearned","Wireheading+1","Sanctity","DollysMirror"],"campfire_rested":5,"item_purchase_floors":[19,19,19,28,41],"current_hp_per_floor":[57,50,43,38,33,14,34,34,34,19,15,15,2,2,22,1,51,42,75,74,74,54,23,7,7,7,14,14,38,37,37,37,28,69,69,54,54,44,39,39,39,39,39,23,23,23,62,62,62,18,66,82,82,66,75],"gold":146,"neow_bonus":"BOSS_RELIC","is_daily":false,"chose_seed":false,"campfire_upgraded":1,"win_rate":0.0,"timestamp":1613154048,"path_taken":["M","M","?","M","M","E","R","?","T","E","M","M","E","?","R","BOSS","M","$","M","?","M","E","?","E","T","E","$","R","E","?","R","BOSS","M","?","M","?","M","E","$","?","T","E","?","E","R","M","R","BOSS","R","$","E","BOSS"],"items_purchased_type":["Relic","Card","Card","Card","Relic"],"build_version":"2020-12-22","purchased_purges":2,"victory":true,"max_hp_per_floor":[68,68,68,68,68,68,68,68,68,68,68,68,68,68,68,68,68,68,75,75,75,75,75,75,75,75,82,82,82,82,82,82,82,82,82,82,82,82,82,82,82,82,82,82,82,82,82,82,82,82,82,82,82,82,82],"card_choices":[{"not_picked":["PathToVictory","Prostrate"],"picked":"CutThroughFate","floor":1.0},{"not_picked":["JustLucky","Crescendo"],"picked":"FollowUp","floor":2.0},{"not_picked":["Halt","DeusExMachina"],"picked":"EmptyBody","floor":4.0},{"not_picked":["ClearTheMind","ThirdEye"],"picked":"EmptyFist","floor":5.0},{"not_picked":["Study","BattleHymn","Crescendo"],"picked":"SKIP","floor":6.0},{"not_picked":["ClearTheMind","Judgement"],"picked":"FlurryOfBlows","floor":10.0},{"not_picked":["Sanctity","WreathOfFlame"],"picked":"Tantrum","floor":11.0},{"not_picked":["Sanctity","Swivel"],"picked":"SandsOfTime","floor":12.0},{"not_picked":["CrushJoints","Crescendo"],"picked":"DeceiveReality","floor":13.0},{"not_picked":["Alpha","ConjureBlade"],"picked":"Devotion+1","floor":16.0},{"not_picked":["SandsOfTime","Crescendo"],"picked":"Evaluate+1","floor":18.0},{"not_picked":["JustLucky+1","EmptyFist"],"picked":"Protect","floor":20.0},{"not_picked":["FollowUp","Indignation"],"picked":"LikeWater+1","floor":22.0},{"not_picked":["EmptyFist","ForeignInfluence"],"picked":"Collect+1","floor":23.0},{"not_picked":["Swivel","EmptyFist"],"picked":"FearNoEvil","floor":24.0},{"not_picked":["BowlingBash","SpiritShield"],"picked":"TalkToTheHand","floor":25.0},{"not_picked":["ClearTheMind","Tantrum","EmptyBody"],"picked":"SKIP","floor":27.0},{"not_picked":["Halt","Evaluate","FlurryOfBlows"],"picked":"WaveOfTheHand+1","floor":30.0},{"not_picked":["Brilliance","Devotion+1","Judgement"],"picked":"Omniscience","floor":33.0},{"not_picked":["JustLucky","PathToVictory","ClearTheMind"],"picked":"Prostrate","floor":35.0},{"not_picked":["Tantrum","JustLucky","CutThroughFate","EmptyFist+1"],"picked":"SKIP","floor":37.0},{"not_picked":["Forethought","Mayhem+1","Mind Blast"],"picked":"Discovery","floor":38.0},{"not_picked":["Deep Breath","Dramatic Entrance","Panacea"],"picked":"Jack Of All Trades","floor":38.0},{"not_picked":["Crescendo","Consecrate+1","EmptyBody+1","BattleHymn+1"],"picked":"SKIP","floor":39.0},{"not_picked":["SashWhip","WindmillStrike","Meditate"],"picked":"ConjureBlade","floor":40.0},{"not_picked":["Fasting2+1","PathToVictory","FlurryOfBlows"],"picked":"ClearTheMind","floor":44.0},{"not_picked":["Protect","FlurryOfBlows","Crescendo","CutThroughFate"],"picked":"SKIP","floor":46.0},{"not_picked":["WindmillStrike","SashWhip+1","FlurryOfBlows"],"picked":"Vault","floor":47.0},{"not_picked":["BattleHymn+1","PathToVictory","Halt"],"picked":"Nirvana+1","floor":48},{"not_picked":["Halt","Evaluate+1","FollowUp+1"],"picked":"ThirdEye+1","floor":52},{"not_picked":["CutThroughFate","Conclude","WheelKick","Judgement"],"picked":"SKIP","floor":54}],"player_experience":758994,"relics_obtained":[{"floor":6.0,"key":"Nunchaku"},{"floor":6.0,"key":"MawBank"},{"floor":9.0,"key":"Orichalcum"},{"floor":10.0,"key":"Damaru"},{"floor":10.0,"key":"Frozen Egg 2"},{"floor":13.0,"key":"TeardropLocket"},{"floor":13.0,"key":"Bottled Flame"},{"floor":23.0,"key":"Whetstone"},{"floor":23.0,"key":"Ornamental Fan"},{"floor":24.0,"key":"Red Mask"},{"floor":25.0,"key":"Calipers"},{"floor":25.0,"key":"Juzu Bracelet"},{"floor":26.0,"key":"Yang"},{"floor":27.0,"key":"Question Card"},{"floor":27.0,"key":"Strawberry"},{"floor":30.0,"key":"Matryoshka"},{"floor":30.0,"key":"Bottled Lightning"},{"floor":40.0,"key":"Akabeko"},{"floor":40.0,"key":"Regal Pillow"},{"floor":43.0,"key":"Toy Ornithopter"},{"floor":44.0,"key":"Dream Catcher"},{"floor":44.0,"key":"Oddly Smooth Stone"},{"floor":46.0,"key":"Blue Candle"},{"floor":46.0,"key":"FossilizedHelix"},{"floor":54,"key":"InkBottle"},{"floor":54,"key":"Pocketwatch"}],"event_choices":[{"cards_removed":["Defend_P"],"damage_healed":0.0,"max_hp_gain":0.0,"max_hp_loss":0.0,"gold_gain":0.0,"event_name":"Golden Wing","player_choice":"Card Removal","floor":3.0,"gold_loss":0.0,"damage_taken":7.0},{"damage_healed":0.0,"max_hp_gain":0.0,"max_hp_loss":0.0,"gold_gain":0.0,"event_name":"Living Wall","player_choice":"Grow","floor":8.0,"gold_loss":0.0,"damage_taken":0.0,"cards_upgraded":["Eruption"]},{"damage_healed":0.0,"max_hp_gain":0.0,"max_hp_loss":0.0,"gold_gain":0.0,"event_name":"World of Goop","player_choice":"Left Gold","floor":14.0,"gold_loss":61.0,"damage_taken":0.0},{"damage_healed":0.0,"max_hp_gain":0.0,"max_hp_loss":0.0,"gold_gain":0.0,"event_name":"Ghosts","player_choice":"Ignored","floor":21.0,"gold_loss":0.0,"damage_taken":0.0},{"damage_healed":0.0,"max_hp_gain":0.0,"max_hp_loss":0.0,"gold_gain":0.0,"event_name":"Masked Bandits","player_choice":"Fought Bandits","floor":24.0,"gold_loss":0.0,"damage_taken":0.0},{"cards_removed":["Strike_P"],"damage_healed":0.0,"max_hp_gain":0.0,"max_hp_loss":0.0,"gold_gain":0.0,"event_name":"Back to Basics","player_choice":"Elegance","floor":31.0,"gold_loss":0.0,"damage_taken":0.0},{"damage_healed":0.0,"max_hp_gain":0.0,"max_hp_loss":0.0,"gold_gain":0.0,"event_name":"Winding Halls","player_choice":"Embrace Madness","floor":36.0,"gold_loss":0.0,"damage_taken":15.0,"cards_obtained":["Madness","Madness"]},{"damage_healed":0.0,"max_hp_gain":0.0,"max_hp_loss":0.0,"gold_gain":0.0,"event_name":"SensoryStone","player_choice":"Memory 3","floor":38.0,"gold_loss":0.0,"damage_taken":10.0},{"damage_healed":0.0,"max_hp_gain":0.0,"max_hp_loss":0.0,"gold_gain":0.0,"event_name":"Accursed Blacksmith","player_choice":"Forge","floor":42.0,"gold_loss":0.0,"damage_taken":0.0,"cards_upgraded":["Omniscience"]},{"damage_healed":0.0,"max_hp_gain":0.0,"max_hp_loss":0.0,"gold_gain":0.0,"event_name":"Match and Keep!","player_choice":"1 cards matched","floor":45.0,"gold_loss":0.0,"damage_taken":0.0,"cards_obtained":["Wallop"]}],"is_beta":false,"boss_relics":[{"not_picked":["Sozu","Tiny House"],"picked":"VioletLotus"},{"not_picked":["Velvet Choker","Astrolabe"],"picked":"Runic Pyramid"}],"items_purged_floors":[19,28],"is_endless":false,"potions_floor_spawned":[4,5,10,12,13,22,23,24,27,30,40,44,46],"ascension_level":17}}