{"host":"91blwi3hgehj6ch9","time":1613160709,"event":{"mods":["2.2 Compatiblity","AchievementEnabler","BaseMod","Colored Map","DeckTracker","Keyboard Shortcuts","Minty Spire (QoL Compilation)","Permanent Neow","Quick Restart","StSLib","SuperFastMode","everything is the same but u backflip on backflip"],"gold_per_floor":[11,30,30,47,66,66,66,81,130,180,180,198,99,126,126,199,199,216,116,134,145,70,105,155,155,155,185,185,60,60,71,71,143,143,161,186,206,206,224,224,224,74,74,74,94,125,125,136,136,136],"floor_reached":51,"language":"KOR","playtime":2683,"items_purged":["Strike_G","Strike_G","Defend_G","Defend_G"],"score":1419,"play_id":"0451b50b-d21f-43dd-8e9b-1a5293b26723","local_time":"20210213051149","is_ascension_mode":true,"campfire_choices":[{"data":"Prepared","floor":6.0,"key":"SMITH"},{"data":"Reflex","floor":11.0,"key":"SMITH"},{"data":"Eviscerate","floor":15.0,"key":"SMITH"},{"data":"Acrobatics","floor":25.0,"key":"SMITH"},{"data":"Grand Finale","floor":28.0,"key":"SMITH"},{"data":"Backflip","floor":32.0,"key":"SMITH"},{"data":"Acrobatics","floor":40.0,"key":"SMITH"},{"data":"Tactician","floor":49.0,"key":"SMITH"}],"circlet_count":0,"master_deck":["AscendersBane","Defend_G","Defend_G","Survivor","Neutralize","Dagger Throw","Reflex+1","Footwork","Prepared+1","Eviscerate+1","Underhanded Strike","PiercingWail","After Image","Underhanded Strike","Acrobatics+1","Injury","Grand Finale+1","Backflip+1","Acrobatics+1","Tactician+1","Grand Finale"],"relics":["Ring of the Snake","Lantern","Ninja Scroll","Cursed Key","Tiny Chest","Potion Belt","Sozu","Prayer Wheel","Blue Candle"],"acts_visited":["Exordium","TheCity","TheBeyond"],"potions_floor_usage":[50],"damage_taken":[{"damage":4.0,"enemies":"Jaw Worm","floor":1.0,"turns":7.0},{"damage":1.0,"enemies":"Cultist","floor":2.0,"turns":4.0},{"damage":4.0,"enemies":"Small Slimes","floor":4.0,"turns":4.0},{"damage":2.0,"enemies":"Blue Slaver","floor":5.0,"turns":4.0},{"damage":2.0,"enemies":"2 Fungi Beasts","floor":8.0,"turns":6.0},{"damage":0.0,"enemies":"3 Louse","floor":12.0,"turns":4.0},{"damage":0.0,"enemies":"Gremlin Nob","floor":14.0,"turns":2.0},{"damage":15.0,"enemies":"Hexaghost","floor":16.0,"turns":10.0},{"damage":0.0,"enemies":"3 Byrds","floor":18.0,"turns":5.0},{"damage":0.0,"enemies":"Spheric Guardian","floor":20.0,"turns":3.0},{"damage":0.0,"enemies":"Cultist and Chosen","floor":21.0,"turns":6.0},{"damage":3.0,"enemies":"Book of Stabbing","floor":23.0,"turns":5.0},{"damage":6.0,"enemies":"Gremlin Leader","floor":27.0,"turns":6.0},{"damage":0.0,"enemies":"Centurion and Healer","floor":31.0,"turns":3.0},{"damage":16.0,"enemies":"Champ","floor":33.0,"turns":9.0},{"damage":0.0,"enemies":"Orb Walker","floor":35.0,"turns":1.0},{"damage":0.0,"enemies":"Mind Bloom Boss Battle","floor":36.0,"turns":4.0},{"damage":12.0,"enemies":"3 Shapes","floor":37.0,"turns":4.0},{"damage":12.0,"enemies":"Maw","floor":39.0,"turns":4.0},{"damage":0.0,"enemies":"4 Shapes","floor":45.0,"turns":1.0},{"damage":0.0,"enemies":"Giant Head","floor":46.0,"turns":4.0},{"damage":7.0,"enemies":"Jaw Worm Horde","floor":48.0,"turns":3.0},{"damage":20,"enemies":"Time Eater","floor":50,"turns":6}],"seed_played":"-4218302924802030290","potions_obtained":[{"floor":1.0,"key":"LiquidMemories"},{"floor":2.0,"key":"ColorlessPotion"},{"floor":5.0,"key":"Dexterity Potion"},{"floor":14.0,"key":"ColorlessPotion"},{"floor":18.0,"key":"FairyPotion"},{"floor":33.0,"key":"Dexterity Potion"}],"is_trial":false,"path_per_floor":["M","M","$","M","M","R","?","M","T","?","R","M","$","E","R","B",null,"M","$","M","M","?","E","?","R","T","E","R","$","?","M","R","B",null,"M","?","M","T","M","R","T","$","T","?","M","E","T","M","R","B",null],"character_chosen":"THE_SILENT","items_purchased":["Underhanded Strike"],"campfire_rested":0,"item_purchase_floors":[13],"current_hp_per_floor":[55,54,54,50,48,48,48,46,46,46,46,46,46,46,46,31,57,57,57,57,57,57,54,54,54,54,48,48,48,48,48,48,32,58,58,58,46,46,34,34,34,34,34,34,34,34,34,27,27,7],"gold":136,"neow_bonus":"REMOVE_TWO","is_daily":false,"chose_seed":false,"campfire_upgraded":8,"win_rate":0.0,"timestamp":1613160709,"path_taken":["M","M","$","M","M","R","?","M","T","?","R","M","$","E","R","BOSS","M","$","?","M","?","E","?","R","T","E","R","$","?","M","R","BOSS","M","?","M","?","M","R","?","?","T","?","M","E","?","M","R","BOSS"],"items_purchased_type":["Card"],"build_version":"2020-12-22","purchased_purges":4,"victory":true,"max_hp_per_floor":[66,66,66,66,66,66,66,66,66,66,66,66,66,66,66,66,66,66,66,66,66,66,66,66,66,66,66,66,66,66,66,66,66,66,66,66,66,66,66,66,66,66,66,63,63,63,63,63,63,63],"card_choices":[{"not_picked":["Quick Slash","Deflect"],"picked":"Dagger Throw","floor":1.0},{"not_picked":["Outmaneuver","After Image"],"picked":"Reflex","floor":2.0},{"not_picked":["Quick Slash","Distraction"],"picked":"Footwork","floor":4.0},{"not_picked":["Dash","Infinite Blades"],"picked":"Prepared","floor":5.0},{"not_picked":["Distraction","Sucker Punch","Leg Sweep"],"picked":"SKIP","floor":8.0},{"not_picked":["Deadly Poison","Sucker Punch"],"picked":"Eviscerate","floor":12.0},{"not_picked":["Caltrops","Cloak And Dagger"],"picked":"PiercingWail","floor":14.0},{"not_picked":["Unload","Storm of Steel"],"picked":"After Image","floor":16.0},{"not_picked":["Deflect","Bane"],"picked":"Underhanded Strike","floor":18.0},{"not_picked":["Eviscerate","Outmaneuver","Malaise"],"picked":"SKIP","floor":20.0},{"not_picked":["Dagger Throw","Setup","Riddle With Holes"],"picked":"SKIP","floor":21.0},{"not_picked":["Choke","Accuracy"],"picked":"Acrobatics","floor":23.0},{"not_picked":["Dagger Throw","Burst"],"picked":"Grand Finale","floor":27.0},{"not_picked":["Dagger Spray","Poisoned Stab"],"picked":"Backflip","floor":31.0},{"not_picked":["Backstab+1","Skewer","Dagger Throw"],"picked":"SKIP","floor":35.0},{"not_picked":["Outmaneuver","Dagger Throw+1"],"picked":"Acrobatics","floor":37.0},{"not_picked":["Backflip","Dagger Spray","Crippling Poison"],"picked":"SKIP","floor":37.0},{"not_picked":["Dodge and Roll","Tools of the Trade","Deadly Poison"],"picked":"SKIP","floor":39.0},{"not_picked":["PiercingWail","Quick Slash+1","Leg Sweep"],"picked":"SKIP","floor":39.0},{"not_picked":["Choke","Bane+1","PiercingWail"],"picked":"SKIP","floor":45.0},{"not_picked":["Cloak And Dagger","Bane+1","Expertise+1"],"picked":"SKIP","floor":45.0},{"not_picked":["Deflect+1","Slice","Sucker Punch"],"picked":"SKIP","floor":46.0},{"not_picked":["Deadly Poison","Backflip+1"],"picked":"Tactician","floor":48.0},{"not_picked":["Slice","Heel Hook"],"picked":"Grand Finale","floor":48.0}],"player_experience":230764,"relics_obtained":[{"floor":9.0,"key":"Lantern"},{"floor":14.0,"key":"Ninja Scroll"},{"floor":23.0,"key":"Tiny Chest"},{"floor":27.0,"key":"Potion Belt"},{"floor":36.0,"key":"Prayer Wheel"},{"floor":46.0,"key":"Blue Candle"}],"event_choices":[{"cards_removed":["Strike_G"],"damage_healed":0.0,"max_hp_gain":0.0,"max_hp_loss":0.0,"gold_gain":0.0,"event_name":"Living Wall","player_choice":"Forget","floor":7.0,"gold_loss":0.0,"damage_taken":0.0},{"damage_healed":0.0,"max_hp_gain":0.0,"max_hp_loss":0.0,"gold_gain":50.0,"event_name":"Golden Shrine","player_choice":"Pray","floor":10.0,"gold_loss":0.0,"damage_taken":0.0},{"cards_removed":["Strike_G"],"damage_healed":0.0,"max_hp_gain":0.0,"max_hp_loss":0.0,"gold_gain":0.0,"event_name":"Beggar","player_choice":"Gave Gold","floor":22.0,"gold_loss":75.0,"damage_taken":0.0},{"damage_healed":0.0,"max_hp_gain":0.0,"max_hp_loss":0.0,"gold_gain":50.0,"event_name":"Nest","player_choice":"Stole From Cult","floor":24.0,"gold_loss":0.0,"damage_taken":0.0},{"damage_healed":0.0,"max_hp_gain":0.0,"max_hp_loss":0.0,"gold_gain":0.0,"event_name":"Vampires","player_choice":"Ignored","floor":30.0,"gold_loss":0.0,"damage_taken":0.0},{"damage_healed":0.0,"max_hp_gain":0.0,"max_hp_loss":0.0,"gold_gain":0.0,"event_name":"MindBloom","player_choice":"Fight","floor":36.0,"gold_loss":0.0,"damage_taken":0.0},{"damage_healed":0.0,"max_hp_gain":0.0,"max_hp_loss":3.0,"gold_gain":0.0,"event_name":"Winding Halls","player_choice":"Max HP","floor":44.0,"gold_loss":0.0,"damage_taken":0.0}],"is_beta":false,"boss_relics":[{"not_picked":["Busted Crown","SacredBark"],"picked":"Cursed Key"},{"not_picked":["Ring of the Serpent","Snecko Eye"],"picked":"Sozu"}],"items_purged_floors":[13,19,29,42],"is_endless":false,"potions_floor_spawned":[1,2,5,14,18,23,33,35,37,39],"ascension_level":17}}