{"host":"ul3z8ex5o8l5j7mh","time":1613146154,"event":{"mods":["AchievementEnabler","BaseMod","Bestiary","Colored Map","Colored Powertips","DeckTracker","Keyboard Shortcuts","Minty Spire (QoL Compilation)","Relic Sorter","Relic Stats","SuperFastMode"],"gold_per_floor":[110,125,138,63,83,118,118,118,144,169,184,230,230,130,130,130,130],"floor_reached":16,"language":"ENG","playtime":599,"items_purged":["Strike_R","Defend_R"],"score":127,"play_id":"cf35f056-84c2-4340-ab49-844f129fa41a","local_time":"20210212170914","is_ascension_mode":true,"campfire_choices":[{"data":"Berserk","floor":8,"key":"SMITH"},{"floor":13,"key":"REST"},{"floor":15,"key":"REST"}],"circlet_count":0,"master_deck":["Strike_R","Strike_R","Strike_R","Defend_R","Defend_R","Defend_R","Bash","Evolve","Inflame","Wild Strike","Cleave","Feel No Pain","Berserk+1","Pommel Strike","Cleave"],"relics":["Burning Blood","Tiny Chest","Anchor","Pen Nib"],"acts_visited":["Exordium"],"potions_floor_usage":[3,3,5,10],"damage_taken":[{"damage":9,"enemies":"2 Louse","floor":1,"turns":3},{"damage":16,"enemies":"Cultist","floor":2,"turns":4},{"damage":10,"enemies":"Small Slimes","floor":3,"turns":3},{"damage":5,"enemies":"Looter","floor":5,"turns":4},{"damage":16,"enemies":"Gremlin Nob","floor":6,"turns":3},{"damage":31,"enemies":"3 Sentries","floor":10,"turns":6},{"damage":23,"enemies":"Lots of Slimes","floor":11,"turns":3},{"damage":68,"enemies":"The Guardian","floor":16,"turns":8}],"seed_played":"-2993978347587095071","potions_obtained":[{"floor":1,"key":"LiquidBronze"},{"floor":2,"key":"PowerPotion"},{"floor":3,"key":"EssenceOfSteel"},{"floor":6,"key":"Swift Potion"}],"is_trial":false,"path_per_floor":["M","M","M","$","M","E","?","R","T","E","M","T","R","$","R","B"],"character_chosen":"IRONCLAD","items_purchased":[],"campfire_rested":2,"item_purchase_floors":[],"current_hp_per_floor":[85,75,71,71,72,62,62,62,62,37,20,20,46,46,72,4,4],"gold":130,"neow_bonus":"TEN_PERCENT_HP_BONUS","is_daily":false,"chose_seed":false,"campfire_upgraded":1,"win_rate":0.0,"timestamp":1613146154,"path_taken":["M","M","M","$","M","E","?","R","T","E","?","?","R","$","R","BOSS"],"items_purchased_type":[],"build_version":"2020-12-22","purchased_purges":2,"victory":false,"max_hp_per_floor":[88,88,88,88,88,88,88,88,88,88,88,88,88,88,88,88,88],"relic_stats":{"counters":[8,34],"Tiny Chest":0,"Pen Nib":[1],"obtain_stats":[{"Anchor":10,"Tiny Chest":6,"Pen Nib":12,"Burning Blood":0},{"Anchor":6,"Tiny Chest":5,"Pen Nib":7,"Burning Blood":0},{"Anchor":23,"Tiny Chest":17,"Pen Nib":26,"Burning Blood":0}],"Burning Blood":42},"card_choices":[{"not_picked":["Second Wind","True Grit"],"picked":"Evolve","floor":1},{"not_picked":["Uppercut","Headbutt"],"picked":"Inflame","floor":2},{"not_picked":["Whirlwind","Twin Strike"],"picked":"Wild Strike","floor":3},{"not_picked":["Power Through","Sword Boomerang"],"picked":"Cleave","floor":5},{"not_picked":["Seeing Red","Headbutt"],"picked":"Feel No Pain","floor":6},{"not_picked":["Headbutt","Anger"],"picked":"Pommel Strike","floor":10},{"not_picked":["Armaments","Flex"],"picked":"Cleave","floor":11}],"player_experience":347511,"relics_obtained":[{"floor":6,"key":"Tiny Chest"},{"floor":10,"key":"Anchor"},{"floor":12,"key":"Pen Nib"}],"event_choices":[{"damage_healed":0,"gold_gain":0,"cards_transformed":["Strike_R"],"player_choice":"Transformed","damage_taken":0,"max_hp_gain":0,"max_hp_loss":0,"event_name":"Transmorgrifier","floor":7,"gold_loss":0,"cards_obtained":["Berserk"]}],"is_beta":false,"boss_relics":[],"items_purged_floors":[4,14],"is_endless":false,"potions_floor_spawned":[1,2,3,6],"killed_by":"The Guardian","ascension_level":3}}