{"host":"4epvxsx6d4oxmc67","time":1613167907,"event":{"mods":["AchievementEnabler","BaseMod","Colored Map","Highlight Path","Minty Spire (QoL Compilation)"],"gold_per_floor":[109,109,129,143,153,153,183,183,183,193,45,120,139,154,154,254,254,269,281,41,60,60,80,95,115,186,202,127,49,49,31,31,129,129,143,143,143],"floor_reached":36,"language":"ENG","playtime":1918,"items_purged":["Strike_R"],"score":463,"play_id":"450dc1fc-d728-451a-9d72-1e77f8ae0b0c","local_time":"20210212221147","is_ascension_mode":true,"campfire_choices":[{"data":"Pummel","floor":6.0,"key":"SMITH"},{"data":"Sword Boomerang","floor":8.0,"key":"SMITH"},{"data":"Seeing Red","floor":15.0,"key":"SMITH"},{"data":"Armaments","floor":30.0,"key":"SMITH"},{"data":"Twin Strike","floor":32.0,"key":"SMITH"}],"circlet_count":0,"master_deck":["Strike_R","Strike_R","Strike_R","Defend_R","Defend_R","Defend_R","Defend_R","Bash","Pummel+1","Sword Boomerang+1","Burning Pact","Shockwave","Feel No Pain","Pommel Strike","Seeing Red+1","Demon Form","Battle Trance+1","Impervious","Armaments+1","Inflame","Rupture","Clothesline+1","Shrug It Off","Twin Strike+1","Brutality"],"relics":["Black Blood","MealTicket","Boot","Mummified Hand","ClockworkSouvenir","Coffee Dripper","The Courier"],"acts_visited":["Exordium","TheCity","TheBeyond"],"potions_floor_usage":[33,33],"damage_taken":[{"damage":0.0,"enemies":"Small Slimes","floor":1.0,"turns":3.0},{"damage":1.0,"enemies":"Cultist","floor":3.0,"turns":3.0},{"damage":14.0,"enemies":"Jaw Worm","floor":4.0,"turns":4.0},{"damage":20.0,"enemies":"3 Louse","floor":5.0,"turns":6.0},{"damage":29.0,"enemies":"3 Sentries","floor":7.0,"turns":8.0},{"damage":10.0,"enemies":"Exordium Thugs","floor":10.0,"turns":5.0},{"damage":3.0,"enemies":"Looter","floor":13.0,"turns":2.0},{"damage":0.0,"enemies":"Large Slime","floor":14.0,"turns":4.0},{"damage":42.0,"enemies":"The Guardian","floor":16.0,"turns":13.0},{"damage":16.0,"enemies":"Shell Parasite","floor":18.0,"turns":4.0},{"damage":17.0,"enemies":"3 Byrds","floor":19.0,"turns":3.0},{"damage":10.0,"enemies":"Shelled Parasite and Fungi","floor":21.0,"turns":7.0},{"damage":8.0,"enemies":"Snecko","floor":23.0,"turns":4.0},{"damage":1.0,"enemies":"Chosen and Byrds","floor":24.0,"turns":4.0},{"damage":19.0,"enemies":"Centurion and Healer","floor":25.0,"turns":6.0},{"damage":3.0,"enemies":"3 Cultists","floor":27.0,"turns":4.0},{"damage":7,"enemies":"Champ","floor":33,"turns":8},{"damage":37,"enemies":"3 Shapes","floor":35,"turns":5},{"damage":67,"enemies":"2 Orb Walkers","floor":36,"turns":4}],"seed_played":"-8255791615435425029","potions_obtained":[{"floor":3.0,"key":"Dexterity Potion"},{"floor":5.0,"key":"SteroidPotion"},{"floor":7.0,"key":"Weak Potion"},{"floor":14.0,"key":"Strength Potion"},{"floor":16.0,"key":"FearPotion"},{"floor":23.0,"key":"Strength Potion"},{"floor":24.0,"key":"BlessingOfTheForge"},{"floor":25.0,"key":"LiquidMemories"},{"floor":27.0,"key":"Swift Potion"}],"is_trial":false,"path_per_floor":["M","?","M","M","M","R","E","R","T","M","$","?","M","M","R","B",null,"M","M","$","M","?","M","M","M","T","M","?","$","R","$","R","B",null,"M","?"],"character_chosen":"IRONCLAD","items_purchased":["ClockworkSouvenir","Impervious","Armaments","CultistPotion","Twin Strike"],"campfire_rested":0,"item_purchase_floors":[11,20,20,29,31],"current_hp_per_floor":[80,80,80,72,58,58,35,35,35,31,46,35,38,44,44,8,62,52,41,56,52,46,44,49,36,36,39,39,54,54,69,69,68,77,52,0,0],"gold":143,"neow_bonus":"RANDOM_COMMON_RELIC","is_daily":false,"chose_seed":false,"campfire_upgraded":5,"win_rate":0.0,"timestamp":1613167907,"path_taken":["M","?","M","M","?","R","E","R","T","M","$","?","M","M","R","BOSS","M","M","$","M","?","M","M","M","T","?","?","$","R","$","R","BOSS","M","?"],"items_purchased_type":["Relic","Card","Card","Potion","Card"],"build_version":"2020-12-22","purchased_purges":1,"victory":false,"max_hp_per_floor":[80,80,80,80,80,80,80,80,80,80,80,80,80,80,80,80,80,80,80,80,80,80,80,80,80,80,80,80,80,80,80,80,80,80,80,80,80],"card_choices":[{"not_picked":["Twin Strike","Headbutt"],"picked":"Pummel","floor":1.0},{"not_picked":["Searing Blow","True Grit"],"picked":"Sword Boomerang","floor":3.0},{"not_picked":["Anger","Heavy Blade"],"picked":"Burning Pact","floor":4.0},{"not_picked":["Flex","Searing Blow"],"picked":"Shockwave","floor":5.0},{"not_picked":["Headbutt","Bludgeon"],"picked":"Feel No Pain","floor":7.0},{"not_picked":["Anger","Power Through"],"picked":"Pommel Strike","floor":10.0},{"not_picked":["Warcry","Dropkick","Pommel Strike"],"picked":"SKIP","floor":13.0},{"not_picked":["Wild Strike","Cleave"],"picked":"Seeing Red","floor":14.0},{"not_picked":["Berserk","Immolate"],"picked":"Demon Form","floor":16.0},{"not_picked":["True Grit","Sword Boomerang"],"picked":"Battle Trance+1","floor":18.0},{"not_picked":["Anger","Dropkick","Warcry+1"],"picked":"SKIP","floor":19.0},{"not_picked":["Cleave+1","Bludgeon"],"picked":"Inflame","floor":21.0},{"not_picked":["Pummel","Thunderclap"],"picked":"Rupture","floor":23.0},{"not_picked":["Rampage","Battle Trance"],"picked":"Clothesline+1","floor":24.0},{"not_picked":["Perfected Strike","Clash"],"picked":"Shrug It Off","floor":25.0},{"not_picked":["Rupture","Headbutt","Perfected Strike"],"picked":"SKIP","floor":27.0},{"not_picked":["Exhume","Fiend Fire"],"picked":"Brutality","floor":33},{"not_picked":["Havoc","Headbutt","Wild Strike+1"],"picked":"SKIP","floor":35}],"player_experience":100778,"relics_obtained":[{"floor":7.0,"key":"Boot"},{"floor":9.0,"key":"Mummified Hand"},{"floor":26.0,"key":"The Courier"}],"event_choices":[{"damage_healed":0.0,"max_hp_gain":0.0,"max_hp_loss":0.0,"gold_gain":0.0,"event_name":"WeMeetAgain","player_choice":"Ignored","floor":2.0,"gold_loss":0.0,"damage_taken":0.0},{"damage_healed":0.0,"max_hp_gain":0.0,"max_hp_loss":0.0,"gold_gain":75.0,"event_name":"World of Goop","player_choice":"Gather Gold","floor":12.0,"gold_loss":0.0,"damage_taken":11.0},{"damage_healed":0.0,"max_hp_gain":0.0,"max_hp_loss":0.0,"gold_gain":0.0,"event_name":"Knowing Skull","player_choice":"","floor":22.0,"potions_obtained":[],"gold_loss":0.0,"damage_taken":6.0,"cards_obtained":[]},{"cards_removed":["Strike_R"],"damage_healed":0.0,"max_hp_gain":0.0,"max_hp_loss":0.0,"gold_gain":0.0,"event_name":"Beggar","player_choice":"Gave Gold","floor":28.0,"gold_loss":75.0,"damage_taken":0.0},{"damage_healed":0,"gold_gain":0,"player_choice":"Fight","damage_taken":0,"max_hp_gain":0,"max_hp_loss":0,"event_name":"Mysterious Sphere","floor":36,"gold_loss":0}],"is_beta":false,"boss_relics":[{"not_picked":["Velvet Choker","Astrolabe"],"picked":"Coffee Dripper"},{"not_picked":["Calling Bell","Runic Dome"],"picked":"Black Blood"}],"items_purged_floors":[20],"is_endless":false,"potions_floor_spawned":[3,5,7,14,16,23,24,25,27],"killed_by":"2 Orb Walkers","ascension_level":5}}