{"host":"6gwm7y0tp7acoxay","time":1613113535,"event":{"mods":["BaseMod","Colored Map","Keyboard Shortcuts","Minty Spire (QoL Compilation)","Quick Restart","StSLib","SuperFastMode","everything is the same but u backflip on backflip"],"gold_per_floor":[116,191,40,40,40,40,40,40],"floor_reached":7,"language":"KOR","playtime":145,"items_purged":[],"score":74,"play_id":"3ead7e1c-6295-4960-97f7-935cd16e276b","local_time":"20210212160535","daily_mods":["SealedDeck","Heirloom","Flight"],"is_ascension_mode":true,"campfire_choices":[{"data":"Armaments","floor":6.0,"key":"SMITH"}],"circlet_count":0,"master_deck":["AscendersBane","Twin Strike","Sword Boomerang","Ghostly Armor","Flex","Headbutt","Burning Pact","Second Wind","Flame Barrier","Searing Blow","Shrug It Off","Armaments+1","Impatience"],"relics":["Burning Blood","Turnip","SsserpentHead"],"acts_visited":["Exordium"],"potions_floor_usage":[],"damage_taken":[{"damage":0.0,"enemies":"Cultist","floor":1.0,"turns":3.0},{"damage":34,"enemies":"Gremlin Nob","floor":7,"turns":4}],"seed_played":"6243381052150890650","potions_obtained":[],"is_trial":true,"path_per_floor":["M","?","$","?","?","R","E"],"character_chosen":"IRONCLAD","items_purchased":["Armaments","Impatience"],"campfire_rested":0,"item_purchase_floors":[3,3],"current_hp_per_floor":[74,63,63,63,63,63,29,29],"gold":40,"neow_bonus":"","is_daily":false,"chose_seed":false,"campfire_upgraded":1,"win_rate":0.0,"timestamp":1613113535,"path_taken":["M","?","$","?","?","R","E"],"items_purchased_type":["Card","Card"],"build_version":"2020-12-22","purchased_purges":0,"victory":false,"max_hp_per_floor":[75,75,75,75,75,75,75,75],"card_choices":[{"not_picked":["Heavy Blade","Searing Blow","Havoc"],"picked":"SKIP","floor":1.0}],"player_experience":4529064,"relics_obtained":[],"event_choices":[{"damage_healed":0.0,"max_hp_gain":0.0,"max_hp_loss":0.0,"gold_gain":75.0,"event_name":"World of Goop","player_choice":"Gather Gold","floor":2.0,"gold_loss":0.0,"damage_taken":11.0},{"damage_healed":0.0,"max_hp_gain":0.0,"max_hp_loss":0.0,"gold_gain":0.0,"event_name":"The Cleric","player_choice":"Leave","floor":4.0,"gold_loss":0.0,"damage_taken":0.0},{"damage_healed":0.0,"max_hp_gain":0.0,"max_hp_loss":0.0,"gold_gain":0.0,"event_name":"FaceTrader","player_choice":"Trade","floor":5.0,"gold_loss":0.0,"damage_taken":0.0,"relics_obtained":["SsserpentHead"]}],"is_beta":false,"boss_relics":[],"items_purged_floors":[],"is_endless":false,"potions_floor_spawned":[],"killed_by":"Gremlin Nob","ascension_level":20}}