{"host":"3hzk4hwwdropes3d","time":1613115092,"event":{"mods":["BaseMod","Downfall","Hermit","Minty Spire (QoL Compilation)","StSLib"],"gold_per_floor":[99,99,99,99,99,99,125,25,25,25,25,57,68,68,82,82,82,82],"floor_reached":16,"language":"ENG","playtime":453,"items_purged":[],"score":108,"play_id":"0004c755-1ba2-4a51-aaa2-6a037000383b","local_time":"20210211233132","is_ascension_mode":true,"campfire_choices":[{"floor":1,"key":"RECALL"},{"data":"champ:Taunt","floor":6,"key":"SMITH"},{"data":"champ:Defend","floor":8,"key":"SMITH"}],"circlet_count":0,"master_deck":["champ:Strike","champ:Strike","champ:Strike","champ:Strike","champ:Defend+1","champ:Defend","champ:Defend+1","champ:Defend","champ:Execute+1","champ:Taunt+1","champ:BerserkersShout+1","downfall:Malfunctioning","champ:Haymaker+1","champ:PreciseThrust+1","champ:FanOfKnives+1","champ:BerserkerStyle"],"relics":["champ:ChampionCrown","downfall:HeartsMalice","downfall:BrokenWingStatue","Lantern","downfall:HeartBlessingRed","Molten Egg 2","hexamod:CandleOfCauterizing"],"acts_visited":["Exordium"],"potions_floor_usage":[16],"damage_taken":[{"damage":0,"enemies":"2 Louse","floor":2,"turns":1},{"damage":0,"enemies":"Small Slimes","floor":10,"turns":1},{"damage":0,"enemies":"Cultist","floor":11,"turns":1},{"damage":87,"enemies":"Lagavulin","floor":12,"turns":6},{"damage":10,"enemies":"3 Louse","floor":13,"turns":2},{"damage":4,"enemies":"Exordium Wildlife","floor":15,"turns":2},{"damage":81,"enemies":"DF_ARCHETYPE_STREAMLINE","floor":16,"turns":6}],"seed_played":"8025604745031946974","potions_obtained":[{"floor":12,"key":"AttackPotion"}],"is_trial":false,"path_per_floor":["R","M","?","?","?","R","T","R","T","M","M","E","M","?","M","B"],"character_chosen":"THE_CHAMP","items_purchased":[],"campfire_rested":0,"item_purchase_floors":[],"current_hp_per_floor":[90,90,90,90,90,90,90,90,90,90,90,43,43,73,69,0,0,0],"gold":82,"neow_bonus":"THREE_ENEMY_KILL","is_daily":false,"chose_seed":false,"campfire_upgraded":2,"win_rate":0.0,"timestamp":1613115092,"path_taken":["R","M","?","?","?","R","T","R","?","M","?","E","M","?","M","BOSS"],"items_purchased_type":[],"build_version":"2020-12-22","purchased_purges":0,"victory":false,"max_hp_per_floor":[90,90,90,90,90,90,90,90,90,90,90,90,90,90,90,90,90,90],"card_choices":[{"not_picked":["champ:IronFortress","champ:EnGarde"],"picked":"champ:BerserkersShout","floor":2},{"not_picked":["champ:Shatter+1","champ:PerfectedStrike+1"],"picked":"champ:Haymaker+1","floor":10},{"not_picked":["champ:TornadoPunch+1","champ:EndlessRage"],"picked":"champ:PreciseThrust+1","floor":11},{"not_picked":["champ:GutPunch+1","champ:IronFortress","champ:PreemptiveStrike+1"],"picked":"SKIP","floor":12},{"not_picked":["champ:GutPunch+1","champ:IronFortress","champ:PreemptiveStrike+1"],"picked":"SKIP","floor":12},{"not_picked":["champ:Lariat","champ:EnragedBash+1"],"picked":"champ:FanOfKnives+1","floor":13},{"not_picked":["champ:PerfectedStrike+1","champ:FanOfKnives+1"],"picked":"champ:BerserkerStyle","floor":15}],"player_experience":389586,"relics_obtained":[{"floor":7,"key":"Lantern"},{"floor":9,"key":"Molten Egg 2"},{"floor":12,"key":"hexamod:CandleOfCauterizing"}],"event_choices":[{"damage_healed":30,"gold_gain":0,"player_choice":"Banana","damage_taken":0,"max_hp_gain":0,"max_hp_loss":0,"event_name":"Big Fish","floor":14,"gold_loss":0}],"is_beta":false,"boss_relics":[],"items_purged_floors":[],"is_endless":false,"potions_floor_spawned":[12],"killed_by":"DF_ARCHETYPE_STREAMLINE","ascension_level":3}}