{"host":"9l1knhxfturzliqa","time":1613097593,"event":{"mods":["AchievementEnabler","BaseMod","Colored Map","Colored Powertips","DeckTracker","Highlight Path","Keyboard Shortcuts","Minty Spire (QoL Compilation)","Random Character Button"],"gold_per_floor":[110,125,125,135,154,154,154,174,174,174,189,203,222,240,240,342,342,324,342,342,354,402,430,430,430,430,440,473,473,473,473],"floor_reached":30,"language":"KOR","playtime":1737,"items_purged":[],"score":437,"play_id":"0dff508d-91e4-4846-9175-16149f56747a","local_time":"20210212113953","is_ascension_mode":true,"campfire_choices":[{"data":"Dualcast","floor":6.0,"key":"SMITH"},{"data":"Zap","floor":15.0,"key":"SMITH"},{"data":"Buffer","floor":25.0,"key":"SMITH"}],"circlet_count":0,"master_deck":["AscendersBane","Strike_B+1","Defend_B","Defend_B","Zap+1","Dualcast+1","Coolheaded","Go for the Eyes","Conserve Battery","Cold Snap+1","Self Repair","Steam","Capacitor","Core Surge","Hologram","Ghostly","Ghostly","Ghostly","Ghostly","Ghostly","Ball Lightning","Buffer+1","Loop","Glacier+1"],"relics":["Cracked Core","Emotion Chip","Black Star","Omamori","Ornamental Fan","Unceasing Top","Singing Bowl","Anchor","Bottled Lightning","Smiling Mask"],"acts_visited":["Exordium","TheCity"],"potions_floor_usage":[28],"damage_taken":[{"damage":5.0,"enemies":"Small Slimes","floor":1.0,"turns":4.0},{"damage":0.0,"enemies":"Cultist","floor":2.0,"turns":3.0},{"damage":0.0,"enemies":"2 Louse","floor":4.0,"turns":4.0},{"damage":5.0,"enemies":"Red Slaver","floor":5.0,"turns":4.0},{"damage":5.0,"enemies":"Exordium Wildlife","floor":8.0,"turns":3.0},{"damage":0.0,"enemies":"3 Louse","floor":11.0,"turns":3.0},{"damage":1.0,"enemies":"2 Fungi Beasts","floor":12.0,"turns":3.0},{"damage":0.0,"enemies":"Looter","floor":13.0,"turns":3.0},{"damage":2.0,"enemies":"Large Slime","floor":14.0,"turns":7.0},{"damage":18.0,"enemies":"Slime Boss","floor":16.0,"turns":11.0},{"damage":26.0,"enemies":"2 Thieves","floor":18.0,"turns":4.0},{"damage":24.0,"enemies":"3 Byrds","floor":19.0,"turns":8.0},{"damage":0.0,"enemies":"Snake Plant","floor":21.0,"turns":8.0},{"damage":26.0,"enemies":"Gremlin Leader","floor":23.0,"turns":10.0},{"damage":5.0,"enemies":"Centurion and Healer","floor":27.0,"turns":11.0},{"damage":3,"enemies":"Slavers","floor":28,"turns":8},{"damage":26,"enemies":"3 Cultists","floor":30,"turns":7}],"seed_played":"-716838362958834242","potions_obtained":[{"floor":5.0,"key":"EssenceOfDarkness"},{"floor":10.0,"key":"DuplicationPotion"},{"floor":10.0,"key":"Block Potion"},{"floor":11.0,"key":"Regen Potion"},{"floor":14.0,"key":"Fire Potion"},{"floor":21.0,"key":"FocusPotion"},{"floor":23.0,"key":"FearPotion"}],"is_trial":false,"path_per_floor":["M","M","?","M","M","R","?","M","T","?","M","M","M","M","R","B",null,"M","M","?","M","T","E","?","R","T","M","E","?","M"],"character_chosen":"DEFECT","items_purchased":[],"campfire_rested":0,"item_purchase_floors":[],"current_hp_per_floor":[45,45,45,45,40,40,25,20,20,20,20,26,33,38,38,27,63,44,27,27,34,34,15,15,15,15,19,23,23,0,0],"gold":473,"neow_bonus":"REMOVE_TWO","is_daily":false,"chose_seed":false,"campfire_upgraded":3,"win_rate":0.0,"timestamp":1613097593,"path_taken":["M","M","?","?","M","R","?","M","T","?","M","M","M","M","R","BOSS","M","M","?","M","?","E","?","R","T","M","E","?","M"],"items_purchased_type":[],"build_version":"2020-12-22","purchased_purges":0,"victory":false,"max_hp_per_floor":[75,75,75,75,75,75,75,75,75,75,75,75,75,75,75,75,75,75,75,37,37,37,37,37,37,37,39,39,39,39,39],"card_choices":[{"not_picked":["Gash","Go for the Eyes"],"picked":"Coolheaded","floor":1.0},{"not_picked":["Gash","Leap"],"picked":"Go for the Eyes","floor":2.0},{"not_picked":["Sweeping Beam","Heatsinks"],"picked":"Conserve Battery","floor":4.0},{"not_picked":["All For One","Turbo"],"picked":"Cold Snap","floor":5.0},{"not_picked":["Rip and Tear","Conserve Battery"],"picked":"Self Repair","floor":8.0},{"not_picked":["Go for the Eyes","Barrage","Recycle"],"picked":"SKIP","floor":11.0},{"not_picked":["Reprogram","Steam Power"],"picked":"Steam","floor":12.0},{"not_picked":["Rebound","Hologram"],"picked":"Capacitor","floor":13.0},{"not_picked":["Turbo","Hello World","Conserve Battery"],"picked":"SKIP","floor":14.0},{"not_picked":["Amplify","All For One"],"picked":"Core Surge","floor":16.0},{"not_picked":["Steam","Skim"],"picked":"Hologram","floor":18.0},{"not_picked":["Go for the Eyes","Rebound","Gash"],"picked":"SKIP","floor":19.0},{"not_picked":["Rebound","Steam"],"picked":"Ball Lightning","floor":21.0},{"not_picked":["Ball Lightning","Cold Snap","Gash"],"picked":"SKIP","floor":23.0},{"not_picked":["Hyperbeam","Sweeping Beam","Beam Cell"],"picked":"Singing Bowl","floor":27.0},{"not_picked":["Gash","Turbo"],"picked":"Glacier+1","floor":28}],"player_experience":679558,"relics_obtained":[{"floor":9.0,"key":"Emotion Chip"},{"floor":22.0,"key":"Omamori"},{"floor":23.0,"key":"Ornamental Fan"},{"floor":23.0,"key":"Unceasing Top"},{"floor":26.0,"key":"Singing Bowl"},{"floor":28,"key":"Anchor"},{"floor":28,"key":"Bottled Lightning"}],"event_choices":[{"cards_removed":["Strike_B"],"damage_healed":0.0,"max_hp_gain":0.0,"max_hp_loss":0.0,"gold_gain":0.0,"event_name":"Purifier","player_choice":"Purged","floor":3.0,"gold_loss":0.0,"damage_taken":0.0},{"damage_healed":0.0,"max_hp_gain":0.0,"max_hp_loss":0.0,"gold_gain":0.0,"event_name":"Shining Light","player_choice":"Entered Light","floor":7.0,"gold_loss":0.0,"damage_taken":15.0,"cards_upgraded":["Cold Snap","Strike_B"]},{"damage_healed":0.0,"max_hp_gain":0.0,"max_hp_loss":0.0,"gold_gain":0.0,"event_name":"Lab","player_choice":"Got Potions","floor":10.0,"gold_loss":0.0,"damage_taken":0.0},{"damage_healed":0.0,"max_hp_gain":0.0,"max_hp_loss":38.0,"gold_gain":0.0,"event_name":"Ghosts","player_choice":"Became a Ghost","floor":20.0,"gold_loss":0.0,"damage_taken":0.0,"cards_obtained":["Ghostly","Ghostly","Ghostly","Ghostly","Ghostly"]},{"damage_healed":0.0,"max_hp_gain":0.0,"max_hp_loss":0.0,"gold_gain":0.0,"cards_transformed":["Defend_B","Strike_B"],"event_name":"Drug Dealer","player_choice":"Became Test Subject","floor":24.0,"gold_loss":0.0,"damage_taken":0.0,"cards_obtained":["Buffer","Loop"]},{"damage_healed":0,"gold_gain":0,"player_choice":"Opened","damage_taken":0,"relics_obtained":["Smiling Mask"],"max_hp_gain":0,"max_hp_loss":0,"event_name":"The Mausoleum","floor":29,"gold_loss":0,"cards_obtained":["Writhe"]}],"is_beta":false,"boss_relics":[{"not_picked":["Sozu","Runic Dome"],"picked":"Black Star"}],"items_purged_floors":[],"is_endless":false,"potions_floor_spawned":[5,11,12,14,21,23],"killed_by":"3 Cultists","ascension_level":11}}