{"host":"hrvs05np4ys7itky","time":1613100916,"event":{"mods":["BaseMod","Colored Map","Colored Powertips","Downfall","Emptier Cage","Hermit","Highlight Path","Minty Spire (QoL Compilation)","Permanent Neow","Rare Cards Sparkle","Relic Stats","Replay The Spire","StSLib","everything is the same but u backflip on backflip"],"gold_per_floor":[118,118,137,147,72,72,107,117,117,94,113,113,113,13,13,13,13],"floor_reached":16,"language":"ENG","playtime":745,"items_purged":["Strike_R","Defend_R"],"score":165,"play_id":"49efa248-bdf1-490b-9c84-2a9e253e98c8","local_time":"20210211223516","is_ascension_mode":true,"campfire_choices":[{"data":"ReplayTheSpireMod:Strike From Hell","floor":6,"key":"SMITH"},{"data":"True Grit","floor":12,"key":"SMITH"},{"data":"Rage","floor":15,"key":"SMITH"}],"circlet_count":0,"master_deck":["AscendersBane","Strike_R","Strike_R","Strike_R","Defend_R","Defend_R","Defend_R","Bash","ReplayTheSpireMod:Strike From Hell+1","Warcry","Rage+1","Power Through","True Grit+1"],"relics":["Burning Blood","Quantum Egg","StrikeDummy"],"acts_visited":["Exordium"],"potions_floor_usage":[7,8,16],"damage_taken":[{"damage":7,"enemies":"2 Louse","floor":1,"turns":5},{"damage":11,"enemies":"Cultist","floor":3,"turns":4},{"damage":9,"enemies":"Jaw Worm","floor":4,"turns":4},{"damage":62,"enemies":"Lagavulin","floor":7,"turns":11},{"damage":5,"enemies":"3 Louse","floor":8,"turns":5},{"damage":3,"enemies":"Looter","floor":11,"turns":4},{"damage":23,"enemies":"Hexaghost","floor":16,"turns":10}],"seed_played":"4029590484085855453","potions_obtained":[{"floor":3,"key":"sneckomod:MuddlingPotion"},{"floor":7,"key":"ColorlessPotion"},{"floor":8,"key":"sneckomod:MuddlingPotion"}],"is_trial":false,"path_per_floor":["M","?","M","M","$","R","E","M","T","$","M","R","?","$","R","B"],"character_chosen":"IRONCLAD","items_purchased":["True Grit"],"campfire_rested":0,"item_purchase_floors":[10],"current_hp_per_floor":[76,90,85,82,82,82,26,27,27,27,30,30,23,23,23,0,0],"gold":13,"neow_bonus":"ONE_RANDOM_RARE_CARD","is_daily":false,"chose_seed":false,"campfire_upgraded":3,"win_rate":0.0,"timestamp":1613100916,"path_taken":["M","?","M","M","$","R","E","?","T","$","M","R","?","$","R","BOSS"],"items_purchased_type":["Card"],"build_version":"2020-12-22","purchased_purges":2,"victory":false,"max_hp_per_floor":[80,90,90,90,90,90,90,90,90,90,90,90,90,90,90,90,90],"relic_stats":{"counters":[7,43],"obtain_stats":[{"Quantum Egg":7,"StrikeDummy":9,"Burning Blood":0},{"Quantum Egg":4,"StrikeDummy":5,"Burning Blood":0},{"Quantum Egg":24,"StrikeDummy":29,"Burning Blood":0}],"Burning Blood":36},"card_choices":[{"not_picked":["Sword Boomerang","Rage"],"picked":"ReplayTheSpireMod:Strike From Hell","floor":1},{"not_picked":["Rampage","Perfected Strike"],"picked":"Warcry","floor":3},{"not_picked":["ReplayReversal","Flex"],"picked":"Rage","floor":4},{"not_picked":["Barricade","Warcry","Burning Pact"],"picked":"SKIP","floor":7},{"not_picked":["Fire Breathing","Disarm"],"picked":"Power Through","floor":8},{"not_picked":["Thunderclap","Clash","Perfected Strike"],"picked":"SKIP","floor":11}],"player_experience":1061397,"relics_obtained":[{"floor":7,"key":"Quantum Egg"},{"floor":9,"key":"StrikeDummy"}],"event_choices":[{"cards_removed":["Hemogenesis"],"damage_healed":4,"gold_gain":0,"player_choice":"Offered Rare","damage_taken":0,"max_hp_gain":10,"max_hp_loss":0,"event_name":"Bonfire Elementals","floor":2,"gold_loss":0},{"cards_removed":["Strike_R"],"damage_healed":0,"gold_gain":0,"player_choice":"Card Removal","damage_taken":7,"max_hp_gain":0,"max_hp_loss":0,"event_name":"Golden Wing","floor":13,"gold_loss":0}],"is_beta":false,"boss_relics":[],"items_purged_floors":[5,14],"is_endless":false,"potions_floor_spawned":[3,7,8],"killed_by":"Hexaghost","ascension_level":13}}