{"host":"·çÓêÒÂ","time":1613111107,"event":{"mods":["ATMod(°¢èªMod)","BaseMod","Better Skull","Better Third Choice","Challenge The Spire","Colored Powertips","Conspire","Minty Spire (QoL Compilation)","Permanent Neow","Quick Restart","Relic Stats","Reliquary","Replay The Spire","RumiaBox-Â¶Ã×æ«µÄÉñÃØºÐ×Ó","Spicy Shops","Spire Birthday Party","StSLib","SuperFastMode","¡¾ÒÅÎï¿¨ÅÆ¡¿REMEMod"],"gold_per_floor":[112,112,122,135,155,190,208,208,208,219,219,219,247,259,259,410,410,430,630,650,575,575,575,575,575],"floor_reached":24,"language":"ZHS","playtime":903,"items_purged":[],"score":233,"play_id":"834af0d6-df38-41e4-934e-500fd9e7cf70","local_time":"20210212142507","is_ascension_mode":false,"campfire_choices":[{"data":"Hemogenesis","floor":8,"key":"SMITH"},{"floor":12,"key":"REST"},{"data":"Infernal Blade","floor":15,"key":"SMITH"}],"circlet_count":0,"master_deck":["Bash","Infernal Blade+1","Corruption+1","Twin Strike","Flex","Sword Boomerang","Disarm","Dark Embrace","Hemogenesis+1","Sword Boomerang","AT_CaressingTears+1","Replay:Undeath\u0027s Touch","conspire:HitWhereItHurts","ReplayTheSpireMod:Muscle Training","ReplayReversal","Iron Wave","Rage","Immolate","ReplayTheSpireMod:Stacked","Ghostly Armor","Battle Trance","Iron Wave","REME_FearOfPain","Seeing Red","Spot Weakness"],"relics":["Burning Blood","AT_ATBox","REME_ComplimentaryCards","Baka2","Akabeko","Pear","GodSword6","Tiny Chest","Pandora\u0027s Box","reliquary:BoilingFlask","SecretRecord"],"acts_visited":["Exordium","TheCity"],"potions_floor_usage":[16,16],"damage_taken":[{"damage":5,"enemies":"Small Slimes","floor":1,"turns":3},{"damage":8,"enemies":"Jaw Worm","floor":3,"turns":3},{"damage":6,"enemies":"2 Louse","floor":4,"turns":2},{"damage":30,"enemies":"Red Slaver","floor":5,"turns":3},{"damage":26,"enemies":"Replay:BlueRogue","floor":6,"turns":6},{"damage":26,"enemies":"Blue Slaver","floor":7,"turns":4},{"damage":0,"enemies":"3 Louse","floor":10,"turns":2},{"damage":9,"enemies":"Gremlin Nob","floor":13,"turns":4},{"damage":0,"enemies":"Large Slime","floor":14,"turns":8},{"damage":64,"enemies":"Hexaghost","floor":16,"turns":11},{"damage":22,"enemies":"Spheric Guardian","floor":18,"turns":5},{"damage":43,"enemies":"2 Thieves","floor":20,"turns":5}],"seed_played":"-2458653984324551914","potions_obtained":[{"floor":4,"key":"Toxic Potion"},{"floor":6,"key":"GamblersBrew"},{"floor":16,"key":"Swift Potion"}],"is_trial":false,"path_per_floor":["M","?","M","M","M","E","M","R","T","M","T","R","E","M","R","B",null,"M","?","M","?","T","?","?"],"character_chosen":"IRONCLAD","items_purchased":[],"campfire_rested":1,"item_purchase_floors":[],"current_hp_per_floor":[96,96,94,94,76,56,46,46,46,52,52,83,97,106,106,59,106,90,90,53,53,53,53,0,0],"gold":575,"neow_bonus":"TWENTY_PERCENT_HP_BONUS","is_daily":false,"chose_seed":false,"campfire_upgraded":2,"win_rate":0.0,"timestamp":1613111107,"path_taken":["M","?","M","M","M","E","M","R","T","M","?","R","E","M","R","BOSS","M","?","?","?","?","?","?"],"items_purchased_type":[],"build_version":"2020-12-18","purchased_purges":0,"victory":false,"max_hp_per_floor":[96,96,96,96,96,96,106,106,106,106,106,106,106,106,106,106,106,106,106,106,106,106,106,109,109],"relic_stats":{"counters":[13,59],"Tiny Chest":1,"Pandora\u0027s Box":["ReplayTheSpireMod:Muscle Training","ReplayReversal","Iron Wave","Rage","Immolate","ReplayTheSpireMod:Stacked","Ghostly Armor","Battle Trance","Iron Wave","REME_FearOfPain"],"obtain_stats":[{"Baka2":3,"AT_ATBox":0,"Pear":7,"reliquary:BoilingFlask":22,"Tiny Chest":13,"Pandora\u0027s Box":17,"SecretRecord":23,"Baka":1,"GodSword6":9,"Burning Blood":0,"Akabeko":6,"REME_ComplimentaryCards":0},{"Baka2":2,"AT_ATBox":0,"Pear":6,"reliquary:BoilingFlask":12,"Tiny Chest":8,"Pandora\u0027s Box":10,"SecretRecord":12,"Baka":1,"GodSword6":6,"Burning Blood":0,"Akabeko":5,"REME_ComplimentaryCards":0},{"Baka2":6,"AT_ATBox":0,"Pear":21,"reliquary:BoilingFlask":56,"Tiny Chest":27,"Pandora\u0027s Box":46,"SecretRecord":56,"Baka":3,"GodSword6":21,"Burning Blood":0,"Akabeko":17,"REME_ComplimentaryCards":0}],"Burning Blood":65},"card_choices":[{"not_picked":["Run Through","Shrug It Off"],"picked":"Infernal Blade","floor":1},{"not_picked":["Armaments","Clothesline"],"picked":"Twin Strike","floor":3},{"not_picked":["Disarm","Armaments"],"picked":"Flex","floor":4},{"not_picked":["Flex","conspire:ExplosiveBarrier"],"picked":"Sword Boomerang","floor":5},{"not_picked":["Shrug It Off","Seeing Red"],"picked":"Disarm","floor":6},{"not_picked":["ReplayTheSpireMod:Strike From Hell","Sever Soul"],"picked":"Hemogenesis","floor":7},{"not_picked":["Bloodletting","Blood for Blood"],"picked":"Sword Boomerang","floor":10},{"not_picked":["Headbutt","Defy Death"],"picked":"AT_CaressingTears","floor":13},{"not_picked":["Sever Soul","Havoc"],"picked":"Replay:Undeath\u0027s Touch","floor":14},{"not_picked":["Brutality","Juggernaut"],"picked":"conspire:HitWhereItHurts","floor":16},{"not_picked":["Iron Wave","Spot Weakness"],"picked":"Seeing Red","floor":18},{"not_picked":["Dual Wield","Warcry"],"picked":"Spot Weakness","floor":20}],"player_experience":26143,"relics_obtained":[{"floor":1,"key":"Baka"},{"floor":3,"key":"Baka2"},{"floor":6,"key":"Akabeko"},{"floor":7,"key":"Pear"},{"floor":9,"key":"GodSword6"},{"floor":13,"key":"Tiny Chest"},{"floor":22,"key":"reliquary:BoilingFlask"}],"event_choices":[{"damage_healed":0,"gold_gain":250,"player_choice":"Bet on Owner","damage_taken":0,"max_hp_gain":0,"max_hp_loss":0,"event_name":"The Joust","floor":19,"gold_loss":50},{"cards_removed":["AT_CaressingTears"],"damage_healed":0,"gold_gain":0,"player_choice":"Gave Gold","damage_taken":0,"max_hp_gain":0,"max_hp_loss":0,"event_name":"Beggar","floor":21,"gold_loss":75},{"damage_healed":0,"gold_gain":0,"player_choice":"Opened","damage_taken":0,"relics_obtained":["SecretRecord"],"max_hp_gain":0,"max_hp_loss":0,"event_name":"The Mausoleum","floor":23,"gold_loss":0}],"is_beta":true,"boss_relics":[{"not_picked":["Runic Cube","AddBug"],"picked":"Pandora\u0027s Box"}],"items_purged_floors":[],"is_endless":false,"potions_floor_spawned":[4,6,13,16],"killed_by":"conspire:MimicChest","ascension_level":0}}