{"host":"6jrnojxwearbrjzo","time":1613155622,"event":{"mods":["BaseMod","Conspire","Minty Spire (QoL Compilation)","MostiFishMod","Quick Restart","Random Character Button","Spicy Shops","StSLib","The Servant 0.9.4","[功能]功能增强和修复MOD","篝火指南"],"gold_per_floor":[111,111,186,186,5,39,4,80,134,114,147,161,108,108,108,237,237,258,258,258,219,219,244,244,244,244,244,244,244,258,258,6,105,105,119,114,164,164,164,199,-1206,-1178,-1178,-1148,-1148,-1148,-1148,-1132,-1132,-1132],"floor_reached":51,"language":"ZHS","playtime":1285,"items_purged":["Injury","Barricade","Havoc","Bludgeon","Inflame","Burning Pact+1","Demon Form","Dual Wield","Twin Strike+1","Disarm","conspire:HitWhereItHurts+1","Clash","Havoc+1","Deep Breath+1","MostiFishMod:TemporaryOutbreak+1"],"score":1495,"play_id":"964c0418-b3ed-4056-8a62-e34e1fb4fb08","local_time":"20210213024702","is_ascension_mode":true,"campfire_choices":[{"data":"Heavy Blade","floor":15.0,"key":"SMITH"},{"data":"1","floor":24,"key":"LIFT"},{"data":"2","floor":27,"key":"LIFT"},{"data":"3","floor":29,"key":"LIFT"},{"data":"Searing Blow+8","floor":46,"key":"SMITH"},{"data":"Searing Blow+10","floor":49,"key":"SMITH"}],"circlet_count":0,"master_deck":["Heavy Blade+1","Shrug It Off+1","Searing Blow+12","MostiFishMod:CullingBlade+1","MostiFishMod:Kaleido+1","Rampage+1","Enlightenment+1"],"relics":["DaveBox","FixedStarFall","DSteel32","SynthV:TestCard","Bloody Idol","Pen Nib","Paper Frog","Toy Ornithopter","conspire:DeflatedDodgeball","Charon\u0027s Ashes","Oddly Smooth Stone","Lantern","Unceasing Top","Transparent","DiscerningMonocle","CombinedTypeHook","SynthV:C4","Omamori","TungstenRod","Frozen Eye","Girya","ThornShield","SynthV","Tiny Chest","conspire:TopHat","conspire:GlowingRock","conspire:Dentures","BrkXgEgg","Necronomicon","Bronze Scales","BirthdayGift-Tetrahedron","RhineCircuit","MetatronsCube","Art of War","Torii","Toolbox","conspire:BottledYoYo","WingedGreaves","Sundial","Civilization","DaCapo","Boot","HornCleat","Whetstone","Bag of Preparation","SynthV:MejaisSoulstealer","Strawberry","Gremlin Horn","Singing Bowl"],"acts_visited":["Exordium","TheCity","TheBeyond"],"potions_floor_usage":[23],"damage_taken":[{"damage":9.0,"enemies":"Jaw Worm","floor":1.0,"turns":2.0},{"damage":20.0,"enemies":"Lagavulin","floor":6.0,"turns":5.0},{"damage":12.0,"enemies":"Gremlin Nob","floor":8.0,"turns":3.0},{"damage":0.0,"enemies":"Gremlin Nob","floor":11.0,"turns":1.0},{"damage":3.0,"enemies":"conspire:RoseBush","floor":12.0,"turns":2.0},{"damage":18.0,"enemies":"Slime Boss","floor":16.0,"turns":8.0},{"damage":48.0,"enemies":"3 Byrds","floor":18.0,"turns":3.0},{"damage":50,"enemies":"Gremlin Leader","floor":23,"turns":3},{"damage":15,"enemies":"2 Thieves","floor":30,"turns":1},{"damage":15,"enemies":"Collector","floor":33,"turns":1},{"damage":15,"enemies":"Orb Walker","floor":35,"turns":1},{"damage":15,"enemies":"Mind Bloom Boss Battle","floor":37,"turns":1},{"damage":15,"enemies":"Giant Head","floor":40,"turns":1},{"damage":15,"enemies":"Nemesis","floor":42,"turns":1},{"damage":17,"enemies":"Reptomancer","floor":44,"turns":1},{"damage":18,"enemies":"3 Darklings","floor":48,"turns":1},{"damage":19,"enemies":"Donu and Deca","floor":50,"turns":1}],"seed_played":"-345947408868628361","potions_obtained":[{"floor":6.0,"key":"Weak Potion"},{"floor":6.0,"key":"FearPotion"},{"floor":10.0,"key":"Fire Potion"},{"floor":11.0,"key":"PowerPotion"},{"floor":11.0,"key":"Regen Potion"},{"floor":12.0,"key":"Explosive Potion"},{"floor":16.0,"key":"GamblersBrew"},{"floor":23,"key":"Dexterity Potion"},{"floor":30,"key":"DuplicationPotion"}],"is_trial":false,"path_per_floor":["M","?","?","?","$","E","?","?","T","?","E","M","R","?","R","B",null,"M","?","?","$","?","E","R","?","T","R","$","R","M","?","R","B",null,"M","$","?","T","$","E","R","E","T","E","$","R","$","M","R","B",null],"character_chosen":"IRONCLAD","items_purchased":["Pen Nib","Paper Frog","Toy Ornithopter","conspire:DeflatedDodgeball","Inflame","Deep Breath","DiscerningMonocle","CombinedTypeHook","SynthV:C4","Omamori","TungstenRod","Frozen Eye","Energy Potion","PowerPotion","PowerPotion","PowerPotion","SynthV","Tiny Chest","conspire:TopHat","conspire:GlowingRock","conspire:Dentures","BrkXgEgg","MostiFishMod:Kaleido+1","Rampage","Bronze Scales","BirthdayGift-Tetrahedron","Enlightenment","MetatronsCube","Art of War","Torii","Toolbox","conspire:BottledYoYo","Civilization","DaCapo","Boot","HornCleat","Whetstone","SynthV:MejaisSoulstealer"],"campfire_rested":0,"item_purchase_floors":[5,5,5,5,5,13,21,21,21,21,21,21,21,21,21,21,28,28,28,28,28,28,28,28,32,32,32,36,36,36,36,36,39,39,39,39,39,41],"current_hp_per_floor":[63,63,52,52,52,32,52,45,45,45,55,62,62,62,62,54,74,78,78,78,78,78,83,83,83,83,83,83,83,83,71,71,83,83,83,83,83,83,83,84,84,93,93,98,98,98,98,104,104,109],"gold":-1132,"neow_bonus":"BOSS_RELIC","is_daily":false,"chose_seed":false,"campfire_upgraded":3,"win_rate":0.0,"timestamp":1613155622,"path_taken":["M","?","?","?","$","E","?","?","T","?","E","?","R","?","R","BOSS","M","?","?","$","?","E","R","?","T","R","?","R","?","?","R","BOSS","M","$","?","?","$","E","R","E","T","E","$","R","$","?","R","BOSS"],"items_purchased_type":["Relic","Relic","Relic","Relic","Card","Card","Relic","Relic","Relic","Relic","Relic","Relic","Potion","Potion","Potion","Potion","Relic","Relic","Relic","Relic","Relic","Relic","Card","Card","Relic","Relic","Card","Relic","Relic","Relic","Relic","Relic","Relic","Relic","Relic","Relic","Relic","Relic"],"build_version":"2020-12-22","purchased_purges":15,"victory":true,"max_hp_per_floor":[80,80,80,80,80,80,80,80,80,80,80,80,80,80,80,80,80,83,83,83,83,83,83,83,83,83,83,83,83,83,83,83,83,83,83,83,83,83,83,84,84,93,93,98,98,98,98,104,104,109],"card_choices":[{"not_picked":["True Grit","Perfected Strike"],"picked":"Burning Pact","floor":1.0},{"not_picked":["Evolve","Thunderclap","Rampage","Twin Strike"],"picked":"Shrug It Off","floor":6.0},{"not_picked":["Sword Boomerang","Twin Strike","Evolve","Pommel Strike"],"picked":"Searing Blow","floor":8.0},{"not_picked":["Hemokinesis","Shrug It Off","Anger","Heavy Blade","Shockwave"],"picked":"SKIP","floor":11.0},{"not_picked":["Rupture","Carnage","Wild Strike","Clothesline"],"picked":"Feed","floor":12.0},{"not_picked":["Fiend Fire","Reaper","Brutality","MostiFishMod:WingOfPhoenix"],"picked":"MostiFishMod:CullingBlade","floor":16.0},{"not_picked":["Thunderclap","Sword Boomerang","Rampage","Uppercut","Heavy Blade"],"picked":"SKIP","floor":18.0},{"not_picked":["conspire:Charge+1","Disarm+1","Twin Strike","Pommel Strike","MostiFishMod:Chiaki"],"picked":"SKIP","floor":23},{"not_picked":["Heavy Blade","Rage","Wild Strike","Searing Blow","Havoc+1"],"picked":"SKIP","floor":30},{"not_picked":["MostiFishMod:HellRitual+1","MostiFishMod:FireWorks+1","Feed+1","MostiFishMod:FlyOverUtopia+1"],"picked":"MostiFishMod:TemporaryOutbreak+1","floor":33},{"not_picked":["Flame Barrier+1","Anger+1","Metallicize","Feel No Pain+1","Clothesline+1"],"picked":"SKIP","floor":35},{"not_picked":["Warcry","True Grit+1","Rage+1","Combust+1","Uppercut+1"],"picked":"SKIP","floor":40},{"not_picked":["Havoc","Bloodletting+1","Body Slam","Infernal Blade+1","Dropkick+1"],"picked":"SKIP","floor":42},{"not_picked":["Pommel Strike","Flame Barrier","Clothesline+1","Combust","Sword Boomerang"],"picked":"Singing Bowl","floor":44},{"not_picked":["Havoc","Seeing Red","Dual Wield","Headbutt","Power Through+1"],"picked":"Singing Bowl","floor":48}],"player_experience":128229,"relics_obtained":[{"floor":1.0,"key":"SynthV:TestCard"},{"floor":6.0,"key":"Charon\u0027s Ashes"},{"floor":9.0,"key":"Lantern"},{"floor":11.0,"key":"Unceasing Top"},{"floor":23,"key":"Girya"},{"floor":26,"key":"ThornShield"},{"floor":31,"key":"Necronomicon"},{"floor":37,"key":"WingedGreaves"},{"floor":38,"key":"Sundial"},{"floor":40,"key":"Bag of Preparation"},{"floor":42,"key":"Strawberry"},{"floor":43,"key":"Gremlin Horn"},{"floor":44,"key":"Singing Bowl"}],"event_choices":[{"damage_healed":0.0,"max_hp_gain":0.0,"max_hp_loss":0.0,"gold_gain":75.0,"event_name":"World of Goop","player_choice":"Gather Gold","floor":3.0,"gold_loss":0.0,"damage_taken":11.0},{"damage_healed":0.0,"max_hp_gain":0.0,"max_hp_loss":0.0,"gold_gain":0.0,"event_name":"Golden Idol","player_choice":"Take Wound","floor":4.0,"gold_loss":0.0,"damage_taken":0.0,"relics_obtained":["Golden Idol"],"cards_obtained":["Injury"]},{"damage_healed":20.0,"max_hp_gain":0.0,"max_hp_loss":0.0,"gold_gain":0.0,"event_name":"The Cleric","player_choice":"Healed","floor":7.0,"gold_loss":35.0,"damage_taken":0.0},{"damage_healed":0.0,"max_hp_gain":0.0,"max_hp_loss":0.0,"gold_gain":0.0,"event_name":"Dead Adventurer","player_choice":"Searched \u00273\u0027 times","floor":8.0,"gold_loss":0.0,"damage_taken":0.0,"relics_obtained":["Oddly Smooth Stone"]},{"damage_healed":0.0,"max_hp_gain":0.0,"max_hp_loss":0.0,"gold_gain":0.0,"event_name":"The Woman in Blue","player_choice":"Bought 1 Potion","floor":10.0,"gold_loss":0.0,"damage_taken":0.0},{"damage_healed":0.0,"max_hp_gain":0.0,"max_hp_loss":0.0,"gold_gain":0.0,"event_name":"conspire:Investor","player_choice":"Leave","floor":14.0,"gold_loss":0.0,"damage_taken":0.0},{"damage_healed":0.0,"max_hp_gain":0.0,"max_hp_loss":0.0,"gold_gain":0.0,"event_name":"Forgotten Altar","player_choice":"Gave Idol","floor":19.0,"relics_lost":["Golden Idol"],"gold_loss":0.0,"damage_taken":0.0,"relics_obtained":["Bloody Idol"]},{"damage_healed":0.0,"max_hp_gain":0.0,"max_hp_loss":0.0,"gold_gain":0.0,"cards_transformed":["Uppercut","Feed"],"event_name":"Drug Dealer","player_choice":"Became Test Subject","floor":20.0,"gold_loss":0.0,"damage_taken":0.0,"cards_obtained":["Clash","Disarm"]},{"damage_healed":0.0,"max_hp_gain":0.0,"max_hp_loss":0.0,"gold_gain":0.0,"event_name":"Beggar","player_choice":"Ignored","floor":22.0,"gold_loss":0.0,"damage_taken":0.0},{"damage_healed":0,"gold_gain":0,"player_choice":"Ignored","damage_taken":0,"max_hp_gain":0,"max_hp_loss":0,"event_name":"Ghosts","floor":25,"gold_loss":0},{"damage_healed":0,"gold_gain":0,"player_choice":"Obtained Book","damage_taken":16,"max_hp_gain":0,"max_hp_loss":0,"event_name":"Cursed Tome","floor":31,"gold_loss":0},{"damage_healed":0,"gold_gain":0,"player_choice":"Fight","damage_taken":0,"max_hp_gain":0,"max_hp_loss":0,"event_name":"MindBloom","floor":37,"gold_loss":0}],"is_beta":false,"boss_relics":[{"not_picked":["Sozu","GreenFoldingFan"],"picked":"Transparent"},{"not_picked":["conspire:SeveredTorchhead","Snecko Eye"],"picked":"RhineCircuit"}],"items_purged_floors":[5,5,13,13,13,13,13,13,13,21,21,21,36,36,41],"is_endless":false,"potions_floor_spawned":[6,6,11,11,12,16,23,30,33,33,33,35,37,40,42,48],"ascension_level":7}}