{"host":"mwb0clku6crgv6yl","time":1613101755,"event":{"mods":["AchievementEnabler","BaseMod","Highlight Path","Koishi","Minty Spire (QoL Compilation)","Replay The Spire","StSLib","The Construct","The Cursed","The Gatherer","The Hierophant"],"gold_per_floor":[113,128,148,125,205,233,244,255,278,308,308,372,372,382,382,479,479,490,508,508,558,576,576,590,617,617,617,635,655,686,696,696,801,801,820,839,851,870,880,625,640,660,660,675,687,687,697,722,722,722],"floor_reached":51,"language":"ZHS","playtime":3346,"items_purged":["TheCursedMod:Defend_TheCursed"],"score":1113,"play_id":"ef5f7fb1-f15c-4280-ad34-3b33cda4ec37","local_time":"20210212114915","is_ascension_mode":true,"campfire_choices":[{"floor":11.0,"key":"REST"},{"floor":13.0,"key":"REST"},{"floor":15.0,"key":"REST"},{"data":"TheCursedMod:NeowsMight","floor":23,"key":"SMITH"},{"floor":27,"key":"REST"},{"data":"TheCursedMod:CleanUpWorkshop","floor":32,"key":"SMITH"},{"data":"TheCursedMod:SmokeScreen","floor":32,"key":"SMITH"},{"floor":49,"key":"REST"}],"circlet_count":0,"master_deck":["TheCursedMod:Strike_TheCursed","TheCursedMod:Strike_TheCursed","TheCursedMod:Strike_TheCursed","TheCursedMod:Strike_TheCursed","TheCursedMod:Defend_TheCursed","TheCursedMod:CursedWand","TheCursedMod:CleanUpWorkshop+1","TheCursedMod:Dregs","TheCursedMod:Obscuration","TheCursedMod:CursedBlade","TheCursedMod:SoulReap","TheCursedMod:SurpriseAttack","TheCursedMod:SpitefulStrike","TheCursedMod:CursedBlade","TheCursedMod:WearCloak","TheCursedMod:WearCloak","TheCursedMod:SmokeScreen+1","TheCursedMod:NeowsMight+1","TheCursedMod:SpitefulStrike","TheCursedMod:CircleOfFlame+1","TheCursedMod:CursedBlade","TheCursedMod:SpreadPlague+1","TheCursedMod:SpitefulStrike","TheCursedMod:CursedSpellbook+1","TheCursedMod:AntiAging","TheCursedMod:CircleOfFlame+1","TheCursedMod:CircleOfBlood","TheCursedMod:Stretching+1","TheCursedMod:SurpriseAttack+1","TheCursedMod:CursedBlade+1","TheCursedMod:CircleOfFlame","TheCursedMod:SpitefulStrike","TheCursedMod:Hemoplague+1","TheCursedMod:TroublousMinions+1","TheCursedMod:SmokeScreen+1","TheCursedMod:Hemoplague"],"relics":["Painkiller Herb","Lizard Tail","Replay:Baseball","Odd Mushroom","Omamori","Replay:Drink Me","Ancient Tea Set","Vajra","HornCleat","Replay:Arrowhead","Sozu","Bag of Marbles","Replay:Ringing Soul","Nunchaku"],"acts_visited":["Exordium","TheCity","TheBeyond"],"potions_floor_usage":[24,33],"damage_taken":[{"damage":2.0,"enemies":"Jaw Worm","floor":1.0,"turns":4.0},{"damage":0.0,"enemies":"2 Louse","floor":2.0,"turns":3.0},{"damage":0.0,"enemies":"Small Slimes","floor":3.0,"turns":4.0},{"damage":37.0,"enemies":"Lagavulin","floor":6.0,"turns":9.0},{"damage":7.0,"enemies":"Exordium Wildlife","floor":7.0,"turns":4.0},{"damage":7.0,"enemies":"Looter","floor":8.0,"turns":3.0},{"damage":2.0,"enemies":"The Mushroom Lair","floor":10.0,"turns":5.0},{"damage":50.0,"enemies":"Lagavulin Event","floor":12.0,"turns":7.0},{"damage":0.0,"enemies":"Lots of Slimes","floor":14.0,"turns":2.0},{"damage":47.0,"enemies":"The Guardian","floor":16.0,"turns":18.0},{"damage":13.0,"enemies":"2 Thieves","floor":18.0,"turns":3.0},{"damage":2.0,"enemies":"Spheric Guardian","floor":19.0,"turns":3.0},{"damage":0,"enemies":"Cultist and Chosen","floor":22,"turns":7},{"damage":3,"enemies":"Snake Plant","floor":24,"turns":5},{"damage":20,"enemies":"Slavers","floor":25,"turns":4},{"damage":0,"enemies":"Centurion and Healer","floor":28,"turns":3},{"damage":0,"enemies":"3 Cultists","floor":29,"turns":3},{"damage":0,"enemies":"Book of Stabbing","floor":30,"turns":4},{"damage":7,"enemies":"Snecko","floor":31,"turns":5},{"damage":31,"enemies":"Collector","floor":33,"turns":8},{"damage":4,"enemies":"Orb Walker","floor":35,"turns":3},{"damage":0,"enemies":"3 Darklings","floor":36,"turns":3},{"damage":2,"enemies":"Spire Growth","floor":37,"turns":4},{"damage":0,"enemies":"Jaw Worm Horde","floor":38,"turns":2},{"damage":2,"enemies":"Sphere and 2 Shapes","floor":39,"turns":4},{"damage":2,"enemies":"Maw","floor":41,"turns":7},{"damage":8,"enemies":"Writhing Mass","floor":42,"turns":4},{"damage":8,"enemies":"Sphere and 2 Shapes","floor":44,"turns":1},{"damage":0,"enemies":"3 Darklings","floor":45,"turns":3},{"damage":0,"enemies":"4 Shapes","floor":47,"turns":3},{"damage":33,"enemies":"Reptomancer","floor":48,"turns":5},{"damage":60,"enemies":"Time Eater","floor":50,"turns":10}],"seed_played":"7152165227781676312","potions_obtained":[{"floor":2.0,"key":"DistilledChaos"},{"floor":7.0,"key":"AttackPotion"},{"floor":14.0,"key":"DistilledChaos"},{"floor":16.0,"key":"Explosive Potion"},{"floor":18.0,"key":"ColorlessPotion"},{"floor":19.0,"key":"Regen Potion"},{"floor":28,"key":"SpeedPotion"},{"floor":31,"key":"Weak Potion"}],"is_trial":false,"path_per_floor":["?","?","?","T","?","E","?","?","T","?","T","?","T","?","T","B",null,"?","?","?","?","?","T","?","E","T","T","?","?","E","?","T","B",null,"?","?","?","?","?","T","?","?","T","?","?","?","?","E","T","B",null],"character_chosen":"THE_CURSED","items_purchased":["TheCursedMod:SurpriseAttack","Bag of Marbles","TheCursedMod:CircleOfFlame"],"campfire_rested":5,"item_purchase_floors":[4,40,40],"current_hp_per_floor":[66,66,66,66,66,34,32,30,30,33,55,10,32,32,54,12,46,38,41,41,41,46,46,57,37,37,54,57,57,57,50,50,25,49,47,55,61,61,63,63,67,67,67,59,62,62,75,47,71,23],"gold":722,"neow_bonus":"BOSS_RELIC","is_daily":false,"chose_seed":false,"campfire_upgraded":3,"win_rate":0.0,"timestamp":1613101755,"path_taken":["?","?","?","T","?","E","?","?","T","?","T","?","T","?","T","BOSS","?","?","?","?","?","T","?","E","T","T","?","?","E","?","T","BOSS","?","?","?","?","?","?","?","?","T","?","?","?","?","E","T","BOSS"],"items_purchased_type":["Card","Relic","Card"],"build_version":"2020-12-22","purchased_purges":1,"victory":true,"max_hp_per_floor":[75,75,75,75,75,75,75,75,75,75,75,75,75,75,75,75,57,57,57,57,57,57,57,57,57,57,57,57,57,57,57,57,57,57,59,61,63,63,65,65,67,69,69,69,72,72,77,80,80,82],"card_choices":[{"not_picked":["TheCursedMod:Stretching","TheCursedMod:ReleasedStrength"],"picked":"TheCursedMod:Obscuration","floor":1.0},{"not_picked":["TheCursedMod:CursedArmor","TheCursedMod:Hemoplague"],"picked":"TheCursedMod:CursedBlade","floor":2.0},{"not_picked":["TheCursedMod:Stretching","TheCursedMod:Obscuration"],"picked":"TheCursedMod:SoulReap","floor":3.0},{"not_picked":["TheCursedMod:AshesToAshes","TheCursedMod:Grudge"],"picked":"TheCursedMod:SpitefulStrike","floor":6.0},{"not_picked":["TheCursedMod:SpitefulStrike","TheCursedMod:DoubleShield"],"picked":"TheCursedMod:CursedBlade","floor":7.0},{"not_picked":["TheCursedMod:TacticalStrike","TheCursedMod:Torture"],"picked":"TheCursedMod:WearCloak","floor":8.0},{"not_picked":["TheCursedMod:CursedBoomerang","TheCursedMod:SaltUponWound"],"picked":"TheCursedMod:WearCloak","floor":10.0},{"not_picked":["TheCursedMod:CursedBlade","TheCursedMod:CircleOfCorruption"],"picked":"TheCursedMod:SmokeScreen","floor":12.0},{"not_picked":["TheCursedMod:CursedMace","TheCursedMod:ForbiddenAlchemy","TheCursedMod:Stretching"],"picked":"SKIP","floor":14.0},{"not_picked":["TheCursedMod:UltimatePain","TheCursedMod:DemonSword"],"picked":"TheCursedMod:NeowsMight","floor":16.0},{"not_picked":["TheCursedMod:Wield","TheCursedMod:FleshFromBone","TheCursedMod:StingEye+1"],"picked":"SKIP","floor":18.0},{"not_picked":["TheCursedMod:VitalStrike","TheCursedMod:CursedSpellbook"],"picked":"TheCursedMod:SpitefulStrike","floor":19.0},{"not_picked":["TheCursedMod:SoulReap+1","TheCursedMod:Evocation+1"],"picked":"TheCursedMod:CircleOfFlame+1","floor":22},{"not_picked":["TheCursedMod:FleshFromBone","TheCursedMod:PrepareRite","TheCursedMod:HellsGateOpen"],"picked":"SKIP","floor":24},{"not_picked":["TheCursedMod:Wield+1","TheCursedMod:CursedShiv","TheCursedMod:CircleOfFocus"],"picked":"SKIP","floor":25},{"not_picked":["TheCursedMod:SmokeScreen+1","TheCursedMod:ReleasedKnowledge"],"picked":"TheCursedMod:CursedBlade","floor":28},{"not_picked":["TheCursedMod:ReleasedKnowledge","TheCursedMod:SurpriseAttack"],"picked":"TheCursedMod:SpreadPlague+1","floor":29},{"not_picked":["TheCursedMod:SoulCrush","TheCursedMod:CursedMace"],"picked":"TheCursedMod:SpitefulStrike","floor":30},{"not_picked":["TheCursedMod:AbyssShockwave","TheCursedMod:Stretching"],"picked":"TheCursedMod:CursedSpellbook+1","floor":31},{"not_picked":["TheCursedMod:CursedRelics","TheCursedMod:UltimatePain"],"picked":"TheCursedMod:AntiAging","floor":33},{"not_picked":["TheCursedMod:ManaBullet","TheCursedMod:Stigma+1"],"picked":"TheCursedMod:CircleOfFlame","floor":35},{"not_picked":["TheCursedMod:FleshFromBone+1","TheCursedMod:SpitefulPlan+1"],"picked":"TheCursedMod:CircleOfBlood","floor":36},{"not_picked":["TheCursedMod:Wield+1","TheCursedMod:SoulReap+1"],"picked":"TheCursedMod:Stretching+1","floor":37},{"not_picked":["TheCursedMod:CursedAmulet+1","TheCursedMod:Torture+1"],"picked":"TheCursedMod:SurpriseAttack+1","floor":38},{"not_picked":["TheCursedMod:CursedSpellbook+1","TheCursedMod:CircleOfWindfury+1"],"picked":"TheCursedMod:CursedBlade+1","floor":39},{"not_picked":["TheCursedMod:WearCloak","TheCursedMod:HellsGateOpen+1"],"picked":"TheCursedMod:SpitefulStrike","floor":41},{"not_picked":["TheCursedMod:CursedAmulet+1","TheCursedMod:RapidMovement"],"picked":"TheCursedMod:Hemoplague+1","floor":42},{"not_picked":["TheCursedMod:ForbiddenAlchemy","TheCursedMod:HellsGateOpen","TheCursedMod:Torture"],"picked":"SKIP","floor":44},{"not_picked":["TheCursedMod:StingEye+1","TheCursedMod:Torture+1"],"picked":"TheCursedMod:TroublousMinions+1","floor":45},{"not_picked":["TheCursedMod:Stigma","TheCursedMod:CursedSpellbook"],"picked":"TheCursedMod:SmokeScreen+1","floor":47},{"not_picked":["TheCursedMod:HellsGateOpen+1","TheCursedMod:Mangle"],"picked":"TheCursedMod:Hemoplague","floor":48}],"player_experience":300140,"relics_obtained":[{"floor":6.0,"key":"Lizard Tail"},{"floor":9.0,"key":"Replay:Baseball"},{"floor":10.0,"key":"Odd Mushroom"},{"floor":12.0,"key":"Omamori"},{"floor":25,"key":"Vajra"},{"floor":26,"key":"HornCleat"},{"floor":30,"key":"Replay:Arrowhead"},{"floor":43,"key":"Replay:Ringing Soul"},{"floor":48,"key":"Nunchaku"}],"event_choices":[{"damage_healed":0.0,"max_hp_gain":0.0,"max_hp_loss":0.0,"gold_gain":0.0,"event_name":"Mushrooms","player_choice":"Fought Mushrooms","floor":10.0,"gold_loss":0.0,"damage_taken":0.0},{"damage_healed":0.0,"max_hp_gain":0.0,"max_hp_loss":0.0,"gold_gain":0.0,"event_name":"Dead Adventurer","player_choice":"Searched \u00272\u0027 times","floor":12.0,"gold_loss":0.0,"damage_taken":0.0},{"damage_healed":0.0,"max_hp_gain":0.0,"max_hp_loss":0.0,"gold_gain":0.0,"event_name":"Addict","player_choice":"Stole Relic","floor":20.0,"gold_loss":0.0,"damage_taken":0.0,"relics_obtained":["Ancient Tea Set"],"cards_obtained":["Shame"]},{"damage_healed":0,"gold_gain":100,"player_choice":"Bet on Murderer","damage_taken":0,"max_hp_gain":0,"max_hp_loss":0,"event_name":"The Joust","floor":21,"gold_loss":50},{"damage_healed":0,"gold_gain":0,"player_choice":"Upgraded","damage_taken":0,"max_hp_gain":0,"max_hp_loss":0,"event_name":"Upgrade Shrine","floor":46,"gold_loss":0,"cards_upgraded":["TheCursedMod:CircleOfFlame"]}],"is_beta":false,"boss_relics":[{"not_picked":["ReplayTheSpireMod:DimensionalGlitch","Tiny House"],"picked":"Replay:Drink Me"},{"not_picked":["Runic Pyramid","Honey Jar"],"picked":"Sozu"}],"items_purged_floors":[40],"is_endless":false,"potions_floor_spawned":[2,7,14,16,18,19,28,31,37,38,39,42,44,48],"ascension_level":8}}