{"host":"kcg3v0hgymzitgl9","time":1613136881,"event":{"mods":["BaseMod","Colored Map","DeckTracker","Minty Spire (QoL Compilation)","Relic Stats","Weighted Paths"],"gold_per_floor":[111,186,186,202,212,212,238,238,289,617,617,717,717,263,263,364,364,379,132,149,162,162,162,162,180,251,264,295,308,18,35,35,132,132,152,165,12,0,0,33,45,57,57,57,71,71,104,119,119,119,119,119,57,87,87,87],"floor_reached":55,"language":"ENG","playtime":5188,"items_purged":["Strike_G","Strike_G","Bane"],"score":757,"play_id":"5637b5cb-217a-444a-929a-8ee175a653ad","local_time":"20210213003441","is_ascension_mode":false,"campfire_choices":[{"floor":6.0,"key":"REST"},{"floor":8.0,"key":"REST"},{"data":"Finisher","floor":11.0,"key":"SMITH"},{"data":"Backflip","floor":13.0,"key":"SMITH"},{"floor":15.0,"key":"REST"},{"floor":23.0,"key":"REST"},{"data":"Accuracy","floor":32.0,"key":"SMITH"},{"floor":44.0,"key":"RECALL"},{"floor":46.0,"key":"REST"},{"floor":49.0,"key":"REST"},{"floor":52.0,"key":"REST"}],"circlet_count":0,"master_deck":["Strike_G","Defend_G","Defend_G","Defend_G","Defend_G","Survivor","Neutralize","Blade Dance+1","Finisher+1","Acrobatics","PiercingWail","Backflip+1","Infinite Blades","Burst","Dodge and Roll","Dagger Spray","Accuracy+1","Quick Slash","Flash of Steel","Blade Dance","Venomology","Flechettes+1","Cloak And Dagger","Caltrops","Blind","Deflect","Backstab+1","Leg Sweep","Footwork+1","Backflip+1","Malaise","Leg Sweep"],"relics":["Ring of the Snake","Bag of Preparation","Nunchaku","Strawberry","Old Coin","Pen Nib","Happy Flower","Empty Cage","Frozen Eye","The Courier","Mummified Hand","Lee\u0027s Waffle","Fusion Hammer","Red Mask","Bag of Marbles","InkBottle","Boot"],"acts_visited":["TheCity","TheBeyond","TheEnding"],"potions_floor_usage":[55],"damage_taken":[{"damage":0.0,"enemies":"Small Slimes","floor":1.0,"turns":5.0},{"damage":0.0,"enemies":"2 Louse","floor":4.0,"turns":3.0},{"damage":4.0,"enemies":"Cultist","floor":5.0,"turns":4.0},{"damage":24.0,"enemies":"Lagavulin","floor":7.0,"turns":6.0},{"damage":22.0,"enemies":"3 Sentries","floor":10.0,"turns":6.0},{"damage":34.0,"enemies":"The Guardian","floor":16.0,"turns":12.0},{"damage":12.0,"enemies":"Spheric Guardian","floor":18.0,"turns":5.0},{"damage":0.0,"enemies":"Chosen","floor":20.0,"turns":4.0},{"damage":14.0,"enemies":"Shelled Parasite and Fungi","floor":21.0,"turns":6.0},{"damage":3.0,"enemies":"Snake Plant","floor":25.0,"turns":6.0},{"damage":3.0,"enemies":"Centurion and Healer","floor":27.0,"turns":5.0},{"damage":9.0,"enemies":"Gremlin Leader","floor":28.0,"turns":5.0},{"damage":3.0,"enemies":"Chosen and Byrds","floor":29.0,"turns":5.0},{"damage":2.0,"enemies":"Snecko","floor":31.0,"turns":5.0},{"damage":3.0,"enemies":"Champ","floor":33.0,"turns":4.0},{"damage":1.0,"enemies":"3 Darklings","floor":35.0,"turns":3.0},{"damage":0.0,"enemies":"Orb Walker","floor":36.0,"turns":2.0},{"damage":20.0,"enemies":"Giant Head","floor":40.0,"turns":8.0},{"damage":8.0,"enemies":"Sphere and 2 Shapes","floor":41.0,"turns":4.0},{"damage":0.0,"enemies":"4 Shapes","floor":42.0,"turns":8.0},{"damage":0.0,"enemies":"Jaw Worm Horde","floor":45.0,"turns":4.0},{"damage":37.0,"enemies":"Reptomancer","floor":47.0,"turns":6.0},{"damage":0.0,"enemies":"3 Darklings","floor":48.0,"turns":3.0},{"damage":19.0,"enemies":"Donu and Deca","floor":50.0,"turns":9.0},{"damage":40.0,"enemies":"Shield and Spear","floor":54.0,"turns":11.0},{"damage":74,"enemies":"The Heart","floor":55,"turns":8}],"seed_played":"-3062376218050393666","potions_obtained":[{"floor":1.0,"key":"FearPotion"},{"floor":10.0,"key":"SkillPotion"},{"floor":18.0,"key":"FairyPotion"},{"floor":29.0,"key":"SteroidPotion"},{"floor":33.0,"key":"Swift Potion"},{"floor":36.0,"key":"Regen Potion"},{"floor":45.0,"key":"SmokeBomb"},{"floor":48.0,"key":"BlessingOfTheForge"}],"is_trial":false,"path_per_floor":["M","?","?","M","M","R","E","R","T","E","R","?","R","$","R","B",null,"M","$","M","M","?","R","?","M","T","M","E","M","$","M","R","B",null,"M","M","$","?","?","E","M","M","T","R","M","R","E","M","R","B",null,"R","$","E","B"],"character_chosen":"THE_SILENT","items_purchased":["Pen Nib","Infinite Blades","Happy Flower","Frozen Eye","Lee\u0027s Waffle","Flash of Steel","Caltrops","Blind","Deflect","Malaise"],"campfire_rested":7,"item_purchase_floors":[14,14,14,19,30,30,37,37,37,53],"current_hp_per_floor":[70,59,59,59,55,70,46,67,74,52,52,52,52,52,75,41,77,65,65,65,51,37,61,61,58,58,55,46,43,89,87,87,84,89,88,88,88,88,88,68,69,69,69,69,69,89,52,52,78,59,89,89,89,49,1,1],"gold":87,"neow_bonus":"RANDOM_COMMON_RELIC","is_daily":false,"chose_seed":false,"campfire_upgraded":3,"win_rate":0.0,"timestamp":1613136881,"path_taken":["M","?","?","?","M","R","E","R","T","E","R","?","R","?","R","BOSS","M","$","M","M","?","R","?","?","T","M","E","M","$","M","R","BOSS","M","M","$","?","?","E","M","M","T","R","M","R","E","M","R","BOSS","R","$","E","BOSS"],"items_purchased_type":["Relic","Card","Relic","Relic","Relic","Card","Card","Card","Card","Card"],"build_version":"2020-12-22","purchased_purges":3,"victory":false,"max_hp_per_floor":[70,70,70,70,70,70,70,70,77,77,77,77,77,77,77,77,77,77,77,77,77,82,82,82,82,82,82,82,82,89,89,89,89,89,89,89,89,89,89,89,89,89,89,89,89,89,89,89,89,89,89,89,89,89,89,89],"relic_stats":{"Nunchaku":[40],"Lee\u0027s Waffle":46,"Happy Flower":[37],"counters":[20,111],"Mummified Hand":[36],"Pen Nib":[40],"Bag of Preparation":[40],"Boot":[6],"obtain_stats":[{"Lee\u0027s Waffle":30,"Happy Flower":0,"Pen Nib":0,"The Courier":26,"Bag of Preparation":0,"Empty Cage":17,"Boot":54,"Old Coin":0,"Frozen Eye":19,"Nunchaku":0,"Mummified Hand":28,"Strawberry":0,"Fusion Hammer":34,"Red Mask":38,"Bag of Marbles":40,"InkBottle":47,"Ring of the Snake":0},{"Lee\u0027s Waffle":7,"Happy Flower":0,"Pen Nib":0,"The Courier":4,"Bag of Preparation":0,"Empty Cage":0,"Boot":19,"Old Coin":0,"Frozen Eye":1,"Nunchaku":0,"Mummified Hand":6,"Strawberry":0,"Fusion Hammer":9,"Red Mask":11,"Bag of Marbles":12,"InkBottle":16,"Ring of the Snake":0},{"Lee\u0027s Waffle":36,"Happy Flower":0,"Pen Nib":0,"The Courier":21,"Bag of Preparation":0,"Empty Cage":0,"Boot":103,"Old Coin":0,"Frozen Eye":5,"Nunchaku":0,"Mummified Hand":31,"Strawberry":0,"Fusion Hammer":45,"Red Mask":50,"Bag of Marbles":58,"InkBottle":80,"Ring of the Snake":0}],"InkBottle":[24],"Ring of the Snake":[40]},"card_choices":[{"not_picked":["Caltrops","Cloak And Dagger"],"picked":"Blade Dance","floor":1.0},{"not_picked":["Distraction","Deadly Poison"],"picked":"Finisher","floor":4.0},{"not_picked":["Underhanded Strike","Flying Knee"],"picked":"Acrobatics","floor":5.0},{"not_picked":["Bane","Unload"],"picked":"PiercingWail","floor":7.0},{"not_picked":["Outmaneuver","Slice"],"picked":"Backflip","floor":10.0},{"not_picked":["Phantasmal Killer","Unload"],"picked":"Burst","floor":16.0},{"not_picked":["Sucker Punch","Reflex","Bouncing Flask+1"],"picked":"SKIP","floor":18.0},{"not_picked":["Backflip","Flying Knee"],"picked":"Dodge and Roll","floor":20.0},{"not_picked":["PiercingWail","All Out Attack"],"picked":"Dagger Spray","floor":21.0},{"not_picked":["Masterful Stab","Sucker Punch"],"picked":"Accuracy","floor":25.0},{"not_picked":["Dagger Throw+1","Deadly Poison","Flying Knee+1"],"picked":"SKIP","floor":27.0},{"not_picked":["Deadly Poison","Underhanded Strike","Escape Plan"],"picked":"SKIP","floor":28.0},{"not_picked":["Deadly Poison","Dagger Spray"],"picked":"Quick Slash","floor":29.0},{"not_picked":["Skewer","PiercingWail"],"picked":"Blade Dance","floor":31.0},{"not_picked":["Wraith Form v2","Phantasmal Killer"],"picked":"Venomology","floor":33.0},{"not_picked":["Bane+1","Blade Dance"],"picked":"Flechettes+1","floor":35.0},{"not_picked":["Acrobatics","Flying Knee"],"picked":"Cloak And Dagger","floor":36.0},{"not_picked":["Reflex","Dagger Throw"],"picked":"Backstab+1","floor":40.0},{"not_picked":["Slice","Underhanded Strike+1"],"picked":"Leg Sweep","floor":41.0},{"not_picked":["Blade Dance+1","Sucker Punch+1","Noxious Fumes+1"],"picked":"SKIP","floor":42.0},{"not_picked":["Tactician+1","Well Laid Plans","Eviscerate+1"],"picked":"SKIP","floor":45.0},{"not_picked":["Heel Hook","Predator"],"picked":"Footwork+1","floor":47.0},{"not_picked":["Flechettes+1","Choke+1"],"picked":"Backflip+1","floor":48.0},{"not_picked":["Distraction","Sucker Punch"],"picked":"Leg Sweep","floor":54.0}],"player_experience":307122,"relics_obtained":[{"floor":7.0,"key":"Nunchaku"},{"floor":9.0,"key":"Strawberry"},{"floor":10.0,"key":"Old Coin"},{"floor":26.0,"key":"The Courier"},{"floor":28.0,"key":"Mummified Hand"},{"floor":40.0,"key":"Bag of Marbles"},{"floor":47.0,"key":"InkBottle"},{"floor":54.0,"key":"Boot"}],"event_choices":[{"damage_healed":0.0,"max_hp_gain":0.0,"max_hp_loss":0.0,"gold_gain":75.0,"event_name":"World of Goop","player_choice":"Gather Gold","floor":2.0,"gold_loss":0.0,"damage_taken":11.0},{"damage_healed":0.0,"max_hp_gain":0.0,"max_hp_loss":0.0,"gold_gain":0.0,"event_name":"Upgrade Shrine","player_choice":"Upgraded","floor":3.0,"gold_loss":0.0,"damage_taken":0.0,"cards_upgraded":["Blade Dance"]},{"damage_healed":0.0,"max_hp_gain":0.0,"max_hp_loss":0.0,"gold_gain":100.0,"event_name":"Golden Shrine","player_choice":"Pray","floor":12.0,"gold_loss":0.0,"damage_taken":0.0},{"damage_healed":0.0,"max_hp_gain":5.0,"max_hp_loss":0.0,"gold_gain":0.0,"event_name":"Forgotten Altar","player_choice":"Shed Blood","floor":22.0,"gold_loss":0.0,"damage_taken":19.0},{"damage_healed":0.0,"max_hp_gain":0.0,"max_hp_loss":0.0,"gold_gain":0.0,"cards_transformed":["Defend_G"],"event_name":"Transmorgrifier","player_choice":"Transformed","floor":24.0,"gold_loss":0.0,"damage_taken":0.0,"cards_obtained":["Bane"]},{"damage_healed":0.0,"max_hp_gain":0.0,"max_hp_loss":0.0,"gold_gain":0.0,"event_name":"Tomb of Lord Red Mask","player_choice":"Paid","floor":38.0,"gold_loss":12.0,"damage_taken":0.0,"relics_obtained":["Red Mask"]},{"damage_healed":0.0,"max_hp_gain":0.0,"max_hp_loss":0.0,"gold_gain":0.0,"event_name":"WeMeetAgain","player_choice":"Ignored","floor":39.0,"gold_loss":0.0,"damage_taken":0.0}],"is_beta":false,"boss_relics":[{"not_picked":["Ring of the Serpent","Runic Pyramid"],"picked":"Empty Cage"},{"not_picked":["Busted Crown","Pandora\u0027s Box"],"picked":"Fusion Hammer"}],"items_purged_floors":[14,19,30],"is_endless":false,"potions_floor_spawned":[1,10,18,29,33,36,45,48],"killed_by":"The Heart","ascension_level":0}}