{"host":"phniwng9zo19jwdb","time":1613141148,"event":{"mods":["AchievementEnabler","BaseMod","Colored Powertips","Dark Map","Faster Ascension Climbing","GifTheSpireLib","Minty Spire (QoL Compilation)","Permanent Neow","Rare Cards Sparkle","Relic Filter Mod","StSLib","Weighted Paths"],"gold_per_floor":[112,126,141,141,152,187,204,204,228,245,84,84,84],"floor_reached":12,"language":"ENG","playtime":342,"items_purged":[],"score":164,"play_id":"66f16e06-a510-40d3-bd7d-98d62476e4df","local_time":"20210212154548","is_ascension_mode":true,"campfire_choices":[{"floor":8,"key":"REST"}],"circlet_count":0,"master_deck":["AscendersBane","Strike_G","Strike_G","Strike_G","Strike_G","Strike_G","Defend_G","Defend_G+1","Defend_G","Defend_G","Defend_G","Survivor","Neutralize","Noxious Fumes","Underhanded Strike+1","Blade Dance+1","Backflip","Blur+1","Blade Dance"],"relics":["Ring of the Snake","Gambling Chip","Unceasing Top","War Paint","OrangePellets"],"acts_visited":["Exordium"],"potions_floor_usage":[6],"damage_taken":[{"damage":1.0,"enemies":"Cultist","floor":1.0,"turns":4.0},{"damage":0.0,"enemies":"Small Slimes","floor":2.0,"turns":4.0},{"damage":2.0,"enemies":"Jaw Worm","floor":3.0,"turns":4.0},{"damage":0.0,"enemies":"Lots of Slimes","floor":5.0,"turns":3.0},{"damage":9,"enemies":"Lagavulin","floor":6,"turns":5},{"damage":13,"enemies":"Exordium Thugs","floor":7,"turns":5},{"damage":0,"enemies":"2 Fungi Beasts","floor":10,"turns":3},{"damage":0,"enemies":"3 Sentries","floor":12,"turns":1}],"seed_played":"7851915356394783807","potions_obtained":[{"floor":1.0,"key":"BlessingOfTheForge"},{"floor":2.0,"key":"BlessingOfTheForge"},{"floor":6,"key":"SmokeBomb"}],"is_trial":false,"path_per_floor":["M","M","M","?","M","E","M","R","T","M","$","E"],"character_chosen":"THE_SILENT","items_purchased":["OrangePellets"],"campfire_rested":1,"item_purchase_floors":[11],"current_hp_per_floor":[58,58,56,38,38,29,16,34,34,34,34,34,34],"gold":84,"neow_bonus":"ONE_RARE_RELIC","is_daily":false,"chose_seed":false,"campfire_upgraded":0,"win_rate":0.0,"timestamp":1613141148,"path_taken":["M","?","M","?","M","E","M","R","T","M","?","E"],"items_purchased_type":["Relic"],"build_version":"2020-12-22","purchased_purges":0,"victory":false,"max_hp_per_floor":[60,60,60,60,60,60,60,60,60,60,60,60,60],"card_choices":[{"not_picked":["Sucker Punch","Deadly Poison"],"picked":"Noxious Fumes","floor":1.0},{"not_picked":["Skewer","Slice"],"picked":"Underhanded Strike","floor":2.0},{"not_picked":["Prepared","Finisher"],"picked":"Blade Dance","floor":3.0},{"not_picked":["Flechettes","Bane"],"picked":"Backflip","floor":5.0},{"not_picked":["Dagger Spray","Deadly Poison","Dodge and Roll"],"picked":"SKIP","floor":6},{"not_picked":["All Out Attack","Poisoned Stab"],"picked":"Blur","floor":7},{"not_picked":["Acrobatics","Deadly Poison"],"picked":"Blade Dance","floor":10}],"player_experience":124018,"relics_obtained":[{"floor":6,"key":"Unceasing Top"},{"floor":9,"key":"War Paint"}],"event_choices":[{"damage_healed":0.0,"max_hp_gain":0.0,"max_hp_loss":0.0,"gold_gain":0.0,"event_name":"Shining Light","player_choice":"Entered Light","floor":4.0,"gold_loss":0.0,"damage_taken":18.0,"cards_upgraded":["Underhanded Strike","Defend_G"]}],"is_beta":false,"boss_relics":[],"items_purged_floors":[],"is_endless":false,"potions_floor_spawned":[1,2,6],"killed_by":"3 Sentries","ascension_level":20}}