{"host":"i4d8tgqbnmcnjm0a","time":1613173940,"event":{"mods":["BaseMod","Keyboard Shortcuts","Minty Spire (QoL Compilation)"],"gold_per_floor":[116,116,128,147,0,0,34,51,121,121,151,179,38,82,82,191,191,210,231,36,36,65,99,99,122,122,122,21,42,76,103,103,217,217,236,261,270,294,17,49,49,87,87,5,32,59,59,78,78,78,78],"floor_reached":50,"language":"ENG","playtime":4805,"items_purged":["Strike_R","Strike_R","Strike_R"],"score":715,"play_id":"6b08bc89-f5c2-40b8-9f57-7b4315172da4","local_time":"20210212185220","is_ascension_mode":true,"campfire_choices":[{"floor":6,"key":"REST"},{"floor":10,"key":"REST"},{"floor":15,"key":"REST"},{"floor":24,"key":"REST"},{"floor":27,"key":"REST"},{"floor":32,"key":"REST"},{"floor":41,"key":"REST"},{"floor":47,"key":"RECALL"},{"floor":49,"key":"REST"}],"circlet_count":0,"master_deck":["Strike_R","Strike_R","Defend_R","Defend_R","Defend_R","Bash","Body Slam","Hemokinesis","Battle Trance","Double Tap","Shrug It Off","Blood for Blood","Feed","Offering","Demon Form","Shrug It Off","Blood for Blood","Flame Barrier","Body Slam","Pommel Strike","Intimidate+1","Immolate+1","Uppercut+1","Iron Wave+1","Feed+1","Entrench+1","Armaments+1","Second Wind","Ghostly Armor+1","Body Slam+1","Thunderclap+1","Battle Trance"],"relics":["Black Star","CaptainsWheel","OrangePellets","Potion Belt","MealTicket","Bottled Flame","CeramicFish","Mango","Omamori","Velvet Choker","Tiny Chest","Blue Candle","Molten Egg 2","Art of War","Regal Pillow","SlaversCollar","Membership Card","Gremlin Horn","The Courier","Bottled Tornado","Kunai","Letter Opener"],"acts_visited":["Exordium","TheCity","TheBeyond"],"potions_floor_usage":[14,16,16,23,23,25,30,33,38,40,42,46,48,50],"damage_taken":[{"damage":6,"enemies":"Cultist","floor":1,"turns":3},{"damage":7,"enemies":"Jaw Worm","floor":3,"turns":3},{"damage":2,"enemies":"Small Slimes","floor":4,"turns":3},{"damage":26,"enemies":"Lagavulin","floor":7,"turns":5},{"damage":13,"enemies":"Looter","floor":8,"turns":2},{"damage":7,"enemies":"2 Fungi Beasts","floor":12,"turns":3},{"damage":20,"enemies":"Gremlin Nob","floor":14,"turns":3},{"damage":30,"enemies":"Slime Boss","floor":16,"turns":5},{"damage":15,"enemies":"Shell Parasite","floor":18,"turns":4},{"damage":21,"enemies":"Spheric Guardian","floor":19,"turns":3},{"damage":32,"enemies":"Snake Plant","floor":22,"turns":4},{"damage":61,"enemies":"Slavers","floor":23,"turns":7},{"damage":10,"enemies":"Centurion and Healer","floor":25,"turns":4},{"damage":16,"enemies":"Sentry and Sphere","floor":29,"turns":5},{"damage":28,"enemies":"Book of Stabbing","floor":30,"turns":6},{"damage":8,"enemies":"Snecko","floor":31,"turns":3},{"damage":40,"enemies":"Collector","floor":33,"turns":9},{"damage":0,"enemies":"Orb Walker","floor":35,"turns":4},{"damage":20,"enemies":"3 Shapes","floor":36,"turns":3},{"damage":31,"enemies":"Maw","floor":38,"turns":6},{"damage":42,"enemies":"Reptomancer","floor":40,"turns":5},{"damage":15,"enemies":"Nemesis","floor":42,"turns":5},{"damage":13,"enemies":"Jaw Worm Horde","floor":45,"turns":4},{"damage":22,"enemies":"4 Shapes","floor":46,"turns":4},{"damage":13,"enemies":"Transient","floor":48,"turns":5},{"damage":101,"enemies":"Donu and Deca","floor":50,"turns":6}],"seed_played":"2333690678427502096","potions_obtained":[{"floor":1,"key":"SteroidPotion"},{"floor":8,"key":"SteroidPotion"},{"floor":12,"key":"Regen Potion"},{"floor":14,"key":"BlessingOfTheForge"},{"floor":22,"key":"Ancient Potion"},{"floor":23,"key":"BlessingOfTheForge"},{"floor":25,"key":"SpeedPotion"},{"floor":33,"key":"GamblersBrew"},{"floor":36,"key":"Swift Potion"},{"floor":40,"key":"Weak Potion"},{"floor":42,"key":"BlessingOfTheForge"},{"floor":48,"key":"LiquidBronze"}],"is_trial":false,"path_per_floor":["M","?","M","M","$","R","E","M","T","R","?","M","$","E","R","B",null,"M","M","$","?","M","E","R","M","T","R","$","M","E","M","R","B",null,"M","M","?","M","$","E","R","E","T","$","M","M","R","M","R","B"],"character_chosen":"IRONCLAD","items_purchased":["OrangePellets","Feed","Blood for Blood","Flame Barrier","FearPotion","Block Potion","Membership Card","Gremlin Horn","Swift Potion"],"campfire_rested":8,"item_purchase_floors":[5,13,20,20,28,28,39,39,44],"current_hp_per_floor":[74,67,60,58,58,80,54,41,41,65,65,58,73,67,94,67,97,82,64,79,79,50,7,38,32,32,65,80,64,39,31,79,39,113,113,93,93,62,77,35,83,68,68,83,70,52,52,39,89,0,0],"gold":78,"neow_bonus":"BOSS_RELIC","is_daily":false,"chose_seed":false,"campfire_upgraded":0,"win_rate":0.0,"timestamp":1613173940,"path_taken":["M","?","M","M","?","R","E","M","T","R","?","M","$","E","R","BOSS","M","M","$","?","M","E","R","M","T","R","$","M","E","M","R","BOSS","M","M","?","M","$","E","R","E","T","$","M","M","R","M","R","BOSS"],"items_purchased_type":["Relic","Card","Card","Card","Potion","Potion","Relic","Relic","Potion"],"build_version":"2020-12-22","purchased_purges":3,"victory":false,"max_hp_per_floor":[80,80,80,80,80,80,80,80,80,80,80,80,80,94,94,97,97,97,100,100,100,103,106,106,110,110,110,110,110,113,113,113,113,113,113,113,113,113,113,113,113,113,113,113,113,117,117,117,117,117,117],"card_choices":[{"not_picked":["Rupture","Flex"],"picked":"Body Slam","floor":1},{"not_picked":["Cleave","Second Wind"],"picked":"Hemokinesis","floor":3},{"not_picked":["Anger","Combust"],"picked":"Battle Trance","floor":4},{"not_picked":["Pommel Strike","Carnage"],"picked":"Double Tap","floor":7},{"not_picked":["Sever Soul","Cleave"],"picked":"Shrug It Off","floor":8},{"not_picked":["Perfected Strike","Combust"],"picked":"Blood for Blood","floor":12},{"not_picked":["Havoc","Flame Barrier"],"picked":"Offering","floor":14},{"not_picked":["Juggernaut","Barricade"],"picked":"Demon Form","floor":16},{"not_picked":["Armaments","Carnage","Cleave"],"picked":"SKIP","floor":18},{"not_picked":["Sword Boomerang","Twin Strike+1"],"picked":"Shrug It Off","floor":19},{"not_picked":["Whirlwind","Wild Strike"],"picked":"Body Slam","floor":22},{"not_picked":["Perfected Strike","Warcry"],"picked":"Pommel Strike","floor":23},{"not_picked":["Clothesline","Sword Boomerang"],"picked":"Intimidate+1","floor":25},{"not_picked":["Heavy Blade+1","Infernal Blade"],"picked":"Immolate+1","floor":29},{"not_picked":["Cleave+1","Fiend Fire+1"],"picked":"Uppercut+1","floor":30},{"not_picked":["Wild Strike+1","Twin Strike+1"],"picked":"Iron Wave+1","floor":31},{"not_picked":["Limit Break","Impervious"],"picked":"Feed+1","floor":33},{"not_picked":["Combust+1","Wild Strike+1"],"picked":"Entrench+1","floor":35},{"not_picked":["Power Through","Pommel Strike+1"],"picked":"Armaments+1","floor":36},{"not_picked":["Carnage+1","Iron Wave+1"],"picked":"Ghostly Armor+1","floor":38},{"not_picked":["Headbutt+1","Shrug It Off+1","Sword Boomerang+1"],"picked":"SKIP","floor":40},{"not_picked":["Pommel Strike+1","Havoc"],"picked":"Body Slam+1","floor":42},{"not_picked":["Shrug It Off","Twin Strike+1"],"picked":"Thunderclap+1","floor":45},{"not_picked":["Uppercut+1","Metallicize"],"picked":"Battle Trance","floor":46},{"not_picked":["Shockwave","Anger+1","Spot Weakness+1"],"picked":"SKIP","floor":48}],"player_experience":286962,"relics_obtained":[{"floor":7,"key":"Potion Belt"},{"floor":7,"key":"MealTicket"},{"floor":9,"key":"Bottled Flame"},{"floor":14,"key":"Mango"},{"floor":14,"key":"Omamori"},{"floor":23,"key":"Tiny Chest"},{"floor":23,"key":"Blue Candle"},{"floor":26,"key":"Molten Egg 2"},{"floor":30,"key":"Art of War"},{"floor":30,"key":"Regal Pillow"},{"floor":40,"key":"The Courier"},{"floor":40,"key":"Bottled Tornado"},{"floor":42,"key":"Kunai"},{"floor":42,"key":"Letter Opener"}],"event_choices":[{"damage_healed":0,"gold_gain":0,"player_choice":"Success","damage_taken":7,"relics_obtained":["CaptainsWheel"],"max_hp_gain":0,"max_hp_loss":0,"event_name":"Scrap Ooze","floor":2,"gold_loss":0},{"damage_healed":0,"gold_gain":30,"player_choice":"Searched \u00272\u0027 times","damage_taken":0,"relics_obtained":["CeramicFish"],"max_hp_gain":0,"max_hp_loss":0,"event_name":"Dead Adventurer","floor":11,"gold_loss":0},{"damage_healed":0,"gold_gain":0,"player_choice":"Ignored","damage_taken":0,"max_hp_gain":0,"max_hp_loss":0,"event_name":"Ghosts","floor":21,"gold_loss":0},{"damage_healed":0,"gold_gain":0,"cards_transformed":["Defend_R"],"player_choice":"Transformed","damage_taken":0,"max_hp_gain":0,"max_hp_loss":0,"event_name":"Transmorgrifier","floor":37,"gold_loss":0,"cards_obtained":["Second Wind"]}],"is_beta":false,"boss_relics":[{"not_picked":["SacredBark","Ectoplasm"],"picked":"Velvet Choker"},{"not_picked":["Fusion Hammer","Philosopher\u0027s Stone"],"picked":"SlaversCollar"}],"items_purged_floors":[13,20,44],"is_endless":false,"potions_floor_spawned":[1,8,12,14,22,23,25,33,36,40,42,48],"killed_by":"Donu and Deca","ascension_level":4}}