{"host":"j9ki0s1dicmcfq9y","time":1613092659,"event":{"mods":["BaseMod","Minty Spire (QoL Compilation)","StSLib","The Senshi"],"gold_per_floor":[113,113,4,4,179,206,30,65,133,133,150,164,164,177,177,282,332,347,357,392,392,407,422,433,433,515,526,526,537,537,552,552,652,652,670,689,699,749,749,749,763,763,763,818,835,850,865,865,865,865,865,865,53,80,80,80],"floor_reached":55,"language":"ENG","playtime":5511,"items_purged":["theSenshi:SailorMercuryAssists"],"score":733,"play_id":"3220db18-bddc-4200-8f30-5969a91f7adf","local_time":"20210211201739","is_ascension_mode":false,"campfire_choices":[{"data":"theSenshi:MoonCrisisMakeUp","floor":10,"key":"SMITH"},{"data":"theSenshi:MoonGorgeousMeditation","floor":13,"key":"SMITH"},{"data":"theSenshi:SailorMarsAssists","floor":15,"key":"SMITH"},{"data":"theSenshi:SailorUranusAssists","floor":25,"key":"SMITH"},{"data":"theSenshi:UranusStrength","floor":30,"key":"SMITH"},{"floor":32,"key":"RECALL"},{"data":"theSenshi:MoonPrincessHalation","floor":40,"key":"SMITH"},{"data":"theSenshi:MoonPrincessHalation","floor":42,"key":"SMITH"},{"floor":49,"key":"REST"},{"data":"theSenshi:MoonKick","floor":52,"key":"SMITH"}],"circlet_count":0,"master_deck":["theSenshi:SailorKick","theSenshi:SailorKick","theSenshi:SailorKick","theSenshi:SailorBlock","theSenshi:SailorBlock","theSenshi:SailorBlock+1","theSenshi:SailorBlock","theSenshi:RoseThrow","theSenshi:MoonPrismPowerMakeUp+1","theSenshi:MoonKick+1","theSenshi:SailorUranusAssists+1","theSenshi:MoonCrisisMakeUp+1","theSenshi:UranusStrength+1","theSenshi:SailorSaturnAssists","theSenshi:SailorMarsAssists+1","theSenshi:MoonGorgeousMeditation+1","theSenshi:SailorJupiterAssists","theSenshi:SailorSaturnAssists","theSenshi:MoonPunch+1","theSenshi:InTheNickOfTime+1","theSenshi:SailorMarsAssists+1","theSenshi:SailorMercuryAssists+1","theSenshi:MoonPrincessHalation+1","theSenshi:MoonPrincessHalation+1","theSenshi:TuxedoMaskAssists+1","theSenshi:MoonPunch+1","theSenshi:SailorMercuryAssists+1","theSenshi:StudyParty"],"relics":["theSenshi:TransformationBroochRelic","NeowsBlessing","Pear","theSenshi:FeatherClipsRelic","Mummified Hand","Tiny House","Red Mask","The Courier","Empty Cage","CaptainsWheel","StoneCalendar","Letter Opener","Kunai","DollysMirror","Orichalcum","Mercury Hourglass"],"acts_visited":["Exordium","TheCity","TheBeyond","TheEnding"],"potions_floor_usage":[20,33,33,47,50,50,54,55],"damage_taken":[{"damage":0,"enemies":"Small Slimes","floor":1,"turns":1},{"damage":0,"enemies":"Lagavulin","floor":6,"turns":1},{"damage":0,"enemies":"Gremlin Nob","floor":8,"turns":1},{"damage":0,"enemies":"Cultist","floor":11,"turns":4},{"damage":4,"enemies":"2 Louse","floor":12,"turns":3},{"damage":9,"enemies":"Blue Slaver","floor":14,"turns":3},{"damage":35,"enemies":"The Guardian","floor":16,"turns":12},{"damage":8,"enemies":"Spheric Guardian","floor":18,"turns":4},{"damage":0,"enemies":"Shell Parasite","floor":19,"turns":6},{"damage":9,"enemies":"Masked Bandits","floor":20,"turns":6},{"damage":19,"enemies":"Shelled Parasite and Fungi","floor":22,"turns":8},{"damage":0,"enemies":"Centurion and Healer","floor":23,"turns":10},{"damage":2,"enemies":"Snecko","floor":24,"turns":5},{"damage":13,"enemies":"Snake Plant","floor":27,"turns":6},{"damage":19,"enemies":"Cultist and Chosen","floor":29,"turns":8},{"damage":23,"enemies":"Sentry and Sphere","floor":31,"turns":7},{"damage":48,"enemies":"Champ","floor":33,"turns":14},{"damage":18,"enemies":"3 Darklings","floor":35,"turns":5},{"damage":11,"enemies":"Orb Walker","floor":36,"turns":4},{"damage":32,"enemies":"Transient","floor":37,"turns":5},{"damage":0,"enemies":"Mind Bloom Boss Battle","floor":38,"turns":11},{"damage":10,"enemies":"3 Darklings","floor":41,"turns":6},{"damage":20,"enemies":"2 Orb Walkers","floor":44,"turns":5},{"damage":23,"enemies":"Maw","floor":45,"turns":7},{"damage":27,"enemies":"Jaw Worm Horde","floor":46,"turns":5},{"damage":11,"enemies":"4 Shapes","floor":47,"turns":4},{"damage":85,"enemies":"Time Eater","floor":50,"turns":14},{"damage":105,"enemies":"Shield and Spear","floor":54,"turns":9},{"damage":95,"enemies":"The Heart","floor":55,"turns":9}],"seed_played":"3922572808829887323","potions_obtained":[{"floor":6,"key":"Dexterity Potion"},{"floor":8,"key":"SteroidPotion"},{"floor":16,"key":"SneckoOil"},{"floor":17,"key":"Ancient Potion"},{"floor":18,"key":"FairyPotion"},{"floor":20,"key":"Strength Potion"},{"floor":35,"key":"Strength Potion"},{"floor":37,"key":"LiquidBronze"},{"floor":38,"key":"Regen Potion"},{"floor":45,"key":"Fire Potion"},{"floor":47,"key":"Energy Potion"}],"is_trial":false,"path_per_floor":["M","?","$","$","?","E","$","E","T","R","M","M","R","M","R","B",null,"M","M","?","?","M","M","M","R","T","M","?","M","R","M","R","B",null,"M","M","M","?","?","R","M","R","T","?","M","M","M","?","R","B",null,"R","$","E","B"],"character_chosen":"THE_SENSHI","items_purchased":["theSenshi:SailorUranusAssists","theSenshi:MoonCrisisMakeUp","theSenshi:SailorSaturnAssists","theSenshi:SailorMercuryAssists","Letter Opener","Kunai","LiquidMemories","Regen Potion","DollysMirror","Orichalcum"],"campfire_rested":1,"item_purchase_floors":[3,3,7,7,53,53,53,53,53,53],"current_hp_per_floor":[75,75,75,75,75,85,85,85,85,85,85,85,85,82,82,63,90,90,90,90,90,87,90,90,90,90,83,65,72,72,60,60,53,95,93,91,75,95,95,95,95,95,95,81,74,63,63,63,91,22,95,95,95,26,0,0],"gold":80,"neow_bonus":"THREE_ENEMY_KILL","is_daily":false,"chose_seed":false,"campfire_upgraded":8,"win_rate":0.0,"timestamp":1613092659,"path_taken":["M","?","?","$","?","E","$","E","T","R","M","M","R","M","R","BOSS","M","M","?","?","?","M","M","R","T","M","?","M","R","M","R","BOSS","M","M","M","?","?","R","M","R","T","?","M","?","M","?","R","BOSS","R","$","E","BOSS"],"items_purchased_type":["Card","Card","Card","Card","Relic","Relic","Potion","Potion","Relic","Relic"],"build_version":"2020-12-22","purchased_purges":1,"victory":false,"max_hp_per_floor":[75,75,75,75,75,85,85,85,85,85,85,85,85,85,85,85,90,90,90,90,90,90,90,90,90,90,90,95,95,95,95,95,95,95,95,95,95,95,95,95,95,95,95,95,95,95,95,95,95,95,95,95,95,95,95,95],"card_choices":[{"not_picked":["theSenshi:SailorMercuryAssists","theSenshi:CrisisMakeUp"],"picked":"theSenshi:MoonKick","floor":1},{"not_picked":["theSenshi:MoonCosmicPowerMakeUp","theSenshi:SailorSaturnAssists"],"picked":"theSenshi:UranusStrength","floor":6},{"not_picked":["theSenshi:Sidestep","theSenshi:MoonTwilightFlash","theSenshi:EncouragingSpeech"],"picked":"SKIP","floor":8},{"not_picked":["theSenshi:TallSilhouette","theSenshi:CrisisMakeUp"],"picked":"theSenshi:SailorMarsAssists","floor":11},{"not_picked":["theSenshi:SailorV","theSenshi:SailorVenusAssists"],"picked":"theSenshi:MoonGorgeousMeditation","floor":12},{"not_picked":["theSenshi:UranusStrength","theSenshi:SailorMercuryAssists"],"picked":"theSenshi:SailorJupiterAssists","floor":14},{"not_picked":["theSenshi:JupitersPower","theSenshi:ChibiMoonsLove"],"picked":"theSenshi:SailorSaturnAssists","floor":16},{"not_picked":["theSenshi:DramaticEntrance","theSenshi:SailorJupiterAssists","theSenshi:SailorPlanetPower"],"picked":"SKIP","floor":18},{"not_picked":["theSenshi:LunaWiseMentor","theSenshi:Overload"],"picked":"theSenshi:MoonPunch+1","floor":19},{"not_picked":["theSenshi:SailorCosmosAssists","theSenshi:SailorMercuryAssists"],"picked":"theSenshi:InTheNickOfTime+1","floor":20},{"not_picked":["theSenshi:OdangoHead+1","theSenshi:SailorVenusAssists","theSenshi:MoonCrystalPowerMakeUp"],"picked":"SKIP","floor":22},{"not_picked":["theSenshi:SailorJupiterAssists","theSenshi:LunasBite","theSenshi:Overload+1"],"picked":"SKIP","floor":23},{"not_picked":["theSenshi:SailorChibiMoonAssists+1","theSenshi:SailorJupiterAssists","theSenshi:MoonKick"],"picked":"SKIP","floor":24},{"not_picked":["theSenshi:SailorCosmosAssists","theSenshi:SailorPlanetPower","theSenshi:NeptunesGrace"],"picked":"SKIP","floor":27},{"not_picked":["theSenshi:SailorStarMakerAssists","theSenshi:SteeledNerves"],"picked":"theSenshi:SailorMarsAssists+1","floor":29},{"not_picked":["theSenshi:MoonTwilightFlash","theSenshi:MoonPunch","theSenshi:TuxedoMaskAssists"],"picked":"SKIP","floor":31},{"not_picked":["theSenshi:UranusStrength","theSenshi:SailorMarsAssists+1"],"picked":"theSenshi:SailorMercuryAssists+1","floor":35},{"not_picked":["theSenshi:MercurysCunning","theSenshi:TuxedoSmokingBomber"],"picked":"theSenshi:MoonPrincessHalation","floor":36},{"not_picked":["theSenshi:MoonPower","theSenshi:SailorMarsAssists+1","theSenshi:SailorUranusAssists+1"],"picked":"SKIP","floor":37},{"not_picked":["theSenshi:UranusStrength+1","theSenshi:TallSilhouette"],"picked":"theSenshi:MoonPrincessHalation","floor":41},{"not_picked":["theSenshi:SailorMercuryAssists","theSenshi:TuxedoSmokingBomber+1"],"picked":"theSenshi:TuxedoMaskAssists+1","floor":44},{"not_picked":["theSenshi:MoonPrincessHalation","theSenshi:SchoolBag","theSenshi:CrisisMakeUp+1"],"picked":"SKIP","floor":45},{"not_picked":["theSenshi:LateForSchool+1","theSenshi:GlimpseOfThePast"],"picked":"theSenshi:MoonsReflection+1","floor":46},{"not_picked":["theSenshi:SupersonicWaves","theSenshi:MoonsReflection+1"],"picked":"theSenshi:MoonPunch+1","floor":47},{"not_picked":["theSenshi:SailorStarMakerAssists","theSenshi:Overload+1"],"picked":"theSenshi:StudyParty","floor":54}],"player_experience":755531,"relics_obtained":[{"floor":6,"key":"Pear"},{"floor":8,"key":"theSenshi:FeatherClipsRelic"},{"floor":9,"key":"Mummified Hand"},{"floor":20,"key":"Red Mask"},{"floor":26,"key":"The Courier"},{"floor":38,"key":"CaptainsWheel"},{"floor":44,"key":"StoneCalendar"},{"floor":54,"key":"Mercury Hourglass"}],"event_choices":[{"damage_healed":0,"gold_gain":0,"player_choice":"Upgraded","damage_taken":0,"max_hp_gain":0,"max_hp_loss":0,"event_name":"Upgrade Shrine","floor":2,"gold_loss":0,"cards_upgraded":["theSenshi:MoonPrismPowerMakeUp"]},{"damage_healed":0,"gold_gain":175,"player_choice":"AGREE","damage_taken":0,"max_hp_gain":0,"max_hp_loss":0,"event_name":"Liars Game","floor":5,"gold_loss":0,"cards_obtained":["Doubt"]},{"damage_healed":0,"gold_gain":0,"player_choice":"Fought Bandits","damage_taken":0,"max_hp_gain":0,"max_hp_loss":0,"event_name":"Masked Bandits","floor":20,"gold_loss":0},{"damage_healed":0,"gold_gain":0,"player_choice":"Ignored","damage_taken":0,"max_hp_gain":0,"max_hp_loss":0,"event_name":"NoteForYourself","floor":21,"gold_loss":0},{"damage_healed":0,"gold_gain":0,"player_choice":"Shed Blood","damage_taken":23,"max_hp_gain":5,"max_hp_loss":0,"event_name":"Forgotten Altar","floor":28,"gold_loss":0},{"damage_healed":0,"gold_gain":0,"player_choice":"Fight","damage_taken":0,"max_hp_gain":0,"max_hp_loss":0,"event_name":"MindBloom","floor":38,"gold_loss":0},{"damage_healed":0,"gold_gain":0,"player_choice":"Memory 1","damage_taken":0,"max_hp_gain":0,"max_hp_loss":0,"event_name":"SensoryStone","floor":39,"gold_loss":0},{"damage_healed":0,"gold_gain":0,"player_choice":"Fight","damage_taken":0,"max_hp_gain":0,"max_hp_loss":0,"event_name":"Mysterious Sphere","floor":44,"gold_loss":0},{"cards_removed":["theSenshi:MoonsReflection"],"damage_healed":0,"gold_gain":0,"player_choice":"Purged","damage_taken":0,"max_hp_gain":0,"max_hp_loss":0,"event_name":"Purifier","floor":48,"gold_loss":0}],"is_beta":false,"boss_relics":[{"not_picked":["theSenshi:MoonKaleidoScopeRelic","Velvet Choker"],"picked":"Tiny House"},{"not_picked":["Pandora\u0027s Box","Coffee Dripper"],"picked":"Empty Cage"}],"items_purged_floors":[53],"is_endless":false,"potions_floor_spawned":[6,8,16,18,20,27,35,37,38,45,46,47],"killed_by":"The Heart","ascension_level":0}}