{"host":"iphsb0ccnjx0pfn6","time":1613139214,"event":{"mods":["2.2 Compatiblity","AchievementEnabler","BaseMod","Colored Map","DeckTracker","Keyboard Shortcuts","Minty Spire (QoL Compilation)","Permanent Neow","Quick Restart","Relic Stats","StSLib","SuperFastMode","Uncapped","everything is the same but u backflip on backflip"],"gold_per_floor":[111,36,47,64,64,64,92,92,92,92,105,105,116,141,141,141,141],"floor_reached":16,"language":"KOR","playtime":297,"items_purged":[],"score":200,"play_id":"f2f96b63-87f7-44a0-8ba0-ba5104b9b901","local_time":"20210212231334","is_ascension_mode":true,"campfire_choices":[{"data":"Wild Strike","floor":6.0,"key":"SMITH"},{"floor":8.0,"key":"REST"},{"floor":10.0,"key":"REST"},{"data":"Dropkick","floor":15.0,"key":"SMITH"}],"circlet_count":0,"master_deck":["AscendersBane","Strike_R","Strike_R","Strike_R","Defend_R","Defend_R","Defend_R","Defend_R","Bash+1","Wild Strike+1","Dropkick+1","Sentinel+1","Battle Trance+1","Double Tap+1"],"relics":["Burning Blood","Toxic Egg 2","White Beast Statue","Regal Pillow"],"acts_visited":["Exordium"],"potions_floor_usage":[16,16],"damage_taken":[{"damage":7.0,"enemies":"2 Louse","floor":1.0,"turns":4.0},{"damage":7.0,"enemies":"Small Slimes","floor":3.0,"turns":3.0},{"damage":7.0,"enemies":"Jaw Worm","floor":4.0,"turns":3.0},{"damage":55.0,"enemies":"3 Sentries","floor":7.0,"turns":16.0},{"damage":6.0,"enemies":"2 Fungi Beasts","floor":11.0,"turns":5.0},{"damage":29.0,"enemies":"Exordium Thugs","floor":13.0,"turns":7.0},{"damage":43,"enemies":"Slime Boss","floor":16,"turns":7}],"seed_played":"-1951493850350737445","potions_obtained":[{"floor":7.0,"key":"SpeedPotion"},{"floor":11.0,"key":"SpeedPotion"}],"is_trial":false,"path_per_floor":["M","?","M","M","$","R","E","R","T","R","M","?","M","T","R","B"],"character_chosen":"IRONCLAD","items_purchased":[],"campfire_rested":2,"item_purchase_floors":[],"current_hp_per_floor":[67,67,66,65,65,65,16,38,38,60,60,60,37,37,37,0,0],"gold":141,"neow_bonus":"UPGRADE_CARD","is_daily":false,"chose_seed":false,"campfire_upgraded":2,"win_rate":0.0,"timestamp":1613139214,"path_taken":["M","?","M","M","$","R","E","R","T","R","M","?","M","?","R","BOSS"],"items_purchased_type":[],"build_version":"2020-12-22","purchased_purges":0,"victory":false,"max_hp_per_floor":[75,75,75,75,75,75,75,75,75,75,75,75,75,75,75,75,75],"relic_stats":{"Regal Pillow":0,"counters":[7,45],"obtain_stats":[{"Regal Pillow":14,"Toxic Egg 2":7,"Burning Blood":0,"White Beast Statue":9},{"Regal Pillow":6,"Toxic Egg 2":4,"Burning Blood":0,"White Beast Statue":4},{"Regal Pillow":38,"Toxic Egg 2":26,"Burning Blood":0,"White Beast Statue":26}],"Burning Blood":36},"card_choices":[{"not_picked":["Warcry","Flex"],"picked":"Wild Strike","floor":1.0},{"not_picked":["Infernal Blade","Flex","Warcry"],"picked":"SKIP","floor":3.0},{"not_picked":["Feel No Pain","Twin Strike"],"picked":"Dropkick","floor":4.0},{"not_picked":["Infernal Blade+1","Clothesline"],"picked":"Sentinel+1","floor":7.0},{"not_picked":["True Grit+1","Clothesline"],"picked":"Battle Trance+1","floor":11.0},{"not_picked":["True Grit+1","Armaments+1"],"picked":"Double Tap+1","floor":13.0}],"player_experience":1307255,"relics_obtained":[{"floor":7.0,"key":"Toxic Egg 2"},{"floor":9.0,"key":"White Beast Statue"},{"floor":14.0,"key":"Regal Pillow"}],"event_choices":[{"cards_removed":["Strike_R"],"damage_healed":0.0,"max_hp_gain":0.0,"max_hp_loss":0.0,"gold_gain":0.0,"event_name":"The Cleric","player_choice":"Card Removal","floor":2.0,"gold_loss":75.0,"damage_taken":0.0},{"cards_removed":["Strike_R"],"damage_healed":0.0,"max_hp_gain":0.0,"max_hp_loss":0.0,"gold_gain":0.0,"event_name":"Living Wall","player_choice":"Forget","floor":12.0,"gold_loss":0.0,"damage_taken":0.0}],"is_beta":false,"boss_relics":[],"items_purged_floors":[],"is_endless":false,"potions_floor_spawned":[7,11,13],"killed_by":"Slime Boss","ascension_level":20}}