{"host":"i8q7ze1vl6je1zeo","time":1613099002,"event":{"mods":["BaseMod","Colored Map","Colored Powertips","Highlight Path","Minty Spire (QoL Compilation)","Permanent Neow","StSLib"],"gold_per_floor":[114,114,114,126,126,126,153,165,177,189,230,252,264,294,306,318,318],"floor_reached":16,"language":"ENG","playtime":921,"items_purged":[],"score":189,"play_id":"9967dc6e-6b9e-408a-9e22-afba69205479","local_time":"20210211210322","is_ascension_mode":true,"campfire_choices":[{"data":"Headbutt","floor":6,"key":"SMITH"},{"data":"Whirlwind","floor":10,"key":"SMITH"},{"floor":13,"key":"REST"},{"data":"Power Through","floor":15,"key":"SMITH"}],"circlet_count":0,"master_deck":["AscendersBane","Strike_R","Strike_R","Strike_R","Defend_R","Defend_R","Defend_R","Defend_R","Bash","Ghostly Armor","Headbutt+1","Whirlwind+1","Spot Weakness","Evolve+1","Power Through+1"],"relics":["Burning Blood","Smiling Mask","MawBank","Self Forming Clay","Frozen Egg 2"],"acts_visited":[],"potions_floor_usage":[7,7,11,16],"damage_taken":[{"damage":11.0,"enemies":"Jaw Worm","floor":1.0,"turns":4.0},{"damage":11,"enemies":"Small Slimes","floor":4,"turns":5},{"damage":45,"enemies":"3 Sentries","floor":7,"turns":13},{"damage":29,"enemies":"Lagavulin","floor":11,"turns":7},{"damage":2,"enemies":"2 Louse","floor":12,"turns":2},{"damage":7,"enemies":"Large Slime","floor":14,"turns":5},{"damage":24,"enemies":"The Guardian","floor":16,"turns":10}],"seed_played":"-1879508589989295750","potions_obtained":[{"floor":1.0,"key":"Strength Potion"},{"floor":4,"key":"Regen Potion"},{"floor":7,"key":"Energy Potion"},{"floor":14,"key":"Dexterity Potion"}],"is_trial":false,"path_per_floor":["M","?","?","M","?","R","E","$","T","R","E","M","R","M","R","B"],"character_chosen":"IRONCLAD","items_purchased":[],"campfire_rested":1,"item_purchase_floors":[],"current_hp_per_floor":[63,56,56,51,56,56,32,32,32,32,9,13,37,36,36,12,12],"gold":318,"neow_bonus":"RANDOM_COMMON_RELIC","is_daily":false,"chose_seed":false,"campfire_upgraded":3,"win_rate":0.0,"timestamp":1613099002,"path_taken":["M","?","?","M","?","R","E","$","T","R","E","M","R","M","R","BOSS"],"items_purchased_type":[],"build_version":"2020-12-22","purchased_purges":0,"victory":false,"max_hp_per_floor":[75,75,75,75,80,80,80,80,80,80,80,80,80,80,80,80,80],"card_choices":[{"not_picked":["Wild Strike","Warcry"],"picked":"Ghostly Armor","floor":1.0},{"not_picked":["Battle Trance","Combust"],"picked":"Headbutt","floor":4},{"not_picked":["Intimidate","Anger"],"picked":"Whirlwind","floor":7},{"not_picked":["Clash","Second Wind"],"picked":"Spot Weakness","floor":11},{"not_picked":["Dark Embrace+1","Shrug It Off"],"picked":"Evolve+1","floor":12},{"not_picked":["Burning Pact","Hemokinesis"],"picked":"Power Through","floor":14}],"player_experience":445867,"relics_obtained":[{"floor":7,"key":"MawBank"},{"floor":9,"key":"Self Forming Clay"},{"floor":11,"key":"Frozen Egg 2"}],"event_choices":[{"cards_removed":["Strike_R"],"damage_healed":0,"gold_gain":0,"player_choice":"Card Removal","damage_taken":7,"max_hp_gain":0,"max_hp_loss":0,"event_name":"Golden Wing","floor":2,"gold_loss":0},{"cards_removed":["Strike_R"],"damage_healed":0,"gold_gain":0,"player_choice":"Forget","damage_taken":0,"max_hp_gain":0,"max_hp_loss":0,"event_name":"Living Wall","floor":3,"gold_loss":0},{"damage_healed":0,"gold_gain":0,"player_choice":"Donut","damage_taken":0,"max_hp_gain":5,"max_hp_loss":0,"event_name":"Big Fish","floor":5,"gold_loss":0}],"is_beta":false,"boss_relics":[],"items_purged_floors":[],"is_endless":false,"potions_floor_spawned":[1,4,7,14],"killed_by":"The Guardian","ascension_level":15}}