{"host":"u0qetpmu4y58k1tf","time":1613113362,"event":{"mods":["100% Spire Juice","AchievementEnabler","Act Like it!","BaseMod","CapriCore","Colored Map","Colored Powertips","Hermit","Koishi","Marisa£¨Ùöéë¡¡Øª×âÞÞ£©","Minty Spire (QoL Compilation)","Quick Restart","Reliquary","Replay The Spire","StSLib","SuperFastMode","Td1madao Mod","The Bug Knight","The Cursed","The Gatherer","The Hierophant","The Immortal","The Jungle","The Runesmith"],"gold_per_floor":[114,39,54,74,74,74,74,74,99,140,140,159,177,200,200,324,324,344,344,344,368,184,184,284,323,323,323,344,383,396,396,396],"floor_reached":31,"language":"KOR","playtime":2089,"items_purged":["Strike_B","Doubt"],"score":328,"play_id":"55521ddc-ff23-4577-8936-43a8e18fdff0","local_time":"20210212160242","is_ascension_mode":true,"campfire_choices":[{"data":"Zap","floor":6.0,"key":"SMITH"},{"data":"Dualcast","floor":11.0,"key":"SMITH"},{"data":"ReplayTheSpireMod:Calculation Training","floor":15.0,"key":"SMITH"},{"data":"Turbo","floor":23.0,"key":"SMITH"},{"data":"Redo","floor":27,"key":"SMITH"}],"circlet_count":0,"master_deck":["Strike_B","Strike_B","Strike_B","Defend_B","Defend_B","Defend_B","Defend_B","Zap+1","Dualcast+1","Go for the Eyes","Beam Cell","All For One","Streamline","ReplayTheSpireMod:Calculation Training+1","Capacitor","Machine Learning","Turbo+1","Panache","ReplayTheSpireMod:Doomed","Crystallizer","Redo+1","White Noise","Hologram+1","Steam"],"relics":["Cracked Core","NeowsBlessing","Divine Protection","Bag of Marbles","Golden Idol","Tiny Chest","reliquary:TatteredRug","Nuclear Battery","Ring of Misfortune","Ring of Fury","Centennial Puzzle","ReplayTheSpireMod:CursedCoin","Boot","TungstenRod","ReplayTheSpireMod:Lightbulb"],"acts_visited":["Exordium","Exordium"],"potions_floor_usage":[29],"damage_taken":[{"damage":0.0,"enemies":"Cultist","floor":1.0,"turns":1.0},{"damage":0.0,"enemies":"Jaw Worm","floor":3.0,"turns":1.0},{"damage":0.0,"enemies":"2 Louse","floor":4.0,"turns":1.0},{"damage":17.0,"enemies":"Lagavulin","floor":10.0,"turns":5.0},{"damage":0.0,"enemies":"Exordium Wildlife","floor":12.0,"turns":2.0},{"damage":0.0,"enemies":"2 Fungi Beasts","floor":13.0,"turns":2.0},{"damage":0.0,"enemies":"3 Louse","floor":14.0,"turns":2.0},{"damage":7.0,"enemies":"Hexaghost","floor":16.0,"turns":5.0},{"damage":5.0,"enemies":"theJungle:GiantWrat","floor":18.0,"turns":4.0},{"damage":34,"enemies":"theJungle:Cassacara","floor":25,"turns":6},{"damage":0,"enemies":"theJungle:MUSHROOMGANG","floor":28,"turns":3},{"damage":40,"enemies":"theJungle:MamaSnecko","floor":29,"turns":5},{"damage":4,"enemies":"theJungle:SlimyTreeVines","floor":30,"turns":4},{"damage":9,"enemies":"theJungle:Cassacara","floor":31,"turns":2}],"seed_played":"3827665614133447415","potions_obtained":[{"floor":1.0,"key":"Adrenaline Potion"},{"floor":3.0,"key":"Strength Potion"},{"floor":10.0,"key":"BlessingOfTheForge"},{"floor":14.0,"key":"FocusPotion"},{"floor":28,"key":"Regen Potion"},{"floor":30,"key":"SteroidPotion"}],"is_trial":false,"path_per_floor":["M","$","M","M","T","R","?","?","T","E","R","M","M","M","R","B",null,"M","?","?","T","$","R","?","E","T","R","M","E","M","E"],"character_chosen":"DEFECT","items_purchased":["Panache","ReplayTheSpireMod:CursedCoin","Crystallizer"],"campfire_rested":0,"item_purchase_floors":[22,22,22],"current_hp_per_floor":[75,75,75,75,75,75,57,39,39,22,22,22,22,22,22,15,75,70,70,75,75,75,75,70,36,36,36,36,10,9,0,0],"gold":396,"neow_bonus":"THREE_ENEMY_KILL","is_daily":false,"chose_seed":false,"campfire_upgraded":5,"win_rate":0.0,"timestamp":1613113362,"path_taken":["M","$","?","M","?","R","?","?","T","E","R","M","?","M","R","BOSS","M","?","?","?","$","R","?","E","T","R","?","E","M","E"],"items_purchased_type":["Card","Relic","Card"],"build_version":"2020-12-22","purchased_purges":2,"victory":false,"max_hp_per_floor":[75,75,75,75,75,75,75,75,75,75,75,75,75,75,75,75,75,75,75,75,75,75,75,75,75,75,75,75,75,75,75,75],"card_choices":[{"not_picked":["ReplaySort","Compile Driver"],"picked":"Go for the Eyes","floor":1.0},{"not_picked":["Glacier","ReplayTheSpireMod:Repulse","Barrage"],"picked":"SKIP","floor":3.0},{"not_picked":["Compile Driver","ReplayTheSpireMod:GoodbyeWorld"],"picked":"Beam Cell","floor":4.0},{"not_picked":["Recycle","Time Bomb"],"picked":"All For One","floor":10.0},{"not_picked":["Defragment","Cold Snap"],"picked":"Streamline","floor":12.0},{"not_picked":["Panic Button","Recycle"],"picked":"ReplayTheSpireMod:Calculation Training","floor":13.0},{"not_picked":["Leap","Compile Driver"],"picked":"Capacitor","floor":14.0},{"not_picked":["Thunder Strike","Biased Cognition"],"picked":"Machine Learning","floor":16.0},{"not_picked":["Redo","Panic Button"],"picked":"Turbo","floor":18.0},{"not_picked":["Leap+1","Stack"],"picked":"Redo","floor":25},{"not_picked":["Leap+1","Conserve Battery+1"],"picked":"White Noise","floor":28},{"not_picked":["Go for the Eyes","Rip and Tear+1"],"picked":"Hologram+1","floor":29},{"not_picked":["Go for the Eyes","Rebound"],"picked":"Steam","floor":30}],"player_experience":103550,"relics_obtained":[{"floor":5.0,"key":"Divine Protection"},{"floor":9.0,"key":"Tiny Chest"},{"floor":10.0,"key":"reliquary:TatteredRug"},{"floor":19.0,"key":"Ring of Misfortune"},{"floor":19.0,"key":"Ring of Fury"},{"floor":21.0,"key":"Centennial Puzzle"},{"floor":25,"key":"Boot"},{"floor":26,"key":"TungstenRod"},{"floor":29,"key":"ReplayTheSpireMod:Lightbulb"}],"event_choices":[{"damage_healed":0.0,"max_hp_gain":0.0,"max_hp_loss":0.0,"gold_gain":0.0,"event_name":"Scrap Ooze","player_choice":"Success","floor":7.0,"gold_loss":0.0,"damage_taken":18.0,"relics_obtained":["Bag of Marbles"]},{"damage_healed":0.0,"max_hp_gain":0.0,"max_hp_loss":0.0,"gold_gain":0.0,"event_name":"Golden Idol","player_choice":"Take Damage","floor":8.0,"gold_loss":0.0,"damage_taken":18.0,"relics_obtained":["Golden Idol"]}],"is_beta":false,"boss_relics":[{"not_picked":["Tiny House","Fusion Hammer"],"picked":"Nuclear Battery"}],"items_purged_floors":[2,22],"is_endless":false,"potions_floor_spawned":[1,3,10,14,28,30],"killed_by":"theJungle:Cassacara","ascension_level":4}}