{"host":"36qke0usa4c48kdx","time":1613164433,"event":{"mods":["AchievementEnabler","BaseMod","Colored Map","Downfall","Hermit","Hubris","Marisa????????","Minty Spire (QoL Compilation)","READ ME - Guardian Mod","Replay The Spire","Shop Mod","StSLib","The Bug Knight","The Cursed","The Disciple","The Jungle","The Servant 0.9.4"],"gold_per_floor":[110,110,205,175,189,189,63,63,63,88,106,116,143,143,143,248,248,264,264,264,275,285,28,44,44,93,143,155,180,213,141,153,65,65],"floor_reached":33,"language":"ENG","playtime":1969,"items_purged":["hermit:Defend_Hermit","hermit:Defend_Hermit"],"score":307,"play_id":"ecfd46da-5e09-439b-850e-a1154140abe5","local_time":"20210212221353","is_ascension_mode":false,"campfire_choices":[{"data":"hermit:WideOpen","floor":6.0,"key":"SMITH"},{"data":"hermit:Misfire","floor":8.0,"key":"SMITH"},{"floor":15.0,"key":"REST"},{"floor":32,"key":"REST"}],"circlet_count":0,"master_deck":["hermit:Strike_Hermit","hermit:Strike_Hermit","hermit:Strike_Hermit","hermit:Defend_Hermit","hermit:Snapshot+1","hermit:Covet","hermit:FlashPowder","hermit:Horror","hermit:Misfire+1","hermit:WideOpen+1","hermit:TakeAim","hermit:TakeAim","hermit:Maintenance","hermit:WideOpen","hermit:LuckOfTheDraw","hermit:CursedWeapon","hermit:FromBeyond","hermit:NoHoldsBarred","hermit:Showdown","RitualDagger","hermit:Glare","hermit:DeadMansHand+1","hermit:CursedWeapon","hermit:BigShot","Shame","Hallucinations","Ghostly","Ghostly","Ghostly","Ghostly","Ghostly","hermit:Desperado","Spreading Infection","ReplayTheSpireMod:Restless Dread","hermit:Determination"],"relics":["hermit:Momento","hubris:Towel","Juzu Bracelet","Akabeko","Replay:Rubber Ducky","Bronze Scales","Empty Cage","Replay:Wax Seal","hermit:RyeStalk","Lantern","Bag of Preparation","ReplayTheSpireMod:Ring of Sloth","Ring of Greed","Golden Idol","MawBank"],"acts_visited":["TheCity"],"potions_floor_usage":[31,33,33],"damage_taken":[{"damage":11.0,"enemies":"2 Louse","floor":1.0,"turns":3.0},{"damage":0.0,"enemies":"Small Slimes","floor":5.0,"turns":2.0},{"damage":22.0,"enemies":"Gremlin Nob","floor":10.0,"turns":4.0},{"damage":0.0,"enemies":"Cultist","floor":11.0,"turns":2.0},{"damage":12.0,"enemies":"Lots of Slimes","floor":12.0,"turns":4.0},{"damage":10.0,"enemies":"3 Sentries","floor":13.0,"turns":5.0},{"damage":19.0,"enemies":"Slime Boss","floor":16.0,"turns":7.0},{"damage":26.0,"enemies":"Spheric Guardian","floor":18.0,"turns":4.0},{"damage":21.0,"enemies":"2 Thieves","floor":21.0,"turns":4.0},{"damage":2.0,"enemies":"Centurion and Healer","floor":22.0,"turns":4.0},{"damage":11.0,"enemies":"3 Cultists","floor":24.0,"turns":3.0},{"damage":2.0,"enemies":"Snake Plant","floor":29.0,"turns":2.0},{"damage":5.0,"enemies":"Centurion and Healer","floor":30.0,"turns":4.0},{"damage":1,"enemies":"Cultist and Chosen","floor":31,"turns":4},{"damage":29,"enemies":"Collector","floor":33,"turns":6}],"seed_played":"-1422896586817825464","potions_obtained":[{"floor":4.0,"key":"EntropicBrew"},{"floor":4.0,"key":"Doom Potion"},{"floor":13.0,"key":"LifebloodPotion"},{"floor":18.0,"key":"BlessingOfTheForge"},{"floor":30.0,"key":"Adrenaline Potion"},{"floor":31,"key":"LiquidMemories"}],"is_trial":false,"path_per_floor":["M","?","?","?","M","R","$","R","T","E","M","M","E","$","R","B",null,"M","?","?","M","M","$","M","?","T","?","?","M","M","M","R","B"],"character_chosen":"HERMIT","items_purchased":["hermit:TakeAim","Replay:Wax Seal","hermit:CursedWeapon","hermit:RyeStalk","hermit:BigShot"],"campfire_rested":2,"item_purchase_floors":[7,23,23,23,23],"current_hp_per_floor":[64,64,46,46,46,46,46,46,46,24,24,12,2,2,24,5,75,49,49,43,22,20,20,9,9,9,9,9,7,2,1,12,0,0],"gold":65,"neow_bonus":"RANDOM_EVENT","is_daily":false,"chose_seed":false,"campfire_upgraded":2,"win_rate":0.0,"timestamp":1613164433,"path_taken":["M","?","?","?","M","R","$","R","T","E","M","M","E","?","R","BOSS","M","?","?","M","M","?","M","?","T","?","?","M","M","M","R","BOSS"],"items_purchased_type":["Card","Relic","Card","Relic","Card"],"build_version":"2020-12-22","purchased_purges":2,"victory":false,"max_hp_per_floor":[75,75,75,75,75,75,75,75,75,75,75,75,75,75,75,75,75,75,75,75,75,75,75,75,75,75,75,37,37,37,37,37,37,37],"card_choices":[{"not_picked":["hermit:ItchyTrigger","hermit:Vantage"],"picked":"hermit:FlashPowder","floor":1.0},{"not_picked":["hermit:Manifest","hermit:Cheat"],"picked":"hermit:Horror","floor":3.0},{"not_picked":["hermit:LowProfile","hermit:Coalescence"],"picked":"hermit:Misfire","floor":3.0},{"not_picked":["hermit:ItchyTrigger","hermit:HighCaliber"],"picked":"hermit:WideOpen","floor":5.0},{"not_picked":["hermit:TakeCover","hermit:ItchyTrigger"],"picked":"hermit:Maintenance","floor":10.0},{"not_picked":["hermit:DeadMansHand","hermit:Feint","hermit:WideOpen"],"picked":"SKIP","floor":11.0},{"not_picked":["hermit:DeadMansHand","hermit:Feint"],"picked":"hermit:WideOpen","floor":11.0},{"not_picked":["hermit:Midnight","hermit:Misfire"],"picked":"hermit:LuckOfTheDraw","floor":12.0},{"not_picked":["hermit:LowProfile","hermit:Grudge"],"picked":"hermit:CursedWeapon","floor":13.0},{"not_picked":["hermit:EternalForm","hermit:Purgatory"],"picked":"hermit:FromBeyond","floor":16.0},{"not_picked":["hermit:HighCaliber","hermit:EyeOfTheStorm+1"],"picked":"hermit:NoHoldsBarred","floor":18.0},{"not_picked":["hermit:Manifest","hermit:GhostlyPresence"],"picked":"hermit:Glare","floor":21.0},{"not_picked":["hermit:Roulette","hermit:Snipe"],"picked":"hermit:DeadMansHand+1","floor":22.0},{"not_picked":["hermit:TakeAim","hermit:Headshot","hermit:TakeCover"],"picked":"SKIP","floor":24.0},{"not_picked":["hermit:HighCaliber","hermit:Cheat+1","hermit:WideOpen"],"picked":"SKIP","floor":29.0},{"not_picked":["hermit:WideOpen","hermit:CalledShot"],"picked":"hermit:Desperado","floor":30.0},{"not_picked":["hermit:Manifest","hermit:WideOpen"],"picked":"hermit:Determination","floor":31}],"player_experience":775040,"relics_obtained":[{"floor":3.0,"key":"Juzu Bracelet"},{"floor":9.0,"key":"Akabeko"},{"floor":10.0,"key":"Replay:Rubber Ducky"},{"floor":13.0,"key":"Bronze Scales"},{"floor":26.0,"key":"Bag of Preparation"},{"floor":27.0,"key":"ReplayTheSpireMod:Ring of Sloth"},{"floor":27.0,"key":"Ring of Greed"},{"floor":27.0,"key":"Golden Idol"},{"floor":27.0,"key":"MawBank"}],"event_choices":[{"damage_healed":0.0,"max_hp_gain":0.0,"max_hp_loss":0.0,"gold_gain":0.0,"event_name":"Living Wall","player_choice":"Grow","floor":0.0,"gold_loss":0.0,"damage_taken":0.0,"cards_upgraded":["hermit:Snapshot"]},{"damage_healed":0.0,"max_hp_gain":0.0,"max_hp_loss":0.0,"gold_gain":0.0,"event_name":"The Woman in Blue","player_choice":"Bought 2 Potions","floor":4.0,"gold_loss":0.0,"damage_taken":0.0},{"damage_healed":0.0,"max_hp_gain":0.0,"max_hp_loss":0.0,"gold_gain":0.0,"event_name":"Nest","player_choice":"Joined the Cult","floor":20.0,"gold_loss":0.0,"damage_taken":6.0,"cards_obtained":["RitualDagger"]},{"damage_healed":0.0,"max_hp_gain":0.0,"max_hp_loss":0.0,"gold_gain":0.0,"event_name":"Addict","player_choice":"Stole Relic","floor":25.0,"gold_loss":0.0,"damage_taken":0.0,"relics_obtained":["Lantern"],"cards_obtained":["Shame"]},{"damage_healed":0.0,"max_hp_gain":0.0,"max_hp_loss":38.0,"gold_gain":0.0,"event_name":"Ghosts","player_choice":"Became a Ghost","floor":28.0,"gold_loss":0.0,"damage_taken":0.0,"cards_obtained":["Ghostly","Ghostly","Ghostly","Ghostly","Ghostly"]}],"is_beta":false,"boss_relics":[{"not_picked":["Replay:Bronze Core","hermit:DentedPlate"],"picked":"Empty Cage"}],"items_purged_floors":[7,23],"is_endless":false,"potions_floor_spawned":[10,13,18,30,31],"killed_by":"Collector","ascension_level":0}}