{"host":"g907ck67u7c3hrs6","time":1613093299,"event":{"mods":["BaseMod","Colored Map","DeckTracker","Highlight Path","Keyboard Shortcuts","Minty Spire (QoL Compilation)","Permanent Neow","Say the Spire","SuperFastMode"],"gold_per_floor":[114,129,144,144,159,159,189,204,279,279,294,324,339,354,354,379,379],"floor_reached":16,"language":"KOR","playtime":557,"items_purged":[],"score":116,"play_id":"73836a71-7703-4041-9f5f-8a6c2d4e6a81","local_time":"20210212102819","daily_mods":["Chimera","Purple Cards","DeadlyEvents"],"is_ascension_mode":false,"campfire_choices":[{"data":"Judgement","floor":6,"key":"SMITH"},{"data":"Burst","floor":10,"key":"SMITH"},{"data":"Collect","floor":15,"key":"SMITH"}],"circlet_count":0,"master_deck":["Bash","Survivor","Zap","Eruption","Strike_R","Strike_G","Strike_B","Defend_R","Defend_G","Defend_P","PiercingWail","Collect+1","Judgement+1","Burst+1","EmptyMind","ClearTheMind","Deflect","Dodge and Roll","Wish"],"relics":["Ring of the Snake","Unceasing Top","Sundial","Frozen Egg 2"],"acts_visited":["Exordium"],"potions_floor_usage":[],"damage_taken":[{"damage":2.0,"enemies":"Small Slimes","floor":1.0,"turns":3.0},{"damage":4.0,"enemies":"Cultist","floor":2.0,"turns":4.0},{"damage":0.0,"enemies":"2 Louse","floor":3.0,"turns":3.0},{"damage":5,"enemies":"Exordium Wildlife","floor":5,"turns":4},{"damage":21,"enemies":"Lagavulin","floor":7,"turns":6},{"damage":2,"enemies":"3 Louse","floor":8,"turns":4},{"damage":2,"enemies":"Blue Slaver","floor":11,"turns":3},{"damage":1,"enemies":"3 Sentries","floor":12,"turns":6},{"damage":1,"enemies":"Red Slaver","floor":13,"turns":2},{"damage":0,"enemies":"Large Slime","floor":14,"turns":2},{"damage":24,"enemies":"Hexaghost","floor":16,"turns":10}],"seed_played":"-8399458303924539785","potions_obtained":[{"floor":2.0,"key":"EssenceOfSteel"},{"floor":7,"key":"Poison Potion"},{"floor":13,"key":"SkillPotion"}],"is_trial":false,"path_per_floor":["M","M","M","?","M","R","E","M","T","R","M","E","M","M","R","B"],"character_chosen":"THE_SILENT","items_purchased":[],"campfire_rested":0,"item_purchase_floors":[],"current_hp_per_floor":[68,64,64,64,59,59,38,36,36,36,34,33,32,32,32,8,8],"gold":379,"neow_bonus":"","is_daily":true,"chose_seed":false,"campfire_upgraded":3,"win_rate":0.0,"timestamp":1613093299,"path_taken":["M","M","M","?","M","R","E","M","T","R","M","E","?","M","R","BOSS"],"items_purchased_type":[],"build_version":"2020-12-22","purchased_purges":0,"victory":false,"max_hp_per_floor":[70,70,70,70,70,70,70,70,70,70,70,70,70,70,70,70,70],"card_choices":[{"not_picked":["Outmaneuver","Quick Slash"],"picked":"PiercingWail","floor":1.0},{"not_picked":["CrushJoints","CutThroughFate"],"picked":"Collect","floor":2.0},{"not_picked":["ThirdEye","Sucker Punch"],"picked":"Judgement","floor":3.0},{"not_picked":["Endless Agony","Skewer","Flying Knee"],"picked":"SKIP","floor":5},{"not_picked":["Accuracy","DeceiveReality"],"picked":"EmptyMind","floor":7},{"not_picked":["Crescendo","Evaluate"],"picked":"ClearTheMind","floor":8},{"not_picked":["ThirdEye","JustLucky"],"picked":"Deflect","floor":11},{"not_picked":["CrushJoints","Setup"],"picked":"Dodge and Roll","floor":12},{"not_picked":["Reflex","Prepared","ThirdEye"],"picked":"SKIP","floor":13},{"not_picked":["WindmillStrike","Acrobatics"],"picked":"Wish","floor":14}],"player_experience":286211,"relics_obtained":[{"floor":7,"key":"Unceasing Top"},{"floor":9,"key":"Sundial"},{"floor":12,"key":"Frozen Egg 2"}],"event_choices":[{"damage_healed":0,"gold_gain":0,"player_choice":"1 cards matched","damage_taken":0,"max_hp_gain":0,"max_hp_loss":0,"event_name":"Match and Keep!","floor":4,"gold_loss":0,"cards_obtained":["Burst"]},{"damage_healed":0,"gold_gain":0,"player_choice":"1 cards matched","damage_taken":0,"max_hp_gain":0,"max_hp_loss":0,"event_name":"Match and Keep!","floor":4,"gold_loss":0,"cards_obtained":["Burst"]}],"is_beta":false,"boss_relics":[],"items_purged_floors":[],"is_endless":false,"potions_floor_spawned":[2,7,13,14],"killed_by":"Hexaghost","ascension_level":0}}