{"host":"y89x8uui45kcjy42","time":1613103383,"event":{"mods":["2.2 Compatiblity","BaseMod","CapriCore","Colored Map","Colored Powertips","Custom Start","Friendly Minions","Keyboard Shortcuts","Minty Spire (QoL Compilation)","Relic Stats","Slay the Relics Exporter","StSLib","SuperFastMode","Uncapped"],"gold_per_floor":[11,11,11,24,38,38,38,38],"floor_reached":7,"language":"KOR","playtime":167,"items_purged":[],"score":82,"play_id":"9d5545e6-41e2-4bab-8c10-92c66cb9f584","local_time":"20210212131623","is_ascension_mode":true,"campfire_choices":[{"data":"Eruption","floor":6,"key":"SMITH"}],"circlet_count":0,"master_deck":["AscendersBane","Strike_P","Strike_P","Strike_P","Defend_P","Defend_P","Defend_P","Eruption+1","Vigilance","Meditate","DeceiveReality","Indignation","FlurryOfBlows"],"relics":["PureWater","Golden Idol","WingedGreaves"],"acts_visited":["Exordium"],"potions_floor_usage":[],"damage_taken":[{"damage":20,"enemies":"Jaw Worm","floor":1,"turns":5},{"damage":4,"enemies":"Small Slimes","floor":4,"turns":3},{"damage":0,"enemies":"Cultist","floor":5,"turns":3},{"damage":22,"enemies":"3 Sentries","floor":7,"turns":8}],"seed_played":"3582629420122280440","potions_obtained":[{"floor":1,"key":"PowerPotion"},{"floor":5,"key":"FearPotion"}],"is_trial":false,"path_per_floor":["M","?","?","M","M","R","E"],"character_chosen":"WATCHER","items_purchased":[],"campfire_rested":0,"item_purchase_floors":[],"current_hp_per_floor":[41,18,23,19,19,19,0,0],"gold":38,"neow_bonus":"TRANSFORM_TWO_CARDS","is_daily":false,"chose_seed":false,"campfire_upgraded":1,"win_rate":0.0,"timestamp":1613103383,"path_taken":["M","?","?","M","M","R","E"],"items_purchased_type":[],"build_version":"2020-12-22","purchased_purges":0,"victory":false,"max_hp_per_floor":[68,68,73,73,73,73,73,73],"relic_stats":{"counters":[4,19],"Golden Idol":6,"obtain_stats":[{"Golden Idol":2,"WingedGreaves":6,"PureWater":0},{"Golden Idol":1,"WingedGreaves":3,"PureWater":0},{"Golden Idol":5,"WingedGreaves":11,"PureWater":0}]},"card_choices":[{"not_picked":["Conclude","Nirvana"],"picked":"Indignation","floor":1},{"not_picked":["Protect","CrushJoints"],"picked":"FlurryOfBlows","floor":4},{"not_picked":["Weave","ForeignInfluence","Crescendo"],"picked":"SKIP","floor":5}],"player_experience":689252,"relics_obtained":[],"event_choices":[{"damage_healed":0,"gold_gain":0,"player_choice":"Take Damage","damage_taken":23,"relics_obtained":["Golden Idol"],"max_hp_gain":0,"max_hp_loss":0,"event_name":"Golden Idol","floor":2,"gold_loss":0},{"damage_healed":0,"gold_gain":0,"player_choice":"Donut","damage_taken":0,"max_hp_gain":5,"max_hp_loss":0,"event_name":"Big Fish","floor":3,"gold_loss":0}],"is_beta":false,"boss_relics":[],"items_purged_floors":[],"is_endless":false,"potions_floor_spawned":[1,5],"killed_by":"3 Sentries","ascension_level":20}}