{"host":"no0bdlpxzp7bzzks","time":1613092679,"event":{"mods":["BaseMod","Better Match","Block Reminder","Colored Map","Curses Come First","DeckTracker","Filter the Spire","Highlight Path","Key Reminder","Minty Spire (QoL Compilation)","Permanent Neow","Relic Sorter","Relic Stats","StSLib","The Saiyan"],"gold_per_floor":[20,38,38,38,54,93,93,129,154,189,6,41,41,60,60,184,184,209,223,258,283,21,21,21],"floor_reached":23,"language":"ENG","playtime":1967,"items_purged":["Pain"],"score":359,"play_id":"40105dc5-b27e-4c4f-a49a-4ca26637c5db","local_time":"20210211191759","is_ascension_mode":true,"campfire_choices":[{"data":"Saiyan:KaioKen","floor":7.0,"key":"SMITH"},{"data":"Saiyan:SuperSaiyanThree","floor":13.0,"key":"SMITH"},{"data":"Saiyan:GenkiDama","floor":15.0,"key":"SMITH"}],"circlet_count":0,"master_deck":["Saiyan:SAIYA_Strike","Saiyan:SAIYA_Strike","Saiyan:SAIYA_Strike","Saiyan:SAIYA_Strike","Saiyan:SAIYA_Defend","Saiyan:SAIYA_Defend","Saiyan:SAIYA_Defend","Saiyan:SAIYA_Defend","Saiyan:EnergyBlast","Saiyan:KaioKen+1","Saiyan:RuthlessBlow","Saiyan:GenkiDama+1","Saiyan:FingerParry","Saiyan:Planning","Saiyan:Quickening","Saiyan:DragonFist","Saiyan:MindBoom","Saiyan:GhostAttack","Saiyan:SuperSaiyanThree+1","Saiyan:MindBoom","Saiyan:KiExplosion","Saiyan:Flurry","Saiyan:Planning","Saiyan:Fly+1"],"relics":["SaiyanSoul","SaiyanHeart","Golden Idol","WarpedTongs","Juzu Bracelet","Regal Pillow","keyreminder:keyreminder","Bag of Preparation","Membership Card","Centennial Puzzle","Snecko Eye","Red Mask","Omamori","Ice Cream"],"acts_visited":["Exordium","TheCity"],"potions_floor_usage":[],"damage_taken":[{"damage":0.0,"enemies":"Small Slimes","floor":1.0,"turns":1.0},{"damage":0.0,"enemies":"Cultist","floor":2.0,"turns":2.0},{"damage":0.0,"enemies":"Jaw Worm","floor":5.0,"turns":2.0},{"damage":8.0,"enemies":"3 Sentries","floor":6.0,"turns":3.0},{"damage":8.0,"enemies":"Lagavulin","floor":8.0,"turns":5.0},{"damage":20.0,"enemies":"3 Sentries","floor":10.0,"turns":4.0},{"damage":12.0,"enemies":"Lagavulin","floor":12.0,"turns":5.0},{"damage":12.0,"enemies":"Large Slime","floor":14.0,"turns":3.0},{"damage":2.0,"enemies":"The Guardian","floor":16.0,"turns":6.0},{"damage":12.0,"enemies":"2 Thieves","floor":18.0,"turns":3.0},{"damage":10.0,"enemies":"Chosen","floor":19.0,"turns":3.0},{"damage":27.0,"enemies":"Masked Bandits","floor":20.0,"turns":3.0},{"damage":0.0,"enemies":"Snecko","floor":21.0,"turns":3.0},{"damage":51,"enemies":"Book of Stabbing","floor":23,"turns":5}],"seed_played":"7717824174463460778","potions_obtained":[{"floor":2.0,"key":"BlessingOfTheForge"},{"floor":5.0,"key":"Explosive Potion"},{"floor":6.0,"key":"Dexterity Potion"},{"floor":10.0,"key":"Regen Potion"},{"floor":16.0,"key":"Block Potion"},{"floor":18.0,"key":"Swift Potion"},{"floor":19.0,"key":"SpeedPotion"},{"floor":20.0,"key":"SteroidPotion"}],"is_trial":false,"path_per_floor":["M","M","?","?","M","E","R","E","T","E","$","E","R","M","R","B",null,"M","M","?","M","$","E"],"character_chosen":"SAIYAJIN","items_purchased":["Membership Card","Saiyan:GhostAttack","Omamori","Ice Cream"],"campfire_rested":0,"item_purchase_floors":[11,11,22,22],"current_hp_per_floor":[61,63,48,48,50,44,44,37,37,19,19,23,23,13,13,13,76,68,61,38,42,42,0,0],"gold":21,"neow_bonus":"THREE_RARE_CARDS","is_daily":false,"chose_seed":false,"campfire_upgraded":3,"win_rate":0.0,"timestamp":1613092679,"path_taken":["M","M","?","?","M","E","R","E","T","E","$","E","R","M","R","BOSS","M","M","?","M","$","E"],"items_purchased_type":["Relic","Card","Relic","Relic"],"build_version":"2020-12-22","purchased_purges":1,"victory":false,"max_hp_per_floor":[61,63,63,63,65,67,67,68,68,70,70,72,72,74,74,76,76,80,83,87,91,91,91,91],"relic_stats":{"Regal Pillow":0,"Centennial Puzzle":[14],"counters":[14,48],"Golden Idol":81,"Snecko Eye":[36,32,41,38],"Juzu Bracelet":0,"Bag of Preparation":[16],"obtain_stats":[{"Ice Cream":22,"Regal Pillow":8,"Golden Idol":3,"SaiyanHeart":0,"Juzu Bracelet":6,"Bag of Preparation":10,"Omamori":22,"WarpedTongs":4,"keyreminder:keyreminder":9,"Centennial Puzzle":12,"Snecko Eye":17,"SaiyanSoul":0,"Red Mask":20,"Membership Card":11},{"Ice Cream":13,"Regal Pillow":5,"Golden Idol":2,"SaiyanHeart":0,"Juzu Bracelet":4,"Bag of Preparation":6,"Omamori":13,"WarpedTongs":2,"keyreminder:keyreminder":5,"Centennial Puzzle":7,"Snecko Eye":9,"SaiyanSoul":0,"Red Mask":12,"Membership Card":6},{"Ice Cream":43,"Regal Pillow":13,"Golden Idol":3,"SaiyanHeart":0,"Juzu Bracelet":8,"Bag of Preparation":17,"Omamori":43,"WarpedTongs":3,"keyreminder:keyreminder":13,"Centennial Puzzle":22,"Snecko Eye":31,"SaiyanSoul":0,"Red Mask":40,"Membership Card":17}],"WarpedTongs":[45]},"card_choices":[{"not_picked":["Saiyan:MajinSeal","Saiyan:Rekindle"],"picked":"Saiyan:GenkiDama","floor":0.0},{"not_picked":["Saiyan:Planning","Saiyan:ExtremeSpeed"],"picked":"Saiyan:FingerParry","floor":1.0},{"not_picked":["Saiyan:RemoveWeights","Saiyan:PlotArmor"],"picked":"Saiyan:Planning","floor":2.0},{"not_picked":["Saiyan:PowerPole","Saiyan:BigBangAttack"],"picked":"Saiyan:Quickening","floor":5.0},{"not_picked":["Saiyan:MonkeyTail","Saiyan:Flurry"],"picked":"Saiyan:DragonFist","floor":6.0},{"not_picked":["Saiyan:BigBangAttack","Saiyan:CCCapsule"],"picked":"Saiyan:MindBoom","floor":8.0},{"not_picked":["Saiyan:FingerParry","Saiyan:DoubleMasenko","Saiyan:RemoveWeights"],"picked":"SKIP","floor":10.0},{"not_picked":["Saiyan:BigBangAttack","Saiyan:FinalFlash"],"picked":"Saiyan:SuperSaiyanThree","floor":12.0},{"not_picked":["Saiyan:WarmUp","Saiyan:Scouter","Saiyan:Overexert"],"picked":"SKIP","floor":14.0},{"not_picked":["Saiyan:TransfigurationBeam","Saiyan:Momentum"],"picked":"Saiyan:MindBoom","floor":16.0},{"not_picked":["Saiyan:Scouter","Saiyan:PowerUp"],"picked":"Saiyan:KiExplosion","floor":18.0},{"not_picked":["Saiyan:BigBangAttack","Saiyan:FinalFlash"],"picked":"Saiyan:Flurry","floor":19.0},{"not_picked":["Saiyan:Reset","Saiyan:PlotArmor"],"picked":"Saiyan:Planning","floor":20.0},{"not_picked":["Saiyan:Flurry","Saiyan:TransfigurationBeam"],"picked":"Saiyan:Fly+1","floor":21.0}],"player_experience":196344,"relics_obtained":[{"floor":6.0,"key":"Juzu Bracelet"},{"floor":8.0,"key":"Regal Pillow"},{"floor":10.0,"key":"Bag of Preparation"},{"floor":12.0,"key":"Centennial Puzzle"},{"floor":20.0,"key":"Red Mask"}],"event_choices":[{"damage_healed":0.0,"max_hp_gain":0.0,"max_hp_loss":0.0,"gold_gain":0.0,"event_name":"Golden Idol","player_choice":"Take Damage","floor":3.0,"gold_loss":0.0,"damage_taken":15.0,"relics_obtained":["Golden Idol"]},{"damage_healed":0.0,"max_hp_gain":0.0,"max_hp_loss":0.0,"gold_gain":0.0,"event_name":"Accursed Blacksmith","player_choice":"Rummage","floor":4.0,"gold_loss":0.0,"damage_taken":0.0,"relics_obtained":["WarpedTongs"],"cards_obtained":["Pain"]},{"damage_healed":0.0,"max_hp_gain":0.0,"max_hp_loss":0.0,"gold_gain":0.0,"event_name":"Masked Bandits","player_choice":"Fought Bandits","floor":20.0,"gold_loss":0.0,"damage_taken":0.0}],"is_beta":false,"boss_relics":[{"not_picked":["Tiny House","Sozu"],"picked":"Snecko Eye"}],"items_purged_floors":[22],"is_endless":false,"potions_floor_spawned":[2,5,6,10,16,18,19,20],"killed_by":"Book of Stabbing","ascension_level":3}}