{"host":"trw84khdytc0ixrp","time":1613130368,"event":{"mods":["BaseMod","Downfall","Minty Spire (QoL Compilation)","StSLib"],"gold_per_floor":[0,20,33,51,61,61,61,86,86,117,117,117,127,155,172,274,274,174,192,206,306,306,333,358,258,291,311,311,323,223,256,268,368,368,368,382,395,442,460,300,300,325,345,380,392,392,422,472,490,490,490,524,23,23,23,23],"floor_reached":57,"language":"ENG","playtime":12406,"items_purged":["bronze:Strike","bronze:Strike","bronze:Strike"],"score":1686,"play_id":"f9f4a2bc-cffb-49db-9b04-2935defc963c","local_time":"20210212124608","is_ascension_mode":true,"campfire_choices":[{"data":"The Bomb","floor":1.0,"key":"SMITH"},{"data":"bronze:Frontload","floor":6.0,"key":"SMITH"},{"data":"bronze:Turbo","floor":9.0,"key":"SMITH"},{"data":"bronze:Goto","floor":11.0,"key":"SMITH"},{"data":"bronze:Constructor","floor":18.0,"key":"SMITH"},{"floor":25.0,"key":"RECALL"},{"data":"bronze:Defend","floor":30.0,"key":"SMITH"},{"floor":35.0,"key":"REST"},{"floor":46.0,"key":"REST"},{"floor":54,"key":"REST"}],"circlet_count":0,"master_deck":["bronze:Defend","bronze:Defend","bronze:Defend","bronze:Defend+1","bronze:Replicate","bronze:Goto+1","The Bomb+1","bronze:Constructor+1","bronze:Turbo+1","bronze:Frontload+1","bronze:Terminator+1","bronze:SpaghettiCode+1","bronze:Fortify+1","bronze:DecaBeam+1","bronze:Shell+1","Necronomicurse","bronze:Repair+1","bronze:Format+1","bronze:DigitalCarnage","bronze:Assembly+1","bronze:Repulsor","bronze:Overheat+1","bronze:Overheat+1","Thinking Ahead+1","bronze:Optimize"],"relics":["bronze:BronzeCore","Bag of Preparation","Toxic Egg 2","FossilizedHelix","Art of War","Philosopher\u0027s Stone","downfall:HeartBlessingGreen","Centennial Puzzle","downfall:HeartBlessingBlue","Regal Pillow","Necronomicon","downfall:HeartBlessingRed","Matryoshka","Fusion Hammer","Du-Vu Doll","Bag of Marbles","Ornamental Fan","Akabeko","Nunchaku","Gambling Chip","Lantern","Anchor","Happy Flower"],"acts_visited":["Exordium","TheCity","TheBeyond","TheEnding"],"potions_floor_usage":[56],"damage_taken":[{"damage":5.0,"enemies":"Jaw Worm","floor":2.0,"turns":4.0},{"damage":6.0,"enemies":"2 Louse","floor":3.0,"turns":3.0},{"damage":0.0,"enemies":"Cultist","floor":4.0,"turns":4.0},{"damage":2.0,"enemies":"Blue Slaver","floor":5.0,"turns":3.0},{"damage":8.0,"enemies":"Gremlin Nob","floor":8.0,"turns":4.0},{"damage":0.0,"enemies":"Lagavulin","floor":10.0,"turns":6.0},{"damage":0.0,"enemies":"Red Slaver","floor":13.0,"turns":3.0},{"damage":12.0,"enemies":"3 Sentries","floor":14.0,"turns":5.0},{"damage":0.0,"enemies":"Large Slime","floor":15.0,"turns":4.0},{"damage":11.0,"enemies":"DF_ARCHETYPE_STREAMLINE","floor":16.0,"turns":9.0},{"damage":0.0,"enemies":"Spheric Guardian","floor":19.0,"turns":3.0},{"damage":0.0,"enemies":"3 Cultists","floor":20.0,"turns":4.0},{"damage":0.0,"enemies":"3 Cultists","floor":21.0,"turns":5.0},{"damage":0.0,"enemies":"Slavers","floor":23.0,"turns":5.0},{"damage":0.0,"enemies":"Gremlin Leader","floor":26.0,"turns":8.0},{"damage":0.0,"enemies":"Snecko","floor":27.0,"turns":7.0},{"damage":0.0,"enemies":"Centurion and Healer","floor":29.0,"turns":5.0},{"damage":0.0,"enemies":"Book of Stabbing","floor":31.0,"turns":5.0},{"damage":0.0,"enemies":"3 Cultists","floor":32.0,"turns":5.0},{"damage":0.0,"enemies":"SI_MIRROR_ARCHETYPE","floor":33.0,"turns":10.0},{"damage":0.0,"enemies":"Orb Walker","floor":36.0,"turns":4.0},{"damage":0.0,"enemies":"3 Shapes","floor":37.0,"turns":5.0},{"damage":0.0,"enemies":"2 Orb Walkers","floor":38.0,"turns":6.0},{"damage":14.0,"enemies":"Jaw Worm Horde","floor":39.0,"turns":3.0},{"damage":0.0,"enemies":"downfall:FleeingMerchant","floor":40.0,"turns":4.0},{"damage":0.0,"enemies":"Giant Head","floor":42.0,"turns":6.0},{"damage":0.0,"enemies":"Maw","floor":43.0,"turns":5.0},{"damage":0.0,"enemies":"downfall:FleeingMerchant","floor":44.0,"turns":4.0},{"damage":0.0,"enemies":"3 Darklings","floor":45.0,"turns":3.0},{"damage":0.0,"enemies":"Nemesis","floor":47.0,"turns":4.0},{"damage":0.0,"enemies":"Nemesis","floor":48.0,"turns":3.0},{"damage":0.0,"enemies":"Transient","floor":49.0,"turns":5.0},{"damage":0,"enemies":"WA_ARCHETYPE_DIVINITY","floor":50,"turns":10},{"damage":0,"enemies":"downfall:CharBossMerchant","floor":52,"turns":9},{"damage":1,"enemies":"downfall:NeowBoss","floor":55,"turns":26},{"damage":0,"enemies":"downfall:NeowBossFinal","floor":56,"turns":12}],"seed_played":"19793277914367616","potions_obtained":[{"floor":4.0,"key":"AttackPotion"},{"floor":10.0,"key":"Explosive Potion"},{"floor":14.0,"key":"BlessingOfTheForge"},{"floor":15.0,"key":"Energy Potion"},{"floor":27.0,"key":"SmokeBomb"},{"floor":31.0,"key":"Regen Potion"},{"floor":32.0,"key":"GamblersBrew"},{"floor":39.0,"key":"SneckoOil"},{"floor":42.0,"key":"DuplicationPotion"},{"floor":45.0,"key":"PowerPotion"},{"floor":48.0,"key":"SteroidPotion"},{"floor":52,"key":"sneckomod:MuddlingPotion"}],"is_trial":false,"path_per_floor":["R","M","M","M","M","R","T","E","R","E","R","?","M","E","M","B",null,"R","M","M","?","?","E","T","R","E","M","?","M","R","E","M","B",null,"R","M","M","?","M","$","T","E","M","$","M","R","E","?","M","B",null,"E","$","R","B","B",null],"character_chosen":"THE_AUTOMATON","items_purchased":["bronze:Repulsor","Thinking Ahead+1","Anchor","Happy Flower","bronze:Optimize"],"campfire_rested":3,"item_purchase_floors":[40,44,53,53,53],"current_hp_per_floor":[70,65,59,59,57,57,57,49,49,49,49,49,49,37,37,26,70,70,70,70,70,70,70,70,80,80,80,64,64,64,74,80,80,80,80,80,80,80,66,76,76,80,80,80,80,80,80,80,80,80,80,80,80,80,79,80],"gold":23,"neow_bonus":"RANDOM_COLORLESS_2","is_daily":false,"chose_seed":false,"campfire_upgraded":6,"win_rate":0.0,"timestamp":1613130368,"path_taken":["R","M","M","M","M","R","T","E","R","E","R","?","M","E","M","BOSS","R","M","M","?","?","E","T","R","E","M","?","M","R","E","M","BOSS","R","M","M","?","M","$","T","E","M","$","M","R","E","?","M","BOSS","E","$","R","BOSS","BOSS"],"items_purchased_type":["Card","Card","Relic","Relic","Card"],"build_version":"2020-12-22","purchased_purges":3,"victory":true,"max_hp_per_floor":[70,70,70,70,70,70,70,70,70,70,70,70,70,70,70,70,70,70,70,70,70,70,70,70,80,80,80,80,80,80,80,80,80,80,80,80,80,80,80,80,80,80,80,80,80,80,80,80,80,80,80,80,80,80,80,80],"card_choices":[{"not_picked":["Panache","Violence"],"picked":"The Bomb","floor":0.0},{"not_picked":["bronze:ChildClass","bronze:Shell"],"picked":"bronze:Constructor","floor":2.0},{"not_picked":["bronze:CloningBeam","bronze:Safeguard"],"picked":"bronze:Turbo","floor":3.0},{"not_picked":["bronze:Terminator","bronze:Overheat"],"picked":"bronze:Frontload","floor":4.0},{"not_picked":["bronze:BugBarrage","bronze:DigitalCarnage","bronze:BurnOut"],"picked":"SKIP","floor":5.0},{"not_picked":["bronze:Optimize","bronze:FineTuning+1"],"picked":"bronze:Terminator+1","floor":8.0},{"not_picked":["bronze:Philosophize+1","bronze:OilSpill","bronze:Overload+1"],"picked":"SKIP","floor":10.0},{"not_picked":["bronze:WhirlingStrike","bronze:OilSpill","bronze:FollowUp"],"picked":"SKIP","floor":13.0},{"not_picked":["bronze:BugBarrage","bronze:Invalidate+1","bronze:ShipIt"],"picked":"SKIP","floor":14.0},{"not_picked":["bronze:BugBarrage","bronze:Branch","bronze:WhirlingStrike"],"picked":"SKIP","floor":15.0},{"not_picked":["bronze:ThunderWave","bronze:Verify"],"picked":"bronze:SpaghettiCode+1","floor":16.0},{"not_picked":["bronze:Overheat","bronze:WhirlingStrike+1"],"picked":"bronze:Fortify+1","floor":19.0},{"not_picked":["bronze:WildBeam","bronze:CloningBeam","bronze:Boost+1"],"picked":"SKIP","floor":20.0},{"not_picked":[],"picked":"bronze:DecaBeam","floor":21.0},{"not_picked":["bronze:BronzeOrb","bronze:Fortify+1","bronze:ForceShield+1"],"picked":"SKIP","floor":23.0},{"not_picked":["bronze:WildBeam","bronze:Shield+1","bronze:Allocate+1"],"picked":"SKIP","floor":26.0},{"not_picked":["bronze:ItsAFeature","bronze:BuggyMess+1","bronze:Constructor+1"],"picked":"SKIP","floor":27.0},{"not_picked":["bronze:ItsAFeature","bronze:BuggyMess+1","bronze:Constructor+1"],"picked":"SKIP","floor":27.0},{"not_picked":["bronze:GetLatest+1","bronze:Invalidate+1"],"picked":"bronze:Repair+1","floor":29.0},{"not_picked":["bronze:Optimize+1","bronze:BitShift+1","bronze:Safeguard+1"],"picked":"SKIP","floor":31.0},{"not_picked":["bronze:Fortify","bronze:Iterate","bronze:Shield+1"],"picked":"SKIP","floor":32.0},{"not_picked":["bronze:HyperBeam","bronze:ShipIt"],"picked":"bronze:Format+1","floor":33.0},{"not_picked":["bronze:BronzeOrb","bronze:DelayedGuard+1","bronze:ForLoop+1"],"picked":"SKIP","floor":36.0},{"not_picked":["bronze:Frontload+1","bronze:Terminator+1","bronze:BitShift+1"],"picked":"SKIP","floor":37.0},{"not_picked":["bronze:Shield+1","bronze:DarkDash+1"],"picked":"bronze:DigitalCarnage","floor":39.0},{"not_picked":["bronze:BugBarrage+1","bronze:Allocate+1"],"picked":"bronze:Assembly+1","floor":40.0},{"not_picked":["bronze:Overheat+1","bronze:Iterate","bronze:Turbo+1"],"picked":"SKIP","floor":42.0},{"not_picked":["bronze:Iterate","bronze:Turbo+1"],"picked":"bronze:Overheat+1","floor":42.0},{"not_picked":["bronze:Overload+1","bronze:Separator+1"],"picked":"bronze:Overheat+1","floor":43.0},{"not_picked":["bronze:Turbo+1","bronze:DelayedGuard+1","bronze:DelayedSlice+1"],"picked":"SKIP","floor":44.0},{"not_picked":["bronze:Constructor+1","bronze:GetLatest+1","bronze:Deprecate+1"],"picked":"SKIP","floor":45.0},{"not_picked":["bronze:BuggyMess+1","bronze:Fortify+1","bronze:ShipIt"],"picked":"SKIP","floor":47.0},{"not_picked":["bronze:Fortify","bronze:Constructor+1","bronze:ForLoop+1"],"picked":"SKIP","floor":49.0},{"not_picked":["bronze:CleanCode","bronze:Shield+1","bronze:Repulsor"],"picked":"SKIP","floor":52}],"player_experience":88041,"relics_obtained":[{"floor":7.0,"key":"Bag of Preparation"},{"floor":8.0,"key":"Toxic Egg 2"},{"floor":10.0,"key":"FossilizedHelix"},{"floor":14.0,"key":"Art of War"},{"floor":23.0,"key":"Centennial Puzzle"},{"floor":26.0,"key":"Regal Pillow"},{"floor":28.0,"key":"Necronomicon"},{"floor":31.0,"key":"Matryoshka"},{"floor":38.0,"key":"Du-Vu Doll"},{"floor":41.0,"key":"Bag of Marbles"},{"floor":41.0,"key":"Ornamental Fan"},{"floor":42.0,"key":"Akabeko"},{"floor":47.0,"key":"Nunchaku"},{"floor":48.0,"key":"Gambling Chip"},{"floor":52,"key":"Lantern"}],"event_choices":[{"cards_removed":["bronze:Strike"],"damage_healed":0.0,"max_hp_gain":0.0,"max_hp_loss":0.0,"gold_gain":0.0,"event_name":"The Cleric","player_choice":"Card Removal","floor":12.0,"gold_loss":0.0,"damage_taken":0.0},{"damage_healed":0.0,"max_hp_gain":0.0,"max_hp_loss":0.0,"gold_gain":0.0,"event_name":"The Library","player_choice":"Read","floor":22.0,"gold_loss":0.0,"damage_taken":0.0,"cards_obtained":["bronze:Shell"]},{"damage_healed":0.0,"max_hp_gain":0.0,"max_hp_loss":0.0,"gold_gain":0.0,"event_name":"Mysterious Sphere","player_choice":"Fight","floor":38.0,"gold_loss":0.0,"damage_taken":0.0}],"is_beta":false,"boss_relics":[{"not_picked":["Black Star","SlaversCollar"],"picked":"Philosopher\u0027s Stone"},{"not_picked":["Sozu","bronze:MakeshiftBattery"],"picked":"Fusion Hammer"}],"items_purged_floors":[40,44,53],"is_endless":false,"potions_floor_spawned":[4,10,14,15,19,27,31,32,33,39,42,45,48,52],"ascension_level":1}}