{"host":"52m1o8iwwagurbjs","time":1613096098,"event":{"mods":["AchievementEnabler","BaseMod","Bestiary","Challenge The Spire","Colored Powertips","GifTheSpireLib","Minty Spire (QoL Compilation)","Quick Restart","Relic Stats","StSLib"],"gold_per_floor":[111,129,139,139,155,155,180,180,203,233,251,276,297,59,59,166,166,195,195,207,207,82,111,121,138,138,155,8,35,35,77,77,186,186,208,267,267,277,302,302,338,349,395,270,120,147,0,18,18,18,18,18,18,49,49],"floor_reached":56,"language":"ENG","playtime":3210,"items_purged":["Strike_G","Strike_G","Strike_G","Strike_G"],"score":1413,"play_id":"2031cc38-7662-4db8-bd90-81494227971d","local_time":"20210211211458","is_ascension_mode":true,"campfire_choices":[{"data":"Bouncing Flask","floor":6.0,"key":"SMITH"},{"data":"Well Laid Plans","floor":8.0,"key":"SMITH"},{"data":"Wraith Form v2","floor":15.0,"key":"SMITH"},{"data":"Catalyst","floor":30.0,"key":"SMITH"},{"data":"Corpse Explosion","floor":32.0,"key":"SMITH"},{"data":"Noxious Fumes","floor":40.0,"key":"SMITH"},{"floor":49,"key":"RECALL"},{"data":"Bouncing Flask","floor":52,"key":"SMITH"}],"circlet_count":0,"master_deck":["Strike_G","Defend_G","Defend_G","Defend_G","Defend_G","Defend_G","Survivor","Neutralize","Poisoned Stab","Dagger Spray","Bouncing Flask+1","Acrobatics","Wraith Form v2+1","Bouncing Flask+1","Adrenaline","Blur","PiercingWail","Corpse Explosion+1","Backstab+1","Catalyst+1","PiercingWail","Corpse Explosion+1","Adrenaline+1","PiercingWail+1","Noxious Fumes+1","Backflip+1","Catalyst+1"],"relics":["Velvet Choker","Akabeko","Blood Vial","CeramicFish","Orrery","Sozu","Toy Ornithopter","Bottled Lightning","Lee\u0027s Waffle","Toxic Egg 2","Runic Pyramid","Thread and Needle","Singing Bowl","Oddly Smooth Stone","Bottled Tornado"],"acts_visited":["TheCity","TheBeyond","TheEnding"],"potions_floor_usage":[],"damage_taken":[{"damage":0.0,"enemies":"Cultist","floor":1.0,"turns":4.0},{"damage":0.0,"enemies":"2 Louse","floor":2.0,"turns":3.0},{"damage":5.0,"enemies":"Small Slimes","floor":3.0,"turns":3.0},{"damage":14.0,"enemies":"Gremlin Gang","floor":5.0,"turns":6.0},{"damage":14.0,"enemies":"3 Sentries","floor":7.0,"turns":7.0},{"damage":10.0,"enemies":"Gremlin Nob","floor":10.0,"turns":3.0},{"damage":5.0,"enemies":"Looter","floor":11.0,"turns":2.0},{"damage":2.0,"enemies":"2 Fungi Beasts","floor":12.0,"turns":3.0},{"damage":5.0,"enemies":"Lots of Slimes","floor":13.0,"turns":2.0},{"damage":8.0,"enemies":"Slime Boss","floor":16.0,"turns":13.0},{"damage":5.0,"enemies":"Spheric Guardian","floor":18.0,"turns":3.0},{"damage":12.0,"enemies":"2 Thieves","floor":20.0,"turns":3.0},{"damage":26.0,"enemies":"Slavers","floor":23.0,"turns":5.0},{"damage":3.0,"enemies":"3 Cultists","floor":24.0,"turns":3.0},{"damage":3.0,"enemies":"Snake Plant","floor":25.0,"turns":4.0},{"damage":10.0,"enemies":"Chosen and Byrds","floor":27.0,"turns":3.0},{"damage":8.0,"enemies":"Centurion and Healer","floor":29.0,"turns":4.0},{"damage":32.0,"enemies":"Gremlin Leader","floor":31.0,"turns":8.0},{"damage":26.0,"enemies":"Automaton","floor":33.0,"turns":7.0},{"damage":0.0,"enemies":"3 Shapes","floor":35.0,"turns":4.0},{"damage":2.0,"enemies":"Mind Bloom Boss Battle","floor":36.0,"turns":5.0},{"damage":0.0,"enemies":"3 Darklings","floor":38.0,"turns":1.0},{"damage":0.0,"enemies":"Sphere and 2 Shapes","floor":39.0,"turns":3.0},{"damage":0.0,"enemies":"Giant Head","floor":41.0,"turns":6.0},{"damage":1.0,"enemies":"Writhing Mass","floor":42.0,"turns":4.0},{"damage":0.0,"enemies":"Reptomancer","floor":46.0,"turns":4.0},{"damage":0,"enemies":"Transient","floor":48,"turns":5},{"damage":18,"enemies":"Donu and Deca","floor":50,"turns":5},{"damage":0,"enemies":"Shield and Spear","floor":54,"turns":4},{"damage":41,"enemies":"The Heart","floor":55,"turns":7}],"seed_played":"4905201019840751526","potions_obtained":[{"floor":1.0,"key":"FearPotion"},{"floor":5.0,"key":"Dexterity Potion"},{"floor":11.0,"key":"SkillPotion"}],"is_trial":false,"path_per_floor":["M","M","M","?","M","R","E","R","T","E","M","M","M","$","R","B",null,"M","?","M","?","$","E","M","M","T","M","$","M","R","E","R","B",null,"M","?","?","M","M","R","E","M","T","$","$","E","$","M","R","B",null,"R","$","E","B",null],"character_chosen":"THE_SILENT","items_purchased":["Orrery","PiercingWail","Catalyst","Lee\u0027s Waffle","Oddly Smooth Stone"],"campfire_rested":0,"item_purchase_floors":[14,14,22,28,47],"current_hp_per_floor":[70,70,65,65,51,51,37,37,37,29,26,26,23,23,23,17,70,65,52,42,42,42,18,17,16,16,8,82,74,74,44,44,25,82,82,80,80,82,82,82,82,81,81,81,81,84,84,86,86,68,86,86,86,88,47],"gold":49,"neow_bonus":"BOSS_RELIC","is_daily":false,"chose_seed":false,"campfire_upgraded":7,"win_rate":0.0,"timestamp":1613096098,"path_taken":["M","M","M","?","M","R","E","R","T","E","?","M","?","?","R","BOSS","M","?","M","?","$","E","?","?","T","M","$","M","R","E","R","BOSS","M","?","?","M","?","R","E","M","T","?","$","E","$","M","R","BOSS","R","$","E","BOSS"],"items_purchased_type":["Relic","Card","Card","Relic","Relic"],"build_version":"2020-12-22","purchased_purges":4,"victory":true,"max_hp_per_floor":[70,70,70,70,70,70,70,70,70,70,70,70,70,70,70,70,70,70,75,75,75,75,75,75,75,75,75,82,82,82,82,82,82,82,82,82,82,82,82,82,82,82,82,82,82,84,84,86,86,86,86,86,86,88,88],"relic_stats":{"Blood Vial":27,"Sozu":9,"Lee\u0027s Waffle":74,"Singing Bowl":6,"counters":[30,134],"CeramicFish":144,"obtain_stats":[{"Lee\u0027s Waffle":28,"Singing Bowl":46,"CeramicFish":10,"Velvet Choker":0,"Oddly Smooth Stone":47,"Thread and Needle":36,"Bottled Tornado":54,"Akabeko":7,"Blood Vial":9,"Sozu":17,"Orrery":14,"Bottled Lightning":26,"Toxic Egg 2":31,"Toy Ornithopter":23,"Ring of the Snake":0,"Runic Pyramid":34},{"Lee\u0027s Waffle":16,"Singing Bowl":26,"CeramicFish":6,"Velvet Choker":0,"Oddly Smooth Stone":26,"Thread and Needle":21,"Bottled Tornado":29,"Akabeko":5,"Blood Vial":5,"Sozu":10,"Orrery":9,"Bottled Lightning":15,"Toxic Egg 2":18,"Toy Ornithopter":13,"Ring of the Snake":0,"Runic Pyramid":19},{"Lee\u0027s Waffle":67,"Singing Bowl":113,"CeramicFish":26,"Velvet Choker":0,"Oddly Smooth Stone":113,"Thread and Needle":95,"Bottled Tornado":127,"Akabeko":23,"Blood Vial":23,"Sozu":46,"Orrery":33,"Bottled Lightning":64,"Toxic Egg 2":79,"Toy Ornithopter":57,"Ring of the Snake":0,"Runic Pyramid":86}],"Toy Ornithopter":5},"card_choices":[{"not_picked":["Distraction","Dagger Throw"],"picked":"Poisoned Stab","floor":1.0},{"not_picked":["Slice","Blade Dance"],"picked":"Dagger Spray","floor":2.0},{"not_picked":["Dagger Spray","Slice","Sucker Punch"],"picked":"SKIP","floor":3.0},{"not_picked":["PiercingWail","Prepared"],"picked":"Bouncing Flask","floor":5.0},{"not_picked":["Infinite Blades","Slice"],"picked":"Well Laid Plans","floor":7.0},{"not_picked":["Reflex","Underhanded Strike","Deflect"],"picked":"SKIP","floor":10.0},{"not_picked":["Terror","Finisher","Poisoned Stab"],"picked":"SKIP","floor":11.0},{"not_picked":["Terror","Finisher","Poisoned Stab"],"picked":"SKIP","floor":11.0},{"not_picked":["Predator","Masterful Stab"],"picked":"Acrobatics","floor":12.0},{"not_picked":["Sucker Punch","Dagger Throw"],"picked":"Wraith Form v2","floor":13.0},{"not_picked":["Quick Slash","Underhanded Strike"],"picked":"Bouncing Flask","floor":14.0},{"not_picked":["Crippling Poison","Calculated Gamble"],"picked":"Adrenaline","floor":14.0},{"not_picked":["Prepared","All Out Attack"],"picked":"Blur","floor":14.0},{"not_picked":["Tools of the Trade","Burst"],"picked":"Corpse Explosion","floor":16.0},{"not_picked":["Underhanded Strike","Dash+1"],"picked":"Backstab+1","floor":18.0},{"not_picked":["Poisoned Stab","Riddle With Holes","Deadly Poison"],"picked":"SKIP","floor":20.0},{"not_picked":["Expertise+1","Slice+1","Dagger Throw"],"picked":"SKIP","floor":23.0},{"not_picked":["All Out Attack+1","Slice","Accuracy"],"picked":"SKIP","floor":24.0},{"not_picked":["Prepared+1","Blade Dance+1","Backflip+1"],"picked":"SKIP","floor":25.0},{"not_picked":["Bouncing Flask+1","Setup","Backflip"],"picked":"SKIP","floor":27.0},{"not_picked":["Dagger Throw","Outmaneuver"],"picked":"PiercingWail","floor":29.0},{"not_picked":["Blade Dance+1","Riddle With Holes+1"],"picked":"Corpse Explosion+1","floor":31.0},{"not_picked":["Die Die Die","Venomology+1"],"picked":"Adrenaline+1","floor":33.0},{"not_picked":["Predator+1","Sucker Punch+1"],"picked":"PiercingWail+1","floor":35.0},{"not_picked":["Flechettes","Bane+1"],"picked":"Noxious Fumes","floor":36.0},{"not_picked":["PiercingWail+1","Blade Dance+1","Dagger Throw"],"picked":"SKIP","floor":38.0},{"not_picked":["Prepared+1","Envenom"],"picked":"Backflip+1","floor":39.0},{"not_picked":["Malaise+1","Quick Slash"],"picked":"Catalyst+1","floor":41.0},{"not_picked":["Escape Plan+1","Poisoned Stab","Backflip+1"],"picked":"SKIP","floor":42.0},{"not_picked":["A Thousand Cuts","Eviscerate+1","Blur+1"],"picked":"Singing Bowl","floor":46.0},{"not_picked":["Deflect+1","All Out Attack","Quick Slash+1"],"picked":"Singing Bowl","floor":48},{"not_picked":["Quick Slash+1","Grand Finale","Prepared+1"],"picked":"Singing Bowl","floor":54}],"player_experience":1344110,"relics_obtained":[{"floor":7.0,"key":"Akabeko"},{"floor":9.0,"key":"Blood Vial"},{"floor":10.0,"key":"CeramicFish"},{"floor":23.0,"key":"Toy Ornithopter"},{"floor":26.0,"key":"Bottled Lightning"},{"floor":31.0,"key":"Toxic Egg 2"},{"floor":36.0,"key":"Thread and Needle"},{"floor":46.0,"key":"Singing Bowl"},{"floor":54,"key":"Bottled Tornado"}],"event_choices":[{"damage_healed":0.0,"max_hp_gain":0.0,"max_hp_loss":0.0,"gold_gain":0.0,"event_name":"NoteForYourself","player_choice":"Ignored","floor":4.0,"gold_loss":0.0,"damage_taken":0.0},{"damage_healed":0.0,"max_hp_gain":5.0,"max_hp_loss":0.0,"gold_gain":0.0,"event_name":"Forgotten Altar","player_choice":"Shed Blood","floor":19.0,"gold_loss":0.0,"damage_taken":18.0},{"damage_healed":0.0,"max_hp_gain":0.0,"max_hp_loss":0.0,"gold_gain":0.0,"event_name":"Match and Keep!","player_choice":"0 cards matched","floor":21.0,"gold_loss":0.0,"damage_taken":0.0,"cards_obtained":[]},{"damage_healed":0.0,"max_hp_gain":0.0,"max_hp_loss":0.0,"gold_gain":0.0,"event_name":"MindBloom","player_choice":"Fight","floor":36.0,"gold_loss":0.0,"damage_taken":0.0},{"cards_removed":["Well Laid Plans"],"damage_healed":0.0,"max_hp_gain":0.0,"max_hp_loss":0.0,"gold_gain":0.0,"event_name":"Purifier","player_choice":"Purged","floor":37.0,"gold_loss":0.0,"damage_taken":0.0}],"is_beta":false,"boss_relics":[{"not_picked":["Runic Dome","Ectoplasm"],"picked":"Sozu"},{"not_picked":["SacredBark","Black Star"],"picked":"Runic Pyramid"}],"items_purged_floors":[14,22,44,45],"is_endless":false,"potions_floor_spawned":[1,5,11,13,23,24,25,31,33,36,38,46,48],"ascension_level":1}}