{"host":"6xsbn6ynqlzwllfm","time":1613152786,"event":{"mods":["2.2 Compatiblity","BaseMod","Bestiary","Colored Map","Colored Powertips","Curses Come First","Downfall","Highlight Path","Keyboard Shortcuts","Minty Spire (QoL Compilation)","Relic Stats","Slay the Relics Exporter","StSLib","SuperFastMode"],"gold_per_floor":[99,118,218,18,31,31,31,45,70,87,72,91,91,122,140,239,239,139,158,177,188,188,188,188],"floor_reached":22,"language":"ENG","playtime":920,"items_purged":["bronze:Strike"],"score":288,"play_id":"505cc637-22c5-46a1-b2e0-bdf835e2e114","local_time":"20210212125946","is_ascension_mode":true,"campfire_choices":[{"data":"bronze:Goto","floor":1,"key":"SMITH"},{"floor":13,"key":"REST"},{"data":"bronze:FineTuning","floor":18,"key":"SMITH"}],"circlet_count":0,"master_deck":["bronze:Strike","bronze:Strike","bronze:Strike","bronze:Defend","bronze:Defend","bronze:Defend","bronze:Defend","bronze:Replicate","bronze:Goto+1","bronze:FineTuning+1","bronze:Optimize","bronze:Shell","bronze:FineTuning","bronze:Spike","bronze:Philosophize","bronze:Iterate","bronze:DelayedGuard","bronze:Flail","bronze:FineTuning","bronze:Mutator","bronze:Optimize+1"],"relics":["bronze:BronzeCore","Bronze Scales","Toy Ornithopter","bronze:ElectromagneticCoil","downfall:HeartBlessingBlue"],"acts_visited":["Exordium","TheCity"],"potions_floor_usage":[6,16,16,16,20],"damage_taken":[{"damage":6,"enemies":"2 Louse","floor":2,"turns":3},{"damage":0,"enemies":"downfall:FleeingMerchant","floor":4,"turns":4},{"damage":2,"enemies":"Jaw Worm","floor":5,"turns":6},{"damage":9,"enemies":"Jaw Worm","floor":6,"turns":8},{"damage":2,"enemies":"Cultist","floor":8,"turns":4},{"damage":0,"enemies":"Large Slime","floor":10,"turns":3},{"damage":15,"enemies":"downfall:FleeingMerchant","floor":11,"turns":4},{"damage":21,"enemies":"Exordium Thugs","floor":12,"turns":4},{"damage":18,"enemies":"Gremlin Nob","floor":14,"turns":3},{"damage":7,"enemies":"3 Louse","floor":15,"turns":1},{"damage":10,"enemies":"IC_STATUS_ARCHETYPE","floor":16,"turns":7},{"damage":19,"enemies":"3 Byrds","floor":19,"turns":5},{"damage":12,"enemies":"Shell Parasite","floor":20,"turns":4},{"damage":39,"enemies":"Cultist and Chosen","floor":21,"turns":6},{"damage":24,"enemies":"Chosen and Byrds","floor":22,"turns":4}],"seed_played":"-1912324377197608847","potions_obtained":[{"floor":5,"key":"champ:CounterPotion"},{"floor":6,"key":"EssenceOfSteel"},{"floor":10,"key":"SpeedPotion"},{"floor":15,"key":"Dexterity Potion"},{"floor":16,"key":"Guardian:BlockOnCardUsePotion"},{"floor":21,"key":"BlessingOfTheForge"}],"is_trial":false,"path_per_floor":["R","M","?","$","M","?","T","M","T","M","$","M","R","E","M","B",null,"R","M","M","M","M"],"character_chosen":"THE_AUTOMATON","items_purchased":["bronze:Optimize","bronze:Shell"],"campfire_rested":1,"item_purchase_floors":[4,4],"current_hp_per_floor":[70,64,64,64,62,53,53,51,51,51,36,15,38,20,13,18,62,72,53,46,7,0,0,0],"gold":188,"neow_bonus":"TEN_PERCENT_HP_BONUS","is_daily":false,"chose_seed":false,"campfire_upgraded":2,"win_rate":0.0,"timestamp":1613152786,"path_taken":["R","M","?","$","M","?","T","M","?","M","$","M","R","E","M","BOSS","R","M","M","?","M"],"items_purchased_type":["Card","Card"],"build_version":"2020-12-22","purchased_purges":1,"victory":false,"max_hp_per_floor":[77,77,77,77,77,77,77,77,77,77,77,77,77,77,77,77,77,87,87,87,87,87,87,87],"relic_stats":{"counters":[15,66],"Bronze Scales":[128],"obtain_stats":[{"bronze:ElectromagneticCoil":17,"bronze:BronzeCore":0,"downfall:HeartBlessingBlue":18,"Bronze Scales":9,"Toy Ornithopter":14},{"bronze:ElectromagneticCoil":11,"bronze:BronzeCore":0,"downfall:HeartBlessingBlue":11,"Bronze Scales":5,"Toy Ornithopter":9},{"bronze:ElectromagneticCoil":47,"bronze:BronzeCore":0,"downfall:HeartBlessingBlue":47,"Bronze Scales":25,"Toy Ornithopter":39}],"Toy Ornithopter":20},"card_choices":[{"not_picked":["bronze:Invalidate","bronze:Constructor"],"picked":"bronze:FineTuning","floor":2},{"not_picked":["bronze:Shield","bronze:Refactor","bronze:BitShift"],"picked":"SKIP","floor":4},{"not_picked":["bronze:Shell","bronze:CloningBeam"],"picked":"bronze:FineTuning","floor":5},{"not_picked":[],"picked":"bronze:Spike","floor":6},{"not_picked":["bronze:NullPointer","bronze:CloningBeam"],"picked":"bronze:Philosophize","floor":6},{"not_picked":["bronze:DigitalCarnage","bronze:Virus"],"picked":"bronze:Iterate","floor":10},{"not_picked":["bronze:CutThrough","bronze:BronzeArmor"],"picked":"bronze:DelayedGuard","floor":12},{"not_picked":["bronze:OilSpill","bronze:Safeguard"],"picked":"bronze:Flail","floor":14},{"not_picked":["bronze:Fortify","bronze:Branch"],"picked":"bronze:FineTuning","floor":15},{"not_picked":["bronze:ShipIt","bronze:FindAndReplace"],"picked":"bronze:Mutator","floor":16},{"not_picked":["bronze:DarkDash","bronze:BugBarrage"],"picked":"bronze:Optimize+1","floor":19}],"player_experience":1751998,"relics_obtained":[{"floor":9,"key":"Bronze Scales"},{"floor":14,"key":"Toy Ornithopter"}],"event_choices":[],"is_beta":false,"boss_relics":[{"not_picked":["Runic Dome","Black Star"],"picked":"bronze:ElectromagneticCoil"}],"items_purged_floors":[4],"is_endless":false,"potions_floor_spawned":[5,6,10,15,16,21],"killed_by":"Chosen and Byrds","ascension_level":8}}