{"host":"iphsb0ccnjx0pfn6","time":1613140057,"event":{"mods":["2.2 Compatiblity","AchievementEnabler","BaseMod","Colored Map","DeckTracker","Keyboard Shortcuts","Minty Spire (QoL Compilation)","Permanent Neow","Quick Restart","Relic Stats","StSLib","SuperFastMode","Uncapped","everything is the same but u backflip on backflip"],"gold_per_floor":[114,114,114,130,110,110,154,154,226,241,241,262,296,321,321,321,321],"floor_reached":16,"language":"KOR","playtime":364,"items_purged":[],"score":220,"play_id":"d0878bb8-f27c-4360-9cbe-3cc8870e0467","local_time":"20210212232737","is_ascension_mode":true,"campfire_choices":[{"data":"Shockwave","floor":6,"key":"SMITH"},{"data":"Pommel Strike","floor":8,"key":"SMITH"},{"data":"Bash","floor":11,"key":"SMITH"},{"data":"Battle Trance","floor":15,"key":"SMITH"}],"circlet_count":0,"master_deck":["AscendersBane","Strike_R","Strike_R","Strike_R","Strike_R","Defend_R","Defend_R","Defend_R","Defend_R","Bash+1","Shrug It Off","Shockwave+1","Pommel Strike+1","Second Wind","Dropkick","Battle Trance+1"],"relics":["Burning Blood","Golden Idol","Bottled Lightning","White Beast Statue","Ornamental Fan"],"acts_visited":["Exordium"],"potions_floor_usage":[7,14,16,16],"damage_taken":[{"damage":7,"enemies":"Jaw Worm","floor":1,"turns":5},{"damage":9,"enemies":"Small Slimes","floor":4,"turns":7},{"damage":26,"enemies":"Lagavulin","floor":7,"turns":9},{"damage":0,"enemies":"Cultist","floor":10,"turns":3},{"damage":0,"enemies":"Exordium Wildlife","floor":12,"turns":4},{"damage":24,"enemies":"Gremlin Nob","floor":13,"turns":4},{"damage":2,"enemies":"Lots of Slimes","floor":14,"turns":5},{"damage":21,"enemies":"Slime Boss","floor":16,"turns":6}],"seed_played":"8840335966559419966","potions_obtained":[{"floor":1,"key":"LiquidMemories"},{"floor":5,"key":"HeartOfIron"},{"floor":10,"key":"Energy Potion"},{"floor":14,"key":"ElixirPotion"}],"is_trial":false,"path_per_floor":["M","?","?","M","?","R","E","R","T","M","R","M","E","M","R","B"],"character_chosen":"IRONCLAD","items_purchased":[],"campfire_rested":0,"item_purchase_floors":[],"current_hp_per_floor":[67,41,41,38,38,38,18,18,18,24,24,30,12,16,16,0,0],"gold":321,"neow_bonus":"THREE_CARDS","is_daily":false,"chose_seed":false,"campfire_upgraded":4,"win_rate":0.0,"timestamp":1613140057,"path_taken":["M","?","?","M","?","R","E","R","T","M","R","?","E","M","R","BOSS"],"items_purchased_type":[],"build_version":"2020-12-22","purchased_purges":0,"victory":false,"max_hp_per_floor":[75,75,75,75,75,75,75,75,75,75,75,75,75,75,75,75,75],"relic_stats":{"counters":[8,43],"Golden Idol":31,"Ornamental Fan":[16],"obtain_stats":[{"Golden Idol":2,"Ornamental Fan":13,"Bottled Lightning":7,"Burning Blood":0,"White Beast Statue":9},{"Golden Idol":1,"Ornamental Fan":6,"Bottled Lightning":3,"Burning Blood":0,"White Beast Statue":3},{"Golden Idol":5,"Ornamental Fan":32,"Bottled Lightning":21,"Burning Blood":0,"White Beast Statue":21}],"Burning Blood":42},"card_choices":[{"not_picked":["Disarm","Second Wind"],"picked":"Shrug It Off","floor":0},{"not_picked":["Combust","Clash"],"picked":"Shockwave","floor":1},{"not_picked":["Shrug It Off","Heavy Blade"],"picked":"Pommel Strike","floor":4},{"not_picked":["Dark Embrace","Shrug It Off"],"picked":"Second Wind","floor":7},{"not_picked":["Clothesline","Havoc"],"picked":"Dropkick","floor":10},{"not_picked":["Sword Boomerang","Searing Blow","Metallicize"],"picked":"SKIP","floor":12},{"not_picked":["Rupture","Clothesline","Reckless Charge"],"picked":"SKIP","floor":13},{"not_picked":["Clash","Whirlwind"],"picked":"Battle Trance","floor":14}],"player_experience":1307255,"relics_obtained":[{"floor":7,"key":"Bottled Lightning"},{"floor":9,"key":"White Beast Statue"},{"floor":13,"key":"Ornamental Fan"}],"event_choices":[{"damage_healed":0,"gold_gain":0,"player_choice":"Take Damage","damage_taken":26,"relics_obtained":["Golden Idol"],"max_hp_gain":0,"max_hp_loss":0,"event_name":"Golden Idol","floor":2,"gold_loss":0},{"cards_removed":["Strike_R"],"damage_healed":0,"gold_gain":0,"player_choice":"Forget","damage_taken":0,"max_hp_gain":0,"max_hp_loss":0,"event_name":"Living Wall","floor":3,"gold_loss":0},{"damage_healed":0,"gold_gain":0,"player_choice":"Bought 1 Potion","damage_taken":0,"max_hp_gain":0,"max_hp_loss":0,"event_name":"The Woman in Blue","floor":5,"gold_loss":0}],"is_beta":false,"boss_relics":[],"items_purged_floors":[],"is_endless":false,"potions_floor_spawned":[1,10,12,13,14],"killed_by":"Slime Boss","ascension_level":20}}