{"host":"dxvlkuh9hlaz4yxf","time":1613166228,"event":{"mods":["BaseMod","Colored Map","GifTheSpireLib","Minty Spire (QoL Compilation)","Rare Cards Sparkle","StSLib","Waifu the Spire"],"gold_per_floor":[111,127,147,147,147,191,191,205,205,205,241,272,272,272,272,401,401,425,444,463,463,463,507,507,541,619,619,328,328,343,377,377,496,496,510,510,510,530,549,593,593,624,648,222,222,265,628,628,628,628],"floor_reached":51,"language":"ENG","playtime":1627,"items_purged":[],"score":1024,"play_id":"7299fc87-cbf6-48ca-a0ed-0a7431ef4da9","local_time":"20210212134348","is_ascension_mode":true,"campfire_choices":[{"floor":7,"key":"REST"},{"floor":10,"key":"REST"},{"floor":13,"key":"REST"},{"data":"Feed","floor":15,"key":"SMITH"},{"floor":24,"key":"REST"},{"data":"Double Tap","floor":29,"key":"SMITH"},{"floor":32,"key":"REST"},{"floor":41,"key":"REST"},{"floor":45,"key":"REST"},{"floor":49,"key":"REST"}],"circlet_count":0,"master_deck":["Bash","Feed+1","Heavy Blade","Iron Wave","Flex","Twin Strike","Iron Wave","Inflame","Double Tap+1","Sword Boomerang","Twin Strike","Double Tap","Bite","Bite","Bite","Bite","Bite","J.A.X.","Twin Strike+1","Pummel","Clash+1","Sword Boomerang+1","Exhume","Bloodletting+1","Pommel Strike+1","Clash+1","Clash+1","Disarm","Apotheosis","Dramatic Entrance+1","Pommel Strike+1","Offering","Rupture","Master of Strategy","Thinking Ahead","Mayhem","Heavy Blade+1"],"relics":["Burning Blood","Golden Idol","Red Skull","Blue Candle","Bird Faced Urn","Odd Mushroom","Self Forming Clay","SlaversCollar","Strawberry","Mummified Hand","Pear","Molten Egg 2","Bottled Tornado","Astrolabe","CaptainsWheel","Dream Catcher","Happy Flower","Pen Nib","Orichalcum","Old Coin"],"acts_visited":["Exordium","TheCity","TheBeyond"],"potions_floor_usage":[25,40,40,40],"damage_taken":[{"damage":10,"enemies":"Small Slimes","floor":1,"turns":3},{"damage":3,"enemies":"2 Louse","floor":2,"turns":3},{"damage":12,"enemies":"Jaw Worm","floor":3,"turns":3},{"damage":47,"enemies":"3 Sentries","floor":6,"turns":12},{"damage":14,"enemies":"Blue Slaver","floor":8,"turns":5},{"damage":21,"enemies":"Lagavulin","floor":11,"turns":5},{"damage":21,"enemies":"The Mushroom Lair","floor":12,"turns":4},{"damage":53,"enemies":"The Guardian","floor":16,"turns":11},{"damage":50,"enemies":"Shell Parasite","floor":18,"turns":7},{"damage":19,"enemies":"Chosen","floor":19,"turns":4},{"damage":30,"enemies":"Centurion and Healer","floor":20,"turns":5},{"damage":35,"enemies":"Gremlin Leader","floor":23,"turns":4},{"damage":37,"enemies":"Slavers","floor":25,"turns":4},{"damage":12,"enemies":"3 Cultists","floor":30,"turns":3},{"damage":16,"enemies":"Gremlin Leader","floor":31,"turns":4},{"damage":41,"enemies":"Champ","floor":33,"turns":9},{"damage":16,"enemies":"Orb Walker","floor":35,"turns":2},{"damage":62,"enemies":"3 Darklings","floor":38,"turns":3},{"damage":55,"enemies":"4 Shapes","floor":39,"turns":5},{"damage":13,"enemies":"Nemesis","floor":40,"turns":3},{"damage":16,"enemies":"Giant Head","floor":42,"turns":5},{"damage":24,"enemies":"Nemesis","floor":46,"turns":3},{"damage":15,"enemies":"Mind Bloom Boss Battle","floor":47,"turns":2},{"damage":78,"enemies":"Time Eater","floor":50,"turns":7}],"seed_played":"-3729355883916025337","potions_obtained":[{"floor":2,"key":"EssenceOfSteel"},{"floor":8,"key":"Weak Potion"},{"floor":11,"key":"GamblersBrew"},{"floor":16,"key":"Explosive Potion"},{"floor":23,"key":"Regen Potion"},{"floor":30,"key":"Energy Potion"},{"floor":31,"key":"EntropicBrew"},{"floor":40,"key":"FairyPotion"}],"is_trial":false,"path_per_floor":["M","M","M","?","?","E","R","M","T","R","E","?","R","T","R","B",null,"M","M","M","?","?","E","R","E","T","?","$","R","M","E","R","B",null,"M","?","?","M","M","E","R","E","T","$","R","E","?","?","R","B",null],"character_chosen":"IRONCLAD","items_purchased":["Molten Egg 2","Clash+1","Pen Nib","Apotheosis","Dramatic Entrance+1"],"campfire_rested":8,"item_purchase_floors":[28,28,44,44,44],"current_hp_per_floor":[79,85,82,60,53,15,42,37,37,65,53,41,71,71,71,26,101,57,50,32,32,32,22,46,42,52,52,52,52,54,60,91,78,105,95,95,115,63,24,29,65,59,59,59,95,82,75,65,101,46],"gold":628,"neow_bonus":"THREE_RARE_CARDS","is_daily":false,"chose_seed":false,"campfire_upgraded":2,"win_rate":0.0,"timestamp":1613166228,"path_taken":["M","M","M","?","?","E","R","M","T","R","E","?","R","?","R","BOSS","M","M","M","?","?","E","R","E","T","?","$","R","M","E","R","BOSS","M","?","?","?","M","E","R","E","T","$","R","E","?","?","R","BOSS"],"items_purchased_type":["Relic","Card","Relic","Card","Card"],"build_version":"2020-12-22","purchased_purges":0,"victory":true,"max_hp_per_floor":[83,86,89,89,89,92,92,95,95,95,98,101,101,101,101,101,101,101,105,109,76,76,83,83,87,97,97,97,97,101,105,105,105,105,105,105,115,115,119,123,123,123,123,123,123,123,123,123,123,123],"card_choices":[{"not_picked":["Reaper","Barricade"],"picked":"Feed","floor":0},{"not_picked":["Power Through","Sever Soul","Evolve"],"picked":"SKIP","floor":1},{"not_picked":["Body Slam","Fire Breathing"],"picked":"Heavy Blade","floor":2},{"not_picked":["Body Slam","Wild Strike"],"picked":"Iron Wave","floor":3},{"not_picked":["Evolve","Dark Embrace"],"picked":"Flex","floor":6},{"not_picked":["Flex","Bloodletting"],"picked":"Twin Strike","floor":8},{"not_picked":["Shrug It Off","Havoc"],"picked":"Iron Wave","floor":11},{"not_picked":["Thunderclap","Wild Strike"],"picked":"Inflame","floor":12},{"not_picked":["Impervious","Corruption"],"picked":"Double Tap","floor":16},{"not_picked":["Wild Strike","Shrug It Off"],"picked":"Sword Boomerang","floor":18},{"not_picked":["Cleave","Wild Strike+1"],"picked":"Twin Strike","floor":19},{"not_picked":["True Grit","Flex+1"],"picked":"Double Tap","floor":20},{"not_picked":["Warcry+1","Headbutt+1"],"picked":"Twin Strike+1","floor":23},{"not_picked":["Evolve","Headbutt"],"picked":"Pummel","floor":25},{"not_picked":["Evolve","Armaments","Shrug It Off+1"],"picked":"SKIP","floor":30},{"not_picked":["Flex","Armaments"],"picked":"Sword Boomerang+1","floor":31},{"not_picked":["Double Tap","Corruption"],"picked":"Exhume","floor":33},{"not_picked":["Sword Boomerang+1","Infernal Blade+1"],"picked":"Pommel Strike+1","floor":35},{"not_picked":["Wild Strike+1","Evolve"],"picked":"Clash+1","floor":38},{"not_picked":["True Grit","Intimidate"],"picked":"Clash+1","floor":39},{"not_picked":["Entrench","Impervious"],"picked":"Disarm","floor":40},{"not_picked":["Armaments","Ghostly Armor","Perfected Strike+1"],"picked":"SKIP","floor":42},{"not_picked":["Wild Strike+1","Shrug It Off+1"],"picked":"Pommel Strike+1","floor":45},{"not_picked":["Cleave+1","Wild Strike+1"],"picked":"Offering","floor":46},{"not_picked":["Sword Boomerang+1","Twin Strike+1"],"picked":"Rupture","floor":47},{"not_picked":["Mind Blast+1","Magnetism"],"picked":"Master of Strategy","floor":48},{"not_picked":["Sadistic Nature","Mind Blast+1"],"picked":"Thinking Ahead","floor":48},{"not_picked":["Dark Shackles","Blind"],"picked":"Mayhem","floor":48},{"not_picked":["Havoc+1","Armaments+1"],"picked":"Heavy Blade+1","floor":49}],"player_experience":62441,"relics_obtained":[{"floor":6,"key":"Red Skull"},{"floor":9,"key":"Blue Candle"},{"floor":11,"key":"Bird Faced Urn"},{"floor":12,"key":"Odd Mushroom"},{"floor":14,"key":"Self Forming Clay"},{"floor":23,"key":"Strawberry"},{"floor":25,"key":"Mummified Hand"},{"floor":26,"key":"Pear"},{"floor":31,"key":"Bottled Tornado"},{"floor":40,"key":"CaptainsWheel"},{"floor":42,"key":"Dream Catcher"},{"floor":43,"key":"Happy Flower"},{"floor":46,"key":"Orichalcum"},{"floor":47,"key":"Old Coin"}],"event_choices":[{"damage_healed":0,"gold_gain":0,"player_choice":"Take Damage","damage_taken":22,"relics_obtained":["Golden Idol"],"max_hp_gain":0,"max_hp_loss":0,"event_name":"Golden Idol","floor":4,"gold_loss":0},{"cards_removed":["Pain"],"damage_healed":0,"gold_gain":0,"player_choice":"Card Removal","damage_taken":7,"max_hp_gain":0,"max_hp_loss":0,"event_name":"Golden Wing","floor":5,"gold_loss":0},{"damage_healed":0,"gold_gain":0,"player_choice":"Fought Mushrooms","damage_taken":0,"max_hp_gain":0,"max_hp_loss":0,"event_name":"Mushrooms","floor":12,"gold_loss":0},{"damage_healed":0,"gold_gain":0,"player_choice":"Became a vampire","damage_taken":0,"max_hp_gain":0,"max_hp_loss":33,"event_name":"Vampires","floor":21,"gold_loss":0,"cards_obtained":["Bite","Bite","Bite","Bite","Bite"]},{"damage_healed":0,"gold_gain":0,"player_choice":"Obtain J.A.X.","damage_taken":0,"max_hp_gain":0,"max_hp_loss":0,"event_name":"Drug Dealer","floor":22,"gold_loss":0,"cards_obtained":["J.A.X."]},{"cards_removed":["Defend_R"],"damage_healed":0,"gold_gain":0,"player_choice":"Elegance","damage_taken":0,"max_hp_gain":0,"max_hp_loss":0,"event_name":"Back to Basics","floor":27,"gold_loss":0},{"cards_removed":["Sever Soul"],"damage_healed":0,"gold_gain":0,"player_choice":"Removed Attack","damage_taken":0,"max_hp_gain":0,"max_hp_loss":0,"event_name":"Falling","floor":36,"gold_loss":0},{"cards_removed":["Bludgeon"],"damage_healed":10,"gold_gain":0,"player_choice":"Offered Rare","damage_taken":0,"max_hp_gain":10,"max_hp_loss":0,"event_name":"Bonfire Elementals","floor":37,"gold_loss":0},{"damage_healed":0,"gold_gain":0,"player_choice":"Fight","damage_taken":0,"max_hp_gain":0,"max_hp_loss":0,"event_name":"MindBloom","floor":47,"gold_loss":0},{"damage_healed":0,"gold_gain":0,"player_choice":"Memory 3","damage_taken":10,"max_hp_gain":0,"max_hp_loss":0,"event_name":"SensoryStone","floor":48,"gold_loss":0}],"is_beta":false,"boss_relics":[{"not_picked":["Calling Bell","Coffee Dripper"],"picked":"SlaversCollar"},{"not_picked":["SacredBark","Tiny House"],"picked":"Astrolabe"}],"items_purged_floors":[],"is_endless":false,"potions_floor_spawned":[2,8,11,16,20,23,30,31,40],"ascension_level":2}}