{"host":"v9duy90nce28uent","time":1613149586,"event":{"mods":["BaseMod","Colored Map","Colored Powertips","Conspire","Downfall","Hermit","Highlight Path","Infinite Spire","Minty Spire (QoL Compilation)","Replay The Spire","StSLib","The Cursed","The Disciple","The Hierophant"],"gold_per_floor":[99,109,129,145,162,162,185,185,201,201,301,319,319,336,348,450,450,450,467,478,488,374,374,442,452,469,489,489,504,504,524,535,535,535,535],"floor_reached":33,"language":"ENG","playtime":4355,"items_purged":["Slimebound:Defend_Slimebound"],"score":249,"play_id":"c9a7be85-e74d-4750-b615-0ceb7fa10349","local_time":"20210212120626","is_ascension_mode":false,"campfire_choices":[{"floor":1.0,"key":"DIG"},{"data":"Slimebound:LeechEnergy","floor":8.0,"key":"SMITH"},{"data":"Slimebound:GrowthPunch","floor":13.0,"key":"SMITH"},{"floor":18,"key":"RECALL"},{"floor":28,"key":"REST"},{"floor":30,"key":"REST"}],"circlet_count":0,"master_deck":["Slimebound:Tackle","Slimebound:Defend_Slimebound","Slimebound:Defend_Slimebound","Slimebound:Defend_Slimebound","Slimebound:Split","Slimebound:CorrosiveSpit","Slimebound:HauntingLick","Slimebound:GrowthPunch+1","Slimebound:LeechEnergy+1","Slimebound:GoopSpray","Slimebound:GoopSpray","Slimebound:SplitBruiser","Slimebound:LeechingTouch","Slimebound:AcidTongue","Slimebound:OozeBath","Slimebound:LivingWall+1","Slimebound:FinishingTackle+1","Slimebound:SplitMire","Slimebound:Tackle+1","Slimebound:Tackle+1","Slimebound:Tackle+1","Slimebound:OozeBath","Slimebound:LeechingTouch","Slimebound:Gluttony"],"relics":["Slimebound:AbsorbEndCombat","PreservedInsect","Slimebound:AggressiveSlimeRelic","Toy Ornithopter","Replay:Bronze Core"],"acts_visited":["Exordium","TheCity"],"potions_floor_usage":[33],"damage_taken":[{"damage":16.0,"enemies":"Cultist","floor":2.0,"turns":4.0},{"damage":0.0,"enemies":"Small Slimes","floor":3.0,"turns":3.0},{"damage":2.0,"enemies":"2 Louse","floor":4.0,"turns":3.0},{"damage":17.0,"enemies":"Red Slaver","floor":5.0,"turns":5.0},{"damage":2.0,"enemies":"Large Slime","floor":9.0,"turns":5.0},{"damage":16.0,"enemies":"downfall:LadyInBlue","floor":11.0,"turns":10.0},{"damage":5.0,"enemies":"Lots of Slimes","floor":12.0,"turns":3.0},{"damage":4.0,"enemies":"Exordium Thugs","floor":14.0,"turns":3.0},{"damage":7.0,"enemies":"Gremlin Gang","floor":15.0,"turns":4.0},{"damage":8.0,"enemies":"SI_SHIV_ARCHETYPE","floor":16.0,"turns":7.0},{"damage":13,"enemies":"Chosen","floor":19,"turns":4},{"damage":11,"enemies":"conspire:FuzzyDice","floor":20,"turns":6},{"damage":24,"enemies":"Shelled Parasite and Fungi","floor":21,"turns":5},{"damage":6,"enemies":"downfall:FleeingMerchant","floor":22,"turns":5},{"damage":26,"enemies":"Sentry and Sphere","floor":25,"turns":5},{"damage":7,"enemies":"Snecko","floor":26,"turns":5},{"damage":24,"enemies":"Cultist and Chosen","floor":27,"turns":5},{"damage":21,"enemies":"Chosen and Byrds","floor":29,"turns":5},{"damage":13,"enemies":"Snecko","floor":31,"turns":3},{"damage":12,"enemies":"conspire:HollyBat","floor":32,"turns":6},{"damage":47,"enemies":"WA_ARCHETYPE_CALM","floor":33,"turns":8}],"seed_played":"-7484527864665520320","potions_obtained":[{"floor":2.0,"key":"Fire Potion"},{"floor":4.0,"key":"hexamod:SoulburnPotion"},{"floor":11.0,"key":"Swift Potion"}],"is_trial":false,"path_per_floor":["R_BF","M","M","M","M","?","T","R","M","?","?","M","R","M","M","B",null,"R_BF","M","M","M","$","?","T","M","M","M","R","M","R","M","M","B"],"character_chosen":"SLIMEBOUND","items_purchased":["Slimebound:SplitMire"],"campfire_rested":2,"item_purchase_floors":[22],"current_hp_per_floor":[71,57,61,63,50,50,50,50,56,56,48,51,51,53,54,54,71,71,66,63,47,49,49,49,31,32,16,37,24,45,38,34,0,0,0],"gold":535,"neow_bonus":"TEN_PERCENT_HP_BONUS","is_daily":false,"chose_seed":false,"campfire_upgraded":2,"win_rate":0.0,"timestamp":1613149586,"path_taken":["R_BF","M","M","M","M","?","T","R","M","?","?","?","R","M","M","BOSS","R_BF","M","M","M","$","?","T","M","M","M","R","M","R","M","M","BOSS"],"items_purchased_type":["Card"],"build_version":"2020-12-22","purchased_purges":1,"victory":false,"max_hp_per_floor":[71,71,71,71,71,71,71,71,71,71,71,71,71,71,71,71,71,71,71,71,71,71,71,71,71,71,71,71,71,71,71,71,71,71,71],"card_choices":[{"not_picked":["Slimebound:Prepare","Slimebound:GoopTackle"],"picked":"Slimebound:HauntingLick","floor":2.0},{"not_picked":["Slimebound:SamplingLick","Slimebound:ComboTackle"],"picked":"Slimebound:GrowthPunch","floor":3.0},{"not_picked":["Slimebound:HauntingLick","Slimebound:Schlurp"],"picked":"Slimebound:LeechEnergy","floor":4.0},{"not_picked":["Slimebound:Nibble","Slimebound:RollThrough"],"picked":"Slimebound:GoopSpray","floor":5.0},{"not_picked":["Slimebound:DouseInSlime","Slimebound:SlimeSpikes","Slimebound:FormOfPuddle"],"picked":"SKIP","floor":9.0},{"not_picked":["Slimebound:SlimeSpikes","Slimebound:FormOfPuddle"],"picked":"Slimebound:GoopSpray","floor":11.0},{"not_picked":["Slimebound:FlameTackle","Slimebound:HauntingLick"],"picked":"Slimebound:SplitBruiser","floor":12.0},{"not_picked":["Slimebound:RainOfGoop","Slimebound:LevelUp"],"picked":"Slimebound:LeechingTouch","floor":14.0},{"not_picked":["Slimebound:TongueLash","Slimebound:SamplingLick"],"picked":"Slimebound:AcidTongue","floor":15.0},{"not_picked":["Slimebound:WasteNot","Slimebound:OneTwoCombo"],"picked":"Slimebound:OozeBath","floor":16.0},{"not_picked":["Slimebound:ForwardTackle","Slimebound:Schlurp+1"],"picked":"Slimebound:LivingWall+1","floor":19},{"not_picked":["Slimebound:ComboTackle+1","Slimebound:SplitAcid"],"picked":"Slimebound:FinishingTackle+1","floor":20},{"not_picked":["Slimebound:SplitBruiser+1","Slimebound:SplitAcid","Slimebound:Grow"],"picked":"SKIP","floor":21},{"not_picked":["Slimebound:Prepare+1","Slimebound:Grow","Slimebound:OneTwoCombo"],"picked":"SKIP","floor":22},{"not_picked":["Slimebound:SplitLeeching","Slimebound:GoopTackle","Slimebound:SplitAcid"],"picked":"SKIP","floor":25},{"not_picked":["Slimebound:LeadByExample","Slimebound:RollThrough","Slimebound:LevelUp"],"picked":"SKIP","floor":26},{"not_picked":["Slimebound:RollThrough","Slimebound:SplitLeeching"],"picked":"Slimebound:OozeBath","floor":27},{"not_picked":["Slimebound:SlimeTap","Slimebound:Repurpose+1","Slimebound:Schlurp"],"picked":"SKIP","floor":29},{"not_picked":["Slimebound:LevelUp","Slimebound:RollThrough"],"picked":"Slimebound:LeechingTouch","floor":31},{"not_picked":["Slimebound:SplitAcid","Slimebound:SplitBruiser"],"picked":"Slimebound:Gluttony","floor":32}],"player_experience":68471,"relics_obtained":[{"floor":1.0,"key":"PreservedInsect"},{"floor":7.0,"key":"Slimebound:AggressiveSlimeRelic"},{"floor":11.0,"key":"Toy Ornithopter"}],"event_choices":[],"is_beta":false,"boss_relics":[{"not_picked":["Runic Dome","Painkiller Herb"],"picked":"Replay:Bronze Core"}],"items_purged_floors":[22],"is_endless":false,"potions_floor_spawned":[2,4,11,15,21,25,26,27,29,32],"killed_by":"WA_ARCHETYPE_CALM","ascension_level":0}}