{"host":"23qk1co0p3p8qz56","time":1613174226,"event":{"mods":["100% Spire Juice","AchievementEnabler","Act Like it!","Arknights","BaseMod","Better Note","Better Third Choice","BetterRewards","CapriCore","Chen","Colored Map","DNKmod","Downfall","Duelist Mod","Friendly Minions","Gensokyo","Gold Saver","Halation","KinomotoSakuraMod(ñÿîVñ{?)","Koishi","KomeijiMod","LagranYue(ùfäiòNÅEåé)","Lobotomy","LobotomyExtend","Mari Mod (Legacy)","Mari\u0027s V1 Patch","MarisaÅiñ∂âJÅ@ñÇóùçπÅj","Minty Spire (QoL Compilation)","Prisma Mod","ReimuÅiîé??öÎÅj","RemiliaÅiÂQïƒ‰ª?Åj","RumiaBox-òIïƒ?ìIê_îÈ·¥éq","StSLib","The Administrix","The Alterego","The Animator","The Gatherer","The Immortal","The Senshi","Waifu the Spire","WarShipGirlsR/??è≠èóR mod","Yakumo Yukari mod","Yohane!","Yuyuko"],"gold_per_floor":[10016,10030,9846,9860,9860,9888,9888],"floor_reached":6,"language":"ENG","playtime":309,"items_purged":[],"score":96,"play_id":"86c2219e-3479-479d-a37f-d4bb48030f2b","local_time":"20210212165706","is_ascension_mode":false,"campfire_choices":[],"circlet_count":0,"master_deck":["Strike_Remiria","Strike_Remiria","Strike_Remiria","Strike_Remiria","Defend_Remirira","Defend_Remirira","Defend_Remirira","Defend_Remirira","Absorbed+1","Scratch","ServantFlier","DamonLordCradle_Remiria","FateMeister","BloodCoagulation"],"relics":["ThirstyCrossSpe","Peace Pipe","Bird Faced Urn","halation:QuantumPhysicsTextbook","LagranYue:RandomDrawCardRelic","LetterFromLob","halation:BottledHappiness","Ornamental Fan"],"acts_visited":["Exordium"],"potions_floor_usage":[],"damage_taken":[{"damage":0,"enemies":"Jaw Worm","floor":1,"turns":2},{"damage":1,"enemies":"ats:Genji","floor":2,"turns":3},{"damage":0,"enemies":"Cultist","floor":4,"turns":3},{"damage":63,"enemies":"Gremlin Nob","floor":6,"turns":6}],"seed_played":"-4546542115677484430","potions_obtained":[{"floor":6,"key":"FairyPotion"}],"is_trial":false,"path_per_floor":["M","M","$","M","?","E"],"character_chosen":"RemiriaScarlet","items_purchased":["FateMeister","halation:BottledHappiness"],"campfire_rested":0,"item_purchase_floors":[3,3],"current_hp_per_floor":[500,499,499,500,500,441,441],"gold":9888,"neow_bonus":"UPGRADE_CARD","is_daily":false,"chose_seed":false,"campfire_upgraded":0,"win_rate":0.0,"timestamp":1613174226,"path_taken":["M","M","$","M","?","E"],"items_purchased_type":["Card","Relic"],"build_version":"2020-12-22","purchased_purges":0,"victory":false,"max_hp_per_floor":[500,500,500,500,500,500,500],"card_choices":[{"not_picked":["StigmaNizer","FierceSweep"],"picked":"ServantFlier","floor":1},{"not_picked":["BodyStrengthen","BloodCleaner"],"picked":"DamonLordCradle_Remiria","floor":2},{"not_picked":["BloodCollect","ServantFlier"],"picked":"BloodCoagulation","floor":4}],"player_experience":182253,"relics_obtained":[{"floor":1,"key":"LetterFromLob"},{"floor":6,"key":"Ornamental Fan"}],"event_choices":[{"damage_healed":0,"gold_gain":0,"player_choice":"Ignored","damage_taken":9860,"max_hp_gain":0,"max_hp_loss":0,"event_name":"betterThird:BetterSerpent","floor":5,"gold_loss":0}],"is_beta":false,"boss_relics":[],"items_purged_floors":[],"is_endless":false,"potions_floor_spawned":[6],"killed_by":"Gremlin Nob","ascension_level":0}}