{"host":"u0qetpmu4y58k1tf","time":1613109696,"event":{"mods":["100% Spire Juice","AchievementEnabler","Act Like it!","BaseMod","CapriCore","Colored Map","Colored Powertips","Hermit","Koishi","Marisa£¨Ùöéë¡¡Øª×âÞÞ£©","Minty Spire (QoL Compilation)","Quick Restart","Reliquary","Replay The Spire","StSLib","SuperFastMode","Td1madao Mod","The Bug Knight","The Cursed","The Gatherer","The Hierophant","The Immortal","The Jungle","The Runesmith"],"gold_per_floor":[114,114,39,54,54,95,174,174,174,193,193,39,39,62,62,197,209,236,96,117,142,160,160,160,160,212,293,318,318,318,32,32,52,52,52,52],"floor_reached":35,"language":"KOR","playtime":1273,"items_purged":["Strike_G","Strike_G"],"score":380,"play_id":"04e68442-1f62-46c0-9c28-129a548acb88","local_time":"20210212150136","is_ascension_mode":true,"campfire_choices":[{"data":"Venomology","floor":8.0,"key":"SMITH"},{"data":"Flechettes","floor":11.0,"key":"SMITH"},{"floor":15.0,"key":"DIG"},{"data":"Atom Bomb","floor":23,"key":"SMITH"},{"data":"Acrobatics","floor":32,"key":"SMITH"},{"data":"Prepared","floor":34,"key":"SMITH"}],"circlet_count":0,"master_deck":["Strike_G","Strike_G","Strike_G+1","Defend_G+1","Defend_G+1","Defend_G+1","Defend_G+1","Defend_G+1","Flechettes+1","Reflex+1","Cloak And Dagger+1","Venomology+1","Prepared","Leap","Beam Cell","Atom Bomb+1","Acrobatics+1","Prepared+1","Prepared+1","Ghostly","Ghostly","Ghostly","Ghostly","Ghostly","Distraction+1","The Bomb+1","Dodge and Roll+1"],"relics":["Ring of the Snake","NeowsBlessing","Bloody Idol","Ice Cream","Simple Rune","Replay:Bottled Eggs","Guide Book","Runesmith:AutoHammer","MawBank","ReplayTheSpireMod:DimensionalGlitch","reliquary:RosewoodLute","Toxic Egg 2","HollowMod:PaleOreRelic"],"acts_visited":["Exordium","TheCity"],"potions_floor_usage":[16,16,20,21,22,28,28,33,35,35,35,35],"damage_taken":[{"damage":0.0,"enemies":"Jaw Worm","floor":1.0,"turns":1.0},{"damage":0.0,"enemies":"2 Louse","floor":4.0,"turns":1.0},{"damage":0.0,"enemies":"Gremlin Nob","floor":6.0,"turns":1.0},{"damage":12.0,"enemies":"Gremlin Nob","floor":7.0,"turns":4.0},{"damage":0.0,"enemies":"Small Slimes","floor":10.0,"turns":3.0},{"damage":3,"enemies":"Slime Boss","floor":16,"turns":10},{"damage":0,"enemies":"2 Thieves","floor":18,"turns":3},{"damage":6,"enemies":"Shell Parasite","floor":20,"turns":3},{"damage":7,"enemies":"Chosen and Byrds","floor":21,"turns":4},{"damage":18,"enemies":"Shelled Parasite and Fungi","floor":22,"turns":5},{"damage":18,"enemies":"Replay:Snechameleon","floor":28,"turns":5},{"damage":11,"enemies":"Centurion and Healer","floor":33,"turns":3},{"damage":20,"enemies":"Automaton","floor":35,"turns":8}],"seed_played":"5789223557546314337","potions_obtained":[{"floor":1.0,"key":"Adrenaline Potion"},{"floor":10.0,"key":"SneckoOil"},{"floor":16,"key":"Dexterity Potion"},{"floor":20,"key":"Fire Potion"},{"floor":28,"key":"Explosive Potion"},{"floor":33,"key":"SteroidPotion"}],"is_trial":false,"path_per_floor":["M","?","$","M","?","E","?","R","T","M","R","$","?","T","R_BF","B",null,"M","$","M","M","M","R","?","?","T","T","E","PTL","PTL","$","R","M","R","B"],"character_chosen":"THE_SILENT","items_purchased":["Guide Book","reliquary:RosewoodLute","The Bomb+1"],"campfire_rested":0,"item_purchase_floors":[12,19,31],"current_hp_per_floor":[70,53,53,53,39,39,27,27,27,27,27,27,27,27,27,24,70,70,70,64,57,39,39,35,35,35,35,22,22,22,22,22,16,16,0,0],"gold":52,"neow_bonus":"THREE_ENEMY_KILL","is_daily":false,"chose_seed":false,"campfire_upgraded":5,"win_rate":0.0,"timestamp":1613109696,"path_taken":["M","?","$","M","?","E","?","R","T","M","R","?","?","?","R_BF","BOSS","M","?","?","M","?","R","?","?","T","?","E","PTL","PTL","$","R","M","R","BOSS"],"items_purchased_type":["Relic","Relic","Card"],"build_version":"2020-12-22","purchased_purges":2,"victory":false,"max_hp_per_floor":[70,70,70,70,70,70,70,70,70,70,70,70,70,70,70,70,70,70,70,70,70,70,70,35,35,35,35,35,35,35,35,35,35,35,35,35],"card_choices":[{"not_picked":["Blur","Bane"],"picked":"Flechettes","floor":1.0},{"not_picked":["Quick Slash","Cloak And Dagger"],"picked":"Reflex","floor":4.0},{"not_picked":["Slice","Sucker Punch"],"picked":"Cloak And Dagger","floor":6.0},{"not_picked":["Finisher","Toxin Wave"],"picked":"Venomology","floor":7.0},{"not_picked":["Cloak And Dagger","Outmaneuver"],"picked":"Prepared","floor":10.0},{"not_picked":["Bullet Time","Envenom"],"picked":"Atom Bomb","floor":16},{"not_picked":["Deflect","Dagger Throw"],"picked":"Acrobatics","floor":18},{"not_picked":["Underhanded Strike","Blade Dance"],"picked":"Prepared","floor":20},{"not_picked":["Underhanded Strike","Infinite Blades"],"picked":"Prepared+1","floor":21},{"not_picked":["Choke+1","Dodge and Roll","Blade Dance"],"picked":"SKIP","floor":22},{"not_picked":["Poisoned Stab","ReplayTheSpireMod:Necrosis+1"],"picked":"Distraction+1","floor":28},{"not_picked":["Infinite Blades","Sucker Punch"],"picked":"Dodge and Roll+1","floor":33}],"player_experience":101132,"relics_obtained":[{"floor":6.0,"key":"Ice Cream"},{"floor":7.0,"key":"Simple Rune"},{"floor":9.0,"key":"Replay:Bottled Eggs"},{"floor":14.0,"key":"Runesmith:AutoHammer"},{"floor":15.0,"key":"MawBank"},{"floor":27,"key":"Toxic Egg 2"},{"floor":28,"key":"HollowMod:PaleOreRelic"}],"event_choices":[{"damage_healed":0.0,"max_hp_gain":0.0,"max_hp_loss":0.0,"gold_gain":0.0,"event_name":"Golden Idol","player_choice":"Take Damage","floor":2.0,"gold_loss":0.0,"damage_taken":17.0,"relics_obtained":["Golden Idol"]},{"damage_healed":0.0,"max_hp_gain":0.0,"max_hp_loss":0.0,"gold_gain":0.0,"event_name":"Shining Light","player_choice":"Entered Light","floor":5.0,"gold_loss":0.0,"damage_taken":14.0,"cards_upgraded":["Strike_G","Defend_G"]},{"damage_healed":0.0,"max_hp_gain":0.0,"max_hp_loss":0.0,"gold_gain":0.0,"event_name":"Dead Adventurer","player_choice":"Searched \u00271\u0027 times","floor":7.0,"gold_loss":0.0,"damage_taken":0.0},{"damage_healed":0,"gold_gain":0,"player_choice":"Became a Ghost","damage_taken":0,"max_hp_gain":0,"max_hp_loss":35,"event_name":"Ghosts","floor":24,"gold_loss":0,"cards_obtained":["Ghostly","Ghostly","Ghostly","Ghostly","Ghostly"]},{"damage_healed":0,"gold_gain":0,"player_choice":"Gave Idol","damage_taken":0,"relics_obtained":["Bloody Idol"],"max_hp_gain":0,"max_hp_loss":0,"event_name":"Forgotten Altar","floor":25,"relics_lost":["Golden Idol"],"gold_loss":0}],"is_beta":false,"boss_relics":[{"not_picked":["Empty Cage","Abe\u0027s Treasure"],"picked":"ReplayTheSpireMod:DimensionalGlitch"}],"items_purged_floors":[3,31],"is_endless":false,"potions_floor_spawned":[1,10,16,18,20,28,33],"killed_by":"Automaton","ascension_level":4}}