{"host":"lehz9p79pih88cc3","time":1613154915,"event":{"mods":["AchievementEnabler","Act Like it!","Aspiration","BaseMod","Better Match","Better Note","Better Skull","Better Third Choice","CapriCore","Defuse TimeMaze Blight","Disable Question Mark Monsters","Displayed Cursed Tome","Downfall","Emptier Cage","Infinite Spire","Koishi","Minty Spire (QoL Compilation)","Permanent Neow","Quick Restart","Reimu??????","Relic Stats","Reliquary","Replay The Spire","SacredBarkPlus","Shop Mod","StSLib","The Administrix","The Bug Knight","The Construct","The Immortal","The Mystic","The Runesmith","The Servant 0.9.4","Transform Curses","Uncapped","Yakumo Yukari mod","Yuyuko"],"gold_per_floor":[111,131,149,149,149,149,172,184,207,207,234,244,277,277,277,379,379,394,394,394,409,427,427,526,539,539,550,562,562,594,198,198,299,299,312,327,327,327,327,327,361,361,384,384,282,282,282,282,282],"floor_reached":48,"language":"ENG","playtime":1745,"items_purged":[],"score":541,"play_id":"f8431dc0-647f-4d65-b53c-a3540fab999f","local_time":"20210212133515","is_ascension_mode":false,"campfire_choices":[{"data":"HollowMod:HornetsHelp","floor":6,"key":"SMITH"},{"data":"HollowMod:FocusHealStart","floor":10,"key":"SMITH"},{"data":"HollowMod:Weaversong","floor":23,"key":"SMITH"},{"floor":32,"key":"REST"},{"floor":40,"key":"REST"},{"floor":42,"key":"REST"},{"floor":44,"key":"REST"},{"floor":46,"key":"REST"}],"circlet_count":0,"master_deck":["HollowMod:QuickDashStart","HollowMod:QuickDashStart","HollowMod:QuickDashStart","HollowMod:FocusHealStart+1","HollowMod:PogoStrike","HollowMod:HornetsHelp+1","HollowMod:HowlingWraiths","HollowMod:CycloneSlash","HollowMod:FallenFury","HollowMod:Weaversong+1","HollowMod:CycloneSlash+1","HollowMod:BaldurShell","Bite","Bite","Bite","Bite","Bite","HollowMod:HeavyBlow","HollowMod:VoidDash"],"relics":["HollowMod:VesselMask","Ancient Tea Set","Bag of Marbles","Vajra","Shuriken","WarpedTongs","SacredBark","reliquary:PrincelyHelmet","HollowMod:GreatKnightMask","Juzu Bracelet","Mastiff:ReiMu","Fusion Hammer","Smiling Mask","aspiration:ChemicalBlood"],"acts_visited":["Exordium","TheCity","TheBeyond"],"potions_floor_usage":[22,33,33,33,48,48],"damage_taken":[{"damage":0,"enemies":"Jaw Worm","floor":1,"turns":4},{"damage":0,"enemies":"Small Slimes","floor":2,"turns":3},{"damage":1,"enemies":"Cultist","floor":3,"turns":4},{"damage":2,"enemies":"3 Louse","floor":8,"turns":4},{"damage":16,"enemies":"3 Sentries","floor":11,"turns":6},{"damage":0,"enemies":"Lots of Slimes","floor":12,"turns":1},{"damage":14,"enemies":"HollowMod:MossKnight","floor":13,"turns":9},{"damage":24,"enemies":"Hexaghost","floor":16,"turns":9},{"damage":10,"enemies":"3 Byrds","floor":18,"turns":4},{"damage":7,"enemies":"Chosen","floor":21,"turns":4},{"damage":8,"enemies":"3 Cultists","floor":22,"turns":3},{"damage":9,"enemies":"Centurion and Healer","floor":25,"turns":4},{"damage":15,"enemies":"Snecko","floor":27,"turns":4},{"damage":16,"enemies":"Snake Plant","floor":28,"turns":5},{"damage":0,"enemies":"HollowMod:Zote","floor":30,"turns":2},{"damage":34,"enemies":"Automaton","floor":33,"turns":6},{"damage":16,"enemies":"3 Darklings","floor":35,"turns":4},{"damage":3,"enemies":"3 Shapes","floor":36,"turns":3},{"damage":46,"enemies":"Reptomancer","floor":41,"turns":6},{"damage":85,"enemies":"Giant Head","floor":48,"turns":9}],"seed_played":"-7941109459475566515","potions_obtained":[{"floor":8,"key":"BlessingOfTheForge"},{"floor":12,"key":"SkillPotion"},{"floor":13,"key":"Adrenaline Potion"},{"floor":16,"key":"DistilledChaos"},{"floor":33,"key":"Strength Potion"},{"floor":41,"key":"construct:ShiftPotion"},{"floor":48,"key":"Regen Potion"}],"is_trial":false,"path_per_floor":["M","M","M","?","?","R","T","M","T","R","E","M","E","?","R","B",null,"M","?","?","M","M","R","?","M","T","M","M","?","?","$","R","B",null,"M","M","?","?","?","R","E","R","T","R","$","R","?","E"],"character_chosen":"THE_BUGKNIGHT","items_purchased":["AttackPotion","HollowMod:HeavyBlow","Juzu Bracelet","Mastiff:ReiMu","PowerPotion","PowerPotion"],"campfire_rested":5,"item_purchase_floors":[31,31,31,31,45,45],"current_hp_per_floor":[75,75,75,75,75,75,75,73,73,73,57,57,55,55,55,37,75,65,65,65,58,50,50,50,41,41,26,16,16,21,21,36,38,52,36,42,42,45,45,52,11,26,26,41,41,52,52,0,0],"gold":282,"neow_bonus":"ONE_RANDOM_RARE_CARD","is_daily":false,"chose_seed":false,"campfire_upgraded":3,"win_rate":0.0,"timestamp":1613154915,"path_taken":["M","M","M","?","?","R","?","M","T","R","E","?","E","?","R","BOSS","M","?","?","?","M","R","?","M","T","M","M","?","?","?","R","BOSS","M","M","?","?","?","R","E","R","T","R","$","R","?","E"],"items_purchased_type":["Potion","Card","Relic","Relic","Potion","Potion"],"build_version":"2020-12-22","purchased_purges":0,"victory":false,"max_hp_per_floor":[75,75,75,75,75,75,75,75,75,75,75,75,75,75,75,75,75,75,75,75,75,75,75,75,75,75,75,75,52,52,52,52,52,52,52,52,52,52,52,52,52,52,52,52,52,52,52,52,52],"relic_stats":{"counters":[20,94],"Shuriken":[24],"Juzu Bracelet":1,"Smiling Mask":0,"obtain_stats":[{"reliquary:PrincelyHelmet":26,"SacredBark":17,"Vajra":11,"HollowMod:VesselMask":0,"HollowMod:GreatKnightMask":30,"Juzu Bracelet":31,"Ancient Tea Set":7,"Smiling Mask":41,"WarpedTongs":14,"Shuriken":13,"Mastiff:ReiMu":31,"Fusion Hammer":34,"Bag of Marbles":9,"aspiration:ChemicalBlood":43},{"reliquary:PrincelyHelmet":12,"SacredBark":8,"Vajra":5,"HollowMod:VesselMask":0,"HollowMod:GreatKnightMask":15,"Juzu Bracelet":15,"Ancient Tea Set":3,"Smiling Mask":19,"WarpedTongs":7,"Shuriken":7,"Mastiff:ReiMu":15,"Fusion Hammer":16,"Bag of Marbles":4,"aspiration:ChemicalBlood":19},{"reliquary:PrincelyHelmet":55,"SacredBark":40,"Vajra":21,"HollowMod:VesselMask":0,"HollowMod:GreatKnightMask":66,"Juzu Bracelet":66,"Ancient Tea Set":11,"Smiling Mask":85,"WarpedTongs":31,"Shuriken":31,"Mastiff:ReiMu":66,"Fusion Hammer":72,"Bag of Marbles":15,"aspiration:ChemicalBlood":85}],"WarpedTongs":[63]},"card_choices":[{"not_picked":["HollowMod:DashSlash","HollowMod:CornifersMapStart"],"picked":"HollowMod:HowlingWraiths","floor":1},{"not_picked":["HollowMod:SharpenedNail","HollowMod:ShadowDash"],"picked":"HollowMod:CycloneSlash","floor":2},{"not_picked":["HollowMod:TaintedHusks","HollowMod:DoubleDash","HollowMod:MawleksShell"],"picked":"SKIP","floor":3},{"not_picked":["HollowMod:DescendingDark","HollowMod:CrystalDash","HollowMod:HowlingWraiths"],"picked":"SKIP","floor":8},{"not_picked":["HollowMod:RecoilStrike","HollowMod:DescendingDark","HollowMod:SiblingsShadow"],"picked":"SKIP","floor":11},{"not_picked":["HollowMod:DungDefenderAura","HollowMod:SharpenedShadows","HollowMod:InfectedAttack"],"picked":"SKIP","floor":12},{"not_picked":["HollowMod:VengefulVoid","HollowMod:BlackTendrils","HollowMod:CloakDash"],"picked":"SKIP","floor":13},{"not_picked":["HollowMod:AwokenDreamNail","HollowMod:VoidDash"],"picked":"HollowMod:Weaversong","floor":16},{"not_picked":["HollowMod:CloakDash","HollowMod:TaintedHusks+1"],"picked":"HollowMod:CycloneSlash+1","floor":18},{"not_picked":["HollowMod:ShadowDash","HollowMod:InfectedAttack","HollowMod:LifebloodCocoon"],"picked":"SKIP","floor":21},{"not_picked":["HollowMod:SharpenedShadows","HollowMod:CycloneSlash","HollowMod:NewJinnsSoul+1"],"picked":"SKIP","floor":22},{"not_picked":["HollowMod:SiblingsSouls+1","HollowMod:DescendingDark","HollowMod:CornifersMapStart+1"],"picked":"SKIP","floor":25},{"not_picked":["HollowMod:SoulSplash","HollowMod:MonarchWings"],"picked":"HollowMod:BaldurShell","floor":27},{"not_picked":["HollowMod:GrimmsGift","HollowMod:NewLittleFool","HollowMod:DungDefenderAura"],"picked":"SKIP","floor":28},{"not_picked":["HollowMod:ZotesMagnificence","HollowMod:NewInfectedGuardian"],"picked":"HollowMod:VoidDash","floor":33},{"not_picked":["HollowMod:HowlingWraiths","HollowMod:VengefulVoid+1","HollowMod:HeavyBlow+1"],"picked":"SKIP","floor":35},{"not_picked":["HollowMod:CycloneSlash+1","HollowMod:InfectedAttack","HollowMod:SiblingsSouls+1"],"picked":"SKIP","floor":36},{"not_picked":["HollowMod:MothsMistake","HollowMod:CoiledNail+1","HollowMod:DashSlash"],"picked":"SKIP","floor":41}],"player_experience":278204,"relics_obtained":[{"floor":7,"key":"Ancient Tea Set"},{"floor":9,"key":"Bag of Marbles"},{"floor":11,"key":"Vajra"},{"floor":13,"key":"Shuriken"},{"floor":26,"key":"reliquary:PrincelyHelmet"},{"floor":30,"key":"HollowMod:GreatKnightMask"},{"floor":41,"key":"Smiling Mask"},{"floor":43,"key":"aspiration:ChemicalBlood"}],"event_choices":[{"damage_healed":0,"gold_gain":0,"player_choice":"Ignored","damage_taken":149,"max_hp_gain":0,"max_hp_loss":0,"event_name":"betterThird:BetterSerpent","floor":5,"gold_loss":0},{"damage_healed":0,"gold_gain":0,"player_choice":"Rummage","damage_taken":0,"relics_obtained":["WarpedTongs"],"max_hp_gain":0,"max_hp_loss":0,"event_name":"Accursed Blacksmith","floor":14,"gold_loss":0,"cards_obtained":["Pain"]},{"damage_healed":0,"gold_gain":0,"player_choice":"Ignored","damage_taken":0,"max_hp_gain":0,"max_hp_loss":0,"event_name":"betterNote:BetterNote","floor":19,"gold_loss":0,"cards_obtained":["DevaForm"]},{"damage_healed":0,"gold_gain":0,"player_choice":"Ignored","damage_taken":0,"max_hp_gain":0,"max_hp_loss":0,"event_name":"The Mausoleum","floor":20,"gold_loss":0},{"damage_healed":0,"gold_gain":99,"player_choice":"Steal","damage_taken":0,"max_hp_gain":0,"max_hp_loss":0,"event_name":"betterThird:BetterNest","floor":24,"gold_loss":0},{"damage_healed":0,"gold_gain":0,"player_choice":"Became a vampire","damage_taken":0,"max_hp_gain":0,"max_hp_loss":23,"event_name":"Vampires","floor":29,"gold_loss":0,"cards_obtained":["Bite","Bite","Bite","Bite","Bite"]},{"damage_healed":3,"gold_gain":0,"player_choice":"LEAVE ","damage_taken":0,"relics_obtained":[],"max_hp_gain":0,"max_hp_loss":0,"event_name":"betterSkull:BetterSkull","floor":38,"gold_loss":0,"cards_upgraded":[]},{"cards_removed":["HollowMod:QuickDashStart"],"damage_healed":0,"gold_gain":0,"player_choice":"Removed Skill","damage_taken":0,"max_hp_gain":0,"max_hp_loss":0,"event_name":"Falling","floor":39,"gold_loss":0}],"is_beta":false,"boss_relics":[{"not_picked":["infinitespire:Cupcake","Replay:Wanted Poster"],"picked":"SacredBark"},{"not_picked":["bronze:MakeshiftBattery","Painkiller Herb"],"picked":"Fusion Hammer"}],"items_purged_floors":[],"is_endless":false,"potions_floor_spawned":[8,12,13,16,21,33,41],"killed_by":"Giant Head","ascension_level":0}}