{"host":"g907ck67u7c3hrs6","time":1613111217,"event":{"mods":["BaseMod","Colored Map","DeckTracker","Force Act Four","Highlight Path","Keyboard Shortcuts","Minty Spire (QoL Compilation)","Permanent Neow","Say the Spire","SuperFastMode"],"gold_per_floor":[113,131,145,165,175,203,203,203,203,228,228,228,243,268,268,340,340,351,351,105,18,32,67,99,129,129,161,161,187,214,239,239,315,315,325,113,138,138,163,191,525,554,602,634,661,691,735,774,786,798,810,822,834,177,208,208],"floor_reached":57,"language":"KOR","playtime":2226,"items_purged":["Normality","Injury","Injury","Doubt"],"score":4886,"play_id":"332e5afe-92cb-4354-9e76-749960d816b7","local_time":"20210212152657","daily_mods":["SealedDeck","Heirloom","Time Dilation","Flight","DeadlyEvents","Cursed Run","Elite Swarm"],"is_ascension_mode":true,"campfire_choices":[{"data":"Berserk","floor":7,"key":"SMITH"},{"floor":11,"key":"REST"},{"floor":12,"key":"REST"},{"data":"Corruption","floor":15,"key":"SMITH"},{"data":"Apotheosis","floor":28,"key":"SMITH"},{"data":"Demon Form","floor":32,"key":"SMITH"},{"floor":49,"key":"RECALL"},{"data":"Writhe","floor":53,"key":"PURGE"}],"circlet_count":0,"master_deck":["AscendersBane","Blood for Blood+1","Body Slam","Feel No Pain","Shrug It Off","Shrug It Off","Seeing Red","Disarm","Disarm","True Grit","Bloodletting","Seeing Red","Body Slam","Power Through","Metallicize","Warcry","Berserk+1","Corruption+1","Barricade","Apotheosis+1","Evolve","Shrug It Off+1","Fiend Fire+1","Offering","Limit Break","Impervious","Demon Form+1","Offering","Exhume","Intimidate","Sentinel","Chrysalis","Thinking Ahead","Thinking Ahead","Limit Break","Fiend Fire+1","Fiend Fire+1","Juggernaut","Offering","Fiend Fire+1","Offering","Fiend Fire+1","Fiend Fire+1","Seeing Red","Disarm","Evolve","Impervious","Parasite"],"relics":["Cursed Key","Darkstone Periapt","Du-Vu Doll","Dead Branch","Gremlin Horn","Smiling Mask","Pen Nib","Incense Burner","Black Star","White Beast Statue","Regal Pillow","Peace Pipe","TungstenRod","Self Forming Clay","Bottled Flame","Bag of Marbles","Paper Frog","Red Skull","Mummified Hand","Oddly Smooth Stone","Omamori","Toy Ornithopter","Lizard Tail","Runic Dome","Lee\u0027s Waffle","Gambling Chip","Molten Egg 2","Singing Bowl","Girya","Bag of Preparation","Strawberry","Old Coin","Akabeko","Meat on the Bone","Ancient Tea Set","Mercury Hourglass","Orichalcum","Bronze Scales","Whetstone","MawBank","Kunai","Anchor","Potion Belt","Ginger","Pantograph","Membership Card","Blood Vial","StoneCalendar","Bottled Tornado","Charon\u0027s Ashes"],"acts_visited":["Exordium","TheCity","TheBeyond","TheEnding"],"potions_floor_usage":[33,56,56,56],"damage_taken":[{"damage":5,"enemies":"Cultist","floor":1,"turns":1},{"damage":3,"enemies":"Small Slimes","floor":2,"turns":3},{"damage":2,"enemies":"Jaw Worm","floor":3,"turns":1},{"damage":3,"enemies":"Blue Slaver","floor":4,"turns":3},{"damage":13,"enemies":"Gremlin Gang","floor":5,"turns":5},{"damage":19,"enemies":"Gremlin Nob","floor":6,"turns":4},{"damage":18,"enemies":"Lagavulin","floor":10,"turns":5},{"damage":0,"enemies":"2 Fungi Beasts","floor":13,"turns":4},{"damage":0,"enemies":"3 Sentries","floor":14,"turns":3},{"damage":0,"enemies":"Hexaghost","floor":16,"turns":3},{"damage":13,"enemies":"3 Byrds","floor":18,"turns":3},{"damage":3,"enemies":"Spheric Guardian","floor":22,"turns":3},{"damage":7,"enemies":"Book of Stabbing","floor":23,"turns":4},{"damage":2,"enemies":"Slavers","floor":24,"turns":4},{"damage":0,"enemies":"Gremlin Leader","floor":25,"turns":2},{"damage":1,"enemies":"Book of Stabbing","floor":27,"turns":2},{"damage":2,"enemies":"Slavers","floor":29,"turns":1},{"damage":0,"enemies":"Book of Stabbing","floor":30,"turns":1},{"damage":0,"enemies":"Slavers","floor":31,"turns":1},{"damage":30,"enemies":"Automaton","floor":33,"turns":3},{"damage":5,"enemies":"3 Shapes","floor":35,"turns":1},{"damage":0,"enemies":"Mind Bloom Boss Battle","floor":37,"turns":2},{"damage":2,"enemies":"Nemesis","floor":39,"turns":3},{"damage":5,"enemies":"Reptomancer","floor":40,"turns":1},{"damage":7,"enemies":"Nemesis","floor":41,"turns":1},{"damage":0,"enemies":"Reptomancer","floor":42,"turns":1},{"damage":5,"enemies":"Nemesis","floor":44,"turns":1},{"damage":2,"enemies":"Giant Head","floor":45,"turns":4},{"damage":0,"enemies":"Nemesis","floor":46,"turns":1},{"damage":5,"enemies":"Reptomancer","floor":47,"turns":1},{"damage":7,"enemies":"Nemesis","floor":48,"turns":1},{"damage":5,"enemies":"Donu and Deca","floor":50,"turns":2},{"damage":0,"enemies":"Awakened One","floor":51,"turns":2},{"damage":5,"enemies":"Shield and Spear","floor":55,"turns":2},{"damage":26,"enemies":"The Heart","floor":56,"turns":4}],"seed_played":"8260546452004790861","potions_obtained":[{"floor":1,"key":"Dexterity Potion"},{"floor":2,"key":"SpeedPotion"},{"floor":13,"key":"BlessingOfTheForge"},{"floor":23,"key":"PowerPotion"},{"floor":33,"key":"FearPotion"},{"floor":46,"key":"PowerPotion"},{"floor":47,"key":"SpeedPotion"},{"floor":48,"key":"BlessingOfTheForge"}],"is_trial":true,"path_per_floor":["M","M","M","M","M","E","R","?","T","E","R","R","M","E","R","B",null,"M","?","$","$","M","E","E","E","T","E","R","E","E","E","R","B",null,"M","$","?","?","E","E","E","E","T","E","E","E","E","E","R","B","B",null,"R","$","E","B",null],"character_chosen":"IRONCLAD","items_purchased":["Apotheosis","Evolve","Lee\u0027s Waffle","Membership Card","Blood Vial","StoneCalendar","SkillPotion","LiquidBronze","Seeing Red","Disarm","Evolve"],"campfire_rested":2,"item_purchase_floors":[20,21,36,54,54,54,54,54,54,54,54],"current_hp_per_floor":[63,60,58,55,42,23,23,23,29,11,35,59,59,59,59,65,82,69,69,69,69,66,59,57,57,63,62,62,60,60,60,60,35,79,74,100,100,91,89,84,84,84,84,79,77,77,72,65,65,91,119,119,119,119,114,109],"gold":208,"neow_bonus":"","is_daily":false,"chose_seed":false,"campfire_upgraded":4,"win_rate":0.0,"timestamp":1613111217,"path_taken":["M","M","M","?","M","E","R","?","T","E","R","R","M","E","R","BOSS","M","?","$","$","M","E","E","E","T","E","R","E","E","E","R","BOSS","M","$","?","?","?","E","E","E","T","E","E","E","E","E","R","BOSS","BOSS","R","$","E","BOSS"],"items_purchased_type":["Card","Card","Relic","Relic","Relic","Relic","Potion","Potion","Card","Card","Card"],"build_version":"2020-12-22","purchased_purges":4,"victory":true,"max_hp_per_floor":[75,75,75,75,75,75,75,75,81,81,81,81,81,81,81,87,87,87,87,87,87,87,87,87,87,93,93,93,93,93,93,93,93,93,93,100,100,100,100,100,107,107,107,107,107,107,107,107,107,113,119,119,119,119,119,125],"card_choices":[{"not_picked":["Combust","Twin Strike"],"picked":"Seeing Red","floor":1},{"not_picked":["Rage","Dual Wield"],"picked":"Body Slam","floor":2},{"not_picked":["Twin Strike","Headbutt"],"picked":"Power Through","floor":3},{"not_picked":["Whirlwind","Seeing Red"],"picked":"Metallicize","floor":4},{"not_picked":["Wild Strike","Body Slam"],"picked":"Warcry","floor":5},{"not_picked":["Feed","Exhume"],"picked":"Berserk","floor":6},{"not_picked":["Exhume","Feed","Bludgeon"],"picked":"SKIP","floor":10},{"not_picked":["Armaments","Warcry","Sword Boomerang"],"picked":"SKIP","floor":13},{"not_picked":["Brutality","Double Tap"],"picked":"Corruption","floor":14},{"not_picked":["Brutality","Double Tap"],"picked":"Barricade","floor":16},{"not_picked":["Perfected Strike","Searing Blow","Rampage"],"picked":"SKIP","floor":18},{"not_picked":["Twin Strike","Iron Wave"],"picked":"Shrug It Off+1","floor":22},{"not_picked":["Immolate","Reaper","Limit Break"],"picked":"SKIP","floor":23},{"not_picked":["Limit Break","Barricade"],"picked":"Fiend Fire","floor":24},{"not_picked":["Double Tap","Berserk"],"picked":"Offering","floor":25},{"not_picked":["Corruption","Demon Form"],"picked":"Limit Break","floor":27},{"not_picked":["Brutality","Corruption"],"picked":"Impervious","floor":29},{"not_picked":["Feed","Reaper"],"picked":"Demon Form","floor":30},{"not_picked":["Immolate","Reaper"],"picked":"Offering","floor":31},{"not_picked":["Juggernaut","Brutality"],"picked":"Exhume","floor":33},{"not_picked":["Armaments","Infernal Blade"],"picked":"Intimidate","floor":35},{"not_picked":["Sword Boomerang","Thunderclap"],"picked":"Sentinel","floor":37},{"not_picked":["Dark Shackles","Purity"],"picked":"Chrysalis","floor":38},{"not_picked":["Secret Weapon","Flash of Steel"],"picked":"Thinking Ahead","floor":38},{"not_picked":["Flash of Steel","Enlightenment"],"picked":"Thinking Ahead","floor":38},{"not_picked":["Reaper+1","Demon Form"],"picked":"Limit Break","floor":39},{"not_picked":["Feed+1","Limit Break"],"picked":"Fiend Fire+1","floor":40},{"not_picked":["Juggernaut","Offering"],"picked":"Fiend Fire+1","floor":41},{"not_picked":["Bludgeon+1","Brutality"],"picked":"Juggernaut","floor":42},{"not_picked":["Immolate+1","Berserk"],"picked":"Offering","floor":44},{"not_picked":["Reaper+1","Bludgeon+1"],"picked":"Fiend Fire+1","floor":45},{"not_picked":["Exhume","Feed+1"],"picked":"Offering","floor":46},{"not_picked":["Limit Break","Double Tap"],"picked":"Fiend Fire+1","floor":47},{"not_picked":["Double Tap","Feed+1"],"picked":"Fiend Fire+1","floor":48},{"not_picked":["Barricade","Juggernaut"],"picked":"Impervious","floor":55}],"player_experience":290383,"relics_obtained":[{"floor":6,"key":"Gremlin Horn"},{"floor":9,"key":"Smiling Mask"},{"floor":10,"key":"Pen Nib"},{"floor":14,"key":"Incense Burner"},{"floor":23,"key":"White Beast Statue"},{"floor":23,"key":"Regal Pillow"},{"floor":24,"key":"Peace Pipe"},{"floor":24,"key":"TungstenRod"},{"floor":25,"key":"Self Forming Clay"},{"floor":25,"key":"Bottled Flame"},{"floor":27,"key":"Bag of Marbles"},{"floor":27,"key":"Paper Frog"},{"floor":29,"key":"Red Skull"},{"floor":29,"key":"Mummified Hand"},{"floor":30,"key":"Oddly Smooth Stone"},{"floor":30,"key":"Omamori"},{"floor":31,"key":"Toy Ornithopter"},{"floor":31,"key":"Lizard Tail"},{"floor":37,"key":"Gambling Chip"},{"floor":39,"key":"Molten Egg 2"},{"floor":39,"key":"Singing Bowl"},{"floor":40,"key":"Girya"},{"floor":40,"key":"Bag of Preparation"},{"floor":41,"key":"Strawberry"},{"floor":41,"key":"Old Coin"},{"floor":42,"key":"Akabeko"},{"floor":42,"key":"Meat on the Bone"},{"floor":43,"key":"Ancient Tea Set"},{"floor":44,"key":"Mercury Hourglass"},{"floor":44,"key":"Orichalcum"},{"floor":45,"key":"Bronze Scales"},{"floor":45,"key":"Whetstone"},{"floor":46,"key":"MawBank"},{"floor":46,"key":"Kunai"},{"floor":47,"key":"Anchor"},{"floor":47,"key":"Potion Belt"},{"floor":48,"key":"Ginger"},{"floor":48,"key":"Pantograph"},{"floor":55,"key":"Bottled Tornado"},{"floor":55,"key":"Charon\u0027s Ashes"}],"event_choices":[{"damage_healed":0,"gold_gain":0,"player_choice":"Ignored","damage_taken":0,"max_hp_gain":0,"max_hp_loss":0,"event_name":"Shining Light","floor":8,"gold_loss":0},{"damage_healed":0,"gold_gain":0,"player_choice":"Ignored","damage_taken":0,"max_hp_gain":0,"max_hp_loss":0,"event_name":"Cursed Tome","floor":19,"gold_loss":0},{"damage_healed":0,"gold_gain":0,"player_choice":"Fight","damage_taken":0,"max_hp_gain":0,"max_hp_loss":0,"event_name":"MindBloom","floor":37,"gold_loss":0},{"damage_healed":0,"gold_gain":0,"player_choice":"Memory 3","damage_taken":10,"max_hp_gain":0,"max_hp_loss":0,"event_name":"SensoryStone","floor":38,"gold_loss":0}],"is_beta":false,"boss_relics":[{"not_picked":["Calling Bell","Ectoplasm"],"picked":"Black Star"},{"not_picked":["Sozu","SlaversCollar"],"picked":"Runic Dome"}],"items_purged_floors":[20,21,36,54],"is_endless":false,"potions_floor_spawned":[1,2,10,13,14,22,23,24,25,27,29,30,31,33,35,37,39,40,41,42,44,45,46,47,48,55],"ascension_level":20}}