{"host":"7t8rqoeeopyy0nh0","time":1613099643,"event":{"mods":["AchievementEnabler","Aspiration","BaseMod","Better Third Choice","BetterRewards","Colored Map","Colored Powertips","Conspire","Hubris","Minty Spire (QoL Compilation)","Permanent Neow","Quick Restart","Rare Cards Sparkle","Replay The Spire","StSLib"],"gold_per_floor":[118,118,133,148,119,149,149,176,230,249,54,64,81,96,96,171,171,187,457,127,141,40,40,40],"floor_reached":23,"language":"ENG","playtime":971,"items_purged":["Strike_R","Replay:Hysterical Blindness","Overencumbered"],"score":410,"play_id":"76f76936-650d-4ec8-84e7-87d45164b541","local_time":"20210211221403","is_ascension_mode":true,"campfire_choices":[{"data":"Inflame","floor":7,"key":"SMITH"},{"data":"Armaments","floor":15,"key":"SMITH"}],"circlet_count":0,"master_deck":["AscendersBane","Strike_R","Strike_R","Strike_R","Strike_R","Defend_R+1","Defend_R","Defend_R+1","Defend_R","Bash","Inflame+1","Reaper","Battle Trance","Flame Barrier","conspire:Charge","Feel No Pain","TalkToTheHand","Exhume","Sword Boomerang","Armaments+1","Limit Break","hubris:Wrath","Thunderclap","Replay:Many Hands+1"],"relics":["Burning Blood","aspiration:Nostalgia","Replay:M_StaffOfTheSnake","hubris:ChampionShield","ClockworkSouvenir","hubris:PeanutButter","Self Forming Clay","Simple Rune","Replay:Mystery Machine","Membership Card","Replay:Ancient Bell","Gremlin Food","White Beast Statue","Girya","Golden Egg","Chameleon Ring"],"acts_visited":["Exordium","TheCity"],"potions_floor_usage":[8,16,18,21,23],"damage_taken":[{"damage":14,"enemies":"Cultist","floor":1,"turns":6},{"damage":0,"enemies":"conspire:RoseBush","floor":3,"turns":4},{"damage":1,"enemies":"2 Louse","floor":4,"turns":3},{"damage":27,"enemies":"Exordium Thugs","floor":5,"turns":5},{"damage":47,"enemies":"3 Sentries","floor":6,"turns":9},{"damage":19,"enemies":"Lagavulin","floor":8,"turns":5},{"damage":4,"enemies":"Gremlin Gang","floor":10,"turns":7},{"damage":8,"enemies":"Large Slime","floor":12,"turns":6},{"damage":7,"enemies":"Blue Slaver","floor":13,"turns":4},{"damage":0,"enemies":"Exordium Wildlife","floor":14,"turns":2},{"damage":29,"enemies":"Hexaghost","floor":16,"turns":12},{"damage":12,"enemies":"2 Thieves","floor":18,"turns":4},{"damage":0,"enemies":"3 Byrds","floor":21,"turns":3},{"damage":44,"enemies":"Gremlin Leader","floor":23,"turns":2}],"seed_played":"284219226718945362","potions_obtained":[{"floor":1,"key":"Dexterity Potion"},{"floor":4,"key":"Venom Potion"},{"floor":6,"key":"CultistPotion"},{"floor":8,"key":"EssenceOfSteel"},{"floor":14,"key":"AttackPotion"},{"floor":16,"key":"PowerPotion"},{"floor":18,"key":"GamblersBrew"},{"floor":21,"key":"Adrenaline Potion"}],"is_trial":false,"path_per_floor":["M","T","M","M","M","E","R","E","T","M","$","M","M","M","R","B",null,"M","?","$","M","$","E"],"character_chosen":"IRONCLAD","items_purchased":["aspiration:Nostalgia","hubris:ChampionShield","ClockworkSouvenir","Inflame","Reaper","Membership Card","Golden Egg","Chameleon Ring","Replay:Many Hands"],"campfire_rested":0,"item_purchase_floors":[0,0,0,0,0,11,20,20,22],"current_hp_per_floor":[31,31,43,60,54,31,31,33,33,54,54,59,63,69,69,46,68,62,35,35,41,41,0,0],"gold":40,"neow_bonus":"","is_daily":false,"chose_seed":false,"campfire_upgraded":2,"win_rate":0.0,"timestamp":1613099643,"path_taken":["M","?","M","?","M","E","R","E","T","M","$","M","M","?","R","BOSS","M","?","$","M","$","E"],"items_purchased_type":["Relic","Relic","Relic","Card","Card","Relic","Relic","Relic","Card"],"build_version":"2020-12-22","purchased_purges":3,"victory":false,"max_hp_per_floor":[75,75,75,75,75,75,75,75,75,75,75,75,75,75,75,75,75,75,75,75,75,75,75,75],"card_choices":[{"not_picked":["Predator","ClearTheMind"],"picked":"Battle Trance","floor":1},{"not_picked":["Massacre","Outmaneuver"],"picked":"Flame Barrier","floor":3},{"not_picked":["Body Slam","Clothesline"],"picked":"conspire:Charge","floor":4},{"not_picked":["ClearTheMind","Fiend Fire","Crescendo"],"picked":"SKIP","floor":5},{"not_picked":["Wild Strike","ReplayTheSpireMod:Strike From Hell"],"picked":"Feel No Pain","floor":6},{"not_picked":["Run Through","Entrench","Intimidate"],"picked":"SKIP","floor":8},{"not_picked":["ReplayTheSpireMod:LeadingStrike","Perfected Strike"],"picked":"TalkToTheHand","floor":10},{"not_picked":["Searing Blow","Rage"],"picked":"Exhume","floor":12},{"not_picked":["ReplayTheSpireMod:Corrosion Curse","Weave"],"picked":"Sword Boomerang","floor":13},{"not_picked":["Clash","True Grit"],"picked":"Armaments","floor":14},{"not_picked":["Barricade","Immolate"],"picked":"Limit Break","floor":16},{"not_picked":["hubris:Compulsion","hubris:Sloth"],"picked":"hubris:Wrath","floor":17},{"not_picked":["ReplayTheSpireMod:Restless Dread","hubris:Disease"],"picked":"Overencumbered","floor":17},{"not_picked":["ReplayTheSpireMod:Splinters","Normality"],"picked":"Replay:Hysterical Blindness","floor":17},{"not_picked":["Cleave","Body Slam"],"picked":"Thunderclap","floor":18},{"not_picked":["Body Slam","Metallicize","Run Through"],"picked":"SKIP","floor":21}],"player_experience":406166,"relics_obtained":[{"floor":2,"key":"hubris:PeanutButter"},{"floor":6,"key":"Self Forming Clay"},{"floor":8,"key":"Simple Rune"},{"floor":9,"key":"Replay:Mystery Machine"}],"event_choices":[{"damage_healed":0,"gold_gain":270,"player_choice":"GOLD GOLD GOLD ","damage_taken":27,"max_hp_gain":0,"max_hp_loss":0,"event_name":"Knowing Skull","floor":19,"potions_obtained":[],"gold_loss":0,"cards_obtained":[]}],"is_beta":false,"boss_relics":[{"not_picked":["hubris:RunicObelisk","Pandora\u0027s Box"],"picked":"Replay:Ancient Bell"},{"not_picked":["Potion Belt","hubris:OldNail"],"picked":"Gremlin Food"},{"not_picked":["aspiration:FetidBarrel","conspire:DecoderRing"],"picked":"White Beast Statue"},{"not_picked":["Replay:Multitool","hubris:Zylophone"],"picked":"Girya"}],"items_purged_floors":[11,20,22],"is_endless":false,"potions_floor_spawned":[1,4,6,8,14,16,18,21],"killed_by":"Gremlin Leader","ascension_level":20}}