{"host":"0cm5wy4nhuju7tij","time":1613088188,"event":{"mods":["100% Spire Juice","2.2 Compatiblity","AchievementEnabler","Aspiration","BaseMod","Better Third Choice","BetterRewards","CCEM2","CapriCore","Colored Powertips","Curses Come First","Displayed Cursed Tome","Downfall","Energized Spire","Evolution","Filter the Spire","Highlight Path","Jess\u0027s Bottle","Minty Spire (QoL Compilation)","Permanent Neow","Poor People Problems","Relic Filter Mod","Relic Stats","Shop Mod","Spicy Shops","StSLib","The Cursed","TheSurvivalist","TheVacant","Weighted Paths"],"gold_per_floor":[115,132,151,162,162,190,190,203,226,257,257,257,140,140,140,260,260,284,309,334,334,347,347,382,382,382,382,481,519,367,405,405,405,405],"floor_reached":33,"language":"ENG","playtime":3507,"items_purged":[],"score":648,"play_id":"14ece5e3-cf41-433c-894a-8e3b9c27fbff","local_time":"20210211190308","is_ascension_mode":true,"campfire_choices":[{"data":"TheCursedMod:HellsGateOpen","floor":7,"key":"SMITH"},{"data":"TheCursedMod:NeowsMight","floor":12,"key":"SMITH"},{"data":"TheCursedMod:SpitefulStrike","floor":15,"key":"SMITH"},{"data":"TheCursedMod:SpitefulPray","floor":23,"key":"SMITH"},{"floor":25,"key":"REST"},{"floor":32,"key":"RECALL"}],"circlet_count":0,"master_deck":["TheCursedMod:CleanUpWorkshop","TheCursedMod:CursedAmulet","TheCursedMod:HellfireBreathing","TheCursedMod:HellfireBreathing","TheCursedMod:SpitefulPlan","TheCursedMod:LuckyCharm","TheCursedMod:CursedSpellbook","TheCursedMod:NeowsMight+1","TheCursedMod:ParallelWorld+1","TheCursedMod:CircleOfAmplification","TheCursedMod:ShockAndAwe","TheCursedMod:CursedShiv","TheCursedMod:DoubleShield","TheCursedMod:TroublousMinions","TheCursedMod:HellsGateOpen+1","Injury","TheCursedMod:RapidMovement","TheCursedMod:SpitefulStrike+1","TheCursedMod:CollectTribute+1","TheCursedMod:SpitefulPlan+1","Injury","TheCursedMod:DemonicPact+1","TheCursedMod:CursedShiv","TheCursedMod:Grudge+1","TheCursedMod:SpitefulPray+1","TheCursedMod:ReleasedStrength","TheCursedMod:LuckyCharm+1","downfall:Bewildered","TheCursedMod:SurpriseAttack","TheCursedMod:CursedAmulet+1","TheCursedMod:SurpriseAttack","TheCursedMod:FleshFromBone","TheCursedMod:SpitefulPlan+1","Shame"],"relics":["TheCursedMod:BlackMagicAdvanced","EVO:Axolotl","Frozen Egg 2","CCEMRelics:GrindingGear","Juzu Bracelet","Frozen Eye","Golden Idol","energizedSpire:CursedPentagram","CCEMRelics:JestersCrown","Pantograph","NlothsMask","MealTicket","Orrery","Red Mask"],"acts_visited":["Exordium","TheCity"],"potions_floor_usage":[],"damage_taken":[{"damage":0,"enemies":"2 Louse","floor":1,"turns":1},{"damage":7,"enemies":"Small Slimes","floor":2,"turns":2},{"damage":0,"enemies":"Cultist","floor":3,"turns":2},{"damage":0,"enemies":"Large Slime","floor":4,"turns":5},{"damage":0,"enemies":"3 Sentries","floor":6,"turns":3},{"damage":6,"enemies":"2 Fungi Beasts","floor":8,"turns":3},{"damage":0,"enemies":"Lagavulin","floor":10,"turns":3},{"damage":2,"enemies":"The Guardian","floor":16,"turns":7},{"damage":1,"enemies":"Spheric Guardian","floor":18,"turns":3},{"damage":3,"enemies":"3 Byrds","floor":19,"turns":2},{"damage":8,"enemies":"Centurion and Healer","floor":20,"turns":3},{"damage":1,"enemies":"3 Cultists","floor":22,"turns":3},{"damage":34,"enemies":"Slavers","floor":24,"turns":4},{"damage":7,"enemies":"Gremlin Leader","floor":29,"turns":4},{"damage":3,"enemies":"Masked Bandits","floor":31,"turns":3},{"damage":78,"enemies":"Automaton","floor":33,"turns":10}],"seed_played":"-6008252341868080176","potions_obtained":[{"floor":4,"key":"Fire Potion"},{"floor":22,"key":"Weak Potion"}],"is_trial":false,"path_per_floor":["M","M","M","M","?","E","R","M","T","E","?","R","$","?","R","B",null,"M","M","M","?","M","R","E","R","T","?","?","E","$","?","R","B"],"character_chosen":"THE_CURSED","items_purchased":["TheCursedMod:SpitefulPlan+1","Frozen Eye","Orrery"],"campfire_rested":1,"item_purchase_floors":[13,13,30],"current_hp_per_floor":[68,61,61,61,61,61,61,55,55,55,55,55,55,55,55,53,70,69,66,58,58,57,57,23,45,45,45,45,38,53,50,50,0,0],"gold":405,"neow_bonus":"ONE_RANDOM_RARE_CARD","is_daily":false,"chose_seed":false,"campfire_upgraded":4,"win_rate":0.0,"timestamp":1613088188,"path_taken":["M","M","M","M","?","E","R","M","T","E","?","R","$","?","R","BOSS","M","M","M","?","M","R","E","R","T","?","?","E","$","?","R","BOSS"],"items_purchased_type":["Card","Relic","Relic"],"build_version":"2020-12-22","purchased_purges":0,"victory":false,"max_hp_per_floor":[75,75,75,75,75,75,75,75,75,75,75,75,75,75,75,75,75,75,75,75,75,75,75,75,75,75,75,75,75,75,75,75,75,75],"relic_stats":{"counters":[16,54],"Golden Idol":65,"Pantograph":25,"MealTicket":15,"Juzu Bracelet":2,"obtain_stats":[{"TheCursedMod:BlackMagicAdvanced":0,"Golden Idol":14,"Juzu Bracelet":10,"EVO:Axolotl":0,"Frozen Egg 2":5,"Frozen Eye":13,"energizedSpire:CursedPentagram":17,"Pantograph":26,"Orrery":30,"MealTicket":29,"CCEMRelics:GrindingGear":6,"Red Mask":31,"CCEMRelics:JestersCrown":24,"NlothsMask":27},{"TheCursedMod:BlackMagicAdvanced":0,"Golden Idol":7,"Juzu Bracelet":7,"EVO:Axolotl":0,"Frozen Egg 2":4,"Frozen Eye":7,"energizedSpire:CursedPentagram":8,"Pantograph":13,"Orrery":14,"MealTicket":14,"CCEMRelics:GrindingGear":5,"Red Mask":15,"CCEMRelics:JestersCrown":13,"NlothsMask":13},{"TheCursedMod:BlackMagicAdvanced":0,"Golden Idol":17,"Juzu Bracelet":17,"EVO:Axolotl":0,"Frozen Egg 2":9,"Frozen Eye":17,"energizedSpire:CursedPentagram":24,"Pantograph":37,"Orrery":41,"MealTicket":41,"CCEMRelics:GrindingGear":12,"Red Mask":44,"CCEMRelics:JestersCrown":37,"NlothsMask":37}]},"card_choices":[{"not_picked":["TheCursedMod:ManaBullet","TheCursedMod:Stigma"],"picked":"TheCursedMod:CursedShiv","floor":1},{"not_picked":["TheCursedMod:CursedStaff","TheCursedMod:AbyssShockwave"],"picked":"TheCursedMod:DoubleShield","floor":2},{"not_picked":["TheCursedMod:CircleOfCorruption","TheCursedMod:VitalStrike"],"picked":"TheCursedMod:TroublousMinions","floor":3},{"not_picked":["TheCursedMod:CursedArmor","TheCursedMod:SmokeScreen"],"picked":"TheCursedMod:HellsGateOpen","floor":4},{"not_picked":["TheCursedMod:Stretching","TheCursedMod:Obscuration"],"picked":"TheCursedMod:RapidMovement","floor":6},{"not_picked":["TheCursedMod:CursedAmulet","TheCursedMod:VitalStrike"],"picked":"TheCursedMod:SpitefulStrike","floor":8},{"not_picked":["TheCursedMod:VitalStrike","TheCursedMod:SoulCrush"],"picked":"TheCursedMod:CollectTribute+1","floor":10},{"not_picked":["TheCursedMod:ParallelWorld","TheCursedMod:StunningStrike"],"picked":"TheCursedMod:DemonicPact+1","floor":16},{"not_picked":["TheCursedMod:VitalStrike","TheCursedMod:CircleOfCorruption","TheCursedMod:CircleOfFlame"],"picked":"SKIP","floor":18},{"not_picked":["TheCursedMod:Torture","TheCursedMod:CircleOfFocus"],"picked":"TheCursedMod:CursedShiv","floor":19},{"not_picked":["TheCursedMod:CursedMace","TheCursedMod:FleshFromBone"],"picked":"TheCursedMod:Grudge+1","floor":20},{"not_picked":["TheCursedMod:CursedBlade","TheCursedMod:DarkBarrier"],"picked":"TheCursedMod:SpitefulPray","floor":22},{"not_picked":["TheCursedMod:Obscuration","TheCursedMod:VitalStrike","TheCursedMod:ShockAndAwe"],"picked":"SKIP","floor":24},{"not_picked":["TheCursedMod:StingEye","TheCursedMod:Stretching"],"picked":"TheCursedMod:ReleasedStrength","floor":29},{"not_picked":["TheCursedMod:Obscuration+1","TheCursedMod:BloodBarrier"],"picked":"TheCursedMod:LuckyCharm+1","floor":30},{"not_picked":["TheCursedMod:Stigma","TheCursedMod:EmpowerCircles+1"],"picked":"TheCursedMod:SurpriseAttack","floor":30},{"not_picked":["TheCursedMod:UltimatePain","TheCursedMod:CircleOfCorruption"],"picked":"TheCursedMod:CursedAmulet+1","floor":30},{"not_picked":["TheCursedMod:RavingStaff+1","TheCursedMod:CursedAmulet"],"picked":"TheCursedMod:SurpriseAttack","floor":30},{"not_picked":["TheCursedMod:Evocation","TheCursedMod:SpitefulStrike"],"picked":"TheCursedMod:FleshFromBone","floor":30},{"not_picked":["TheCursedMod:StingEye+1","TheCursedMod:TacticalStrike"],"picked":"TheCursedMod:SpitefulPlan+1","floor":31}],"player_experience":330198,"relics_obtained":[{"floor":6,"key":"CCEMRelics:GrindingGear"},{"floor":10,"key":"Juzu Bracelet"},{"floor":24,"key":"CCEMRelics:JestersCrown"},{"floor":26,"key":"Pantograph"},{"floor":29,"key":"MealTicket"},{"floor":31,"key":"Red Mask"}],"event_choices":[{"damage_healed":0,"gold_gain":0,"player_choice":"Upgraded","damage_taken":0,"max_hp_gain":0,"max_hp_loss":0,"event_name":"Upgrade Shrine","floor":11,"gold_loss":0,"cards_upgraded":["TheCursedMod:ParallelWorld"]},{"damage_healed":0,"gold_gain":0,"player_choice":"Take Wound","damage_taken":0,"relics_obtained":["Golden Idol"],"max_hp_gain":0,"max_hp_loss":0,"event_name":"Golden Idol","floor":14,"gold_loss":0,"cards_obtained":["Injury"]},{"damage_healed":0,"gold_gain":0,"player_choice":"Simplicity","damage_taken":0,"max_hp_gain":0,"max_hp_loss":0,"event_name":"betterThird:BetterWriting","floor":21,"gold_loss":0},{"damage_healed":0,"gold_gain":0,"player_choice":"Trade","damage_taken":0,"relics_obtained":["NlothsMask"],"max_hp_gain":0,"max_hp_loss":0,"event_name":"FaceTrader","floor":27,"gold_loss":0},{"damage_healed":0,"gold_gain":99,"player_choice":"Steal","damage_taken":0,"max_hp_gain":0,"max_hp_loss":0,"event_name":"betterThird:BetterNest","floor":28,"gold_loss":0},{"damage_healed":0,"gold_gain":0,"player_choice":"Fought Bandits","damage_taken":0,"max_hp_gain":0,"max_hp_loss":0,"event_name":"Masked Bandits","floor":31,"gold_loss":0}],"is_beta":false,"boss_relics":[{"not_picked":["aspiration:RunicSpoon","energizedSpire:RedRose"],"picked":"energizedSpire:CursedPentagram"}],"items_purged_floors":[],"is_endless":false,"potions_floor_spawned":[2,3,4,8,19,22],"killed_by":"Automaton","ascension_level":11}}