{"host":"nlh1m2716594vj2h","time":1613102955,"event":{"mods":["AchievementEnabler","Aspiration","BaseMod","Beaked The Cultist","BetterRewards","Conspire","Downfall","Duelist Mod","Googly Eyes","Gremlin Mod","Hermit","Highlight Path","Hubris","Infinite Spire","Jorbs\u0027s Wanderer Trilogy","Marisa????????","Minty Spire (QoL Compilation)","Replay The Spire","Robot Space Explorer","Shop Mod","StSLib","The Blackbeard","The Bug Knight","The Cursed","The Hierophant","The Necromancer","The Poker Player","The Senshi","The Servant 0.9.4"],"gold_per_floor":[141,215,65,84,30,63,63,63,73,73,105,115,15,29,39,136,136,36,46,64,64,64,64,138,157,174,189,207,242,242,261,276,380,380,380,395,408,454,454,454,454,466,466,466,466,466],"floor_reached":44,"language":"ENG","playtime":3011,"items_purged":["Wraith"],"score":469,"play_id":"34f1098a-bfd7-4986-ac60-1a422bccc027","local_time":"20210211230915","is_ascension_mode":false,"campfire_choices":[{"floor":1,"key":"RECALL"},{"data":"hexamod:Float","floor":8,"key":"SMITH"},{"data":"hexamod:HauntingEcho","floor":10,"key":"SMITH"},{"data":"hexamod:SoulSteal","floor":13,"key":"SMITH"},{"data":"hexamod:SearingWound","floor":18,"key":"SMITH"},{"data":"hexamod:GiftsFromTheDead","floor":30,"key":"SMITH"},{"data":"hexamod:GhostOfSpirePresent","floor":35,"key":"SMITH"}],"circlet_count":0,"master_deck":["hexamod:Defend","hexamod:Defend","hexamod:Sear","hexamod:Float+1","hexamod:GhostOfSpireFuture","hexamod:HauntingEcho+1","hexamod:NightmareGuise","hexamod:FlamesFromBeyond","hexamod:FlamesFromBeyond","hexamod:ThermalTransfer","hexamod:SwordOfDarkness+1","hexamod:GhostOfSpirePast","hexamod:SoulSteal+1","hexamod:FlamesFromBeyond","hexamod:PowerFromBeyond","hexamod:SearingWound+1","hexamod:Firestarter+1","hexamod:HeatMetal","Slimebound:Tackle+1","Slimebound:Tackle+1","Slimebound:Tackle+1","hexamod:InspiringFlames","hexamod:GhostShield","hexamod:EmpoweredFlame+1","hexamod:GiftsFromTheDead+1","hexamod:Firestarter","hexamod:BurningTouch+1","hexamod:ShieldOfDarkness+1","hexamod:GhostOfSpirePresent+1","hexamod:SpectersWail","hexamod:SpectersWail","hexamod:GhostShield+1","infinitespire:Starlight","hexamod:NightmareGuise"],"relics":["hexamod:UnbrokenSoul","ClockworkSouvenir","PreservedInsect","Bronze Scales","downfall:HeartBlessingBlue","aspiration:PoetsPen_weak","downfall:HeartBlessingRed","HornCleat","theSenshi:FeatherClipsRelic","aspiration:Lifesprig","hubris:MedicalManual","Lantern","aspiration:FetidBarrel"],"acts_visited":["Exordium","TheCity","TheBeyond"],"potions_floor_usage":[16,16,29,29,33,44,44,44],"damage_taken":[{"damage":1,"enemies":"Jaw Worm","floor":2,"turns":4},{"damage":0,"enemies":"Cultist","floor":4,"turns":4},{"damage":0,"enemies":"downfall:FleeingMerchant","floor":5,"turns":4},{"damage":3,"enemies":"Gremlin Nob","floor":6,"turns":4},{"damage":4,"enemies":"2 Louse","floor":9,"turns":2},{"damage":3,"enemies":"3 Sentries","floor":11,"turns":4},{"damage":3,"enemies":"Red Slaver","floor":12,"turns":3},{"damage":3,"enemies":"Gremlin Gang","floor":14,"turns":4},{"damage":13,"enemies":"3 Louse","floor":15,"turns":3},{"damage":14,"enemies":"IC_STATUS_ARCHETYPE","floor":16,"turns":5},{"damage":0,"enemies":"3 Byrds","floor":19,"turns":2},{"damage":0,"enemies":"Chosen","floor":20,"turns":3},{"damage":0,"enemies":"3 Cultists","floor":25,"turns":3},{"damage":14,"enemies":"Snake Plant","floor":26,"turns":3},{"damage":0,"enemies":"Snecko","floor":27,"turns":3},{"damage":0,"enemies":"Cultist and Chosen","floor":28,"turns":4},{"damage":25,"enemies":"Slavers","floor":29,"turns":2},{"damage":19,"enemies":"Snake Plant","floor":31,"turns":3},{"damage":0,"enemies":"Snecko","floor":32,"turns":3},{"damage":5,"enemies":"WA_ARCHETYPE_CALM","floor":33,"turns":8},{"damage":19,"enemies":"3 Darklings","floor":36,"turns":3},{"damage":0,"enemies":"Orb Walker","floor":37,"turns":3},{"damage":78,"enemies":"2 Orb Walkers","floor":38,"turns":6},{"damage":0,"enemies":"Spire Growth","floor":42,"turns":4},{"damage":18,"enemies":"Transient","floor":44,"turns":4}],"seed_played":"-3082260907811123705","potions_obtained":[{"floor":2,"key":"Dexterity Potion"},{"floor":4,"key":"SkillPotion"},{"floor":6,"key":"sneckomod:MuddlingPotion"},{"floor":19,"key":"Dexterity Potion"},{"floor":20,"key":"Reflective Coating"},{"floor":27,"key":"Regen Potion"},{"floor":28,"key":"hexamod:SoulburnPotion"},{"floor":37,"key":"Venom Potion"},{"floor":38,"key":"PowerPotion"},{"floor":42,"key":"Energy Potion"}],"is_trial":false,"path_per_floor":["R","M","?","M","$","E","T","R","M","R","E","M","R","M","M","B",null,"R","M","M","?","?","?","T","M","M","M","M","E","R","M","M","B",null,"R","M","M","?","?","AVR","T","M","?","M"],"character_chosen":"THE_SPIRIT","items_purchased":["ClockworkSouvenir","hexamod:FlamesFromBeyond"],"campfire_rested":0,"item_purchase_floors":[0,5],"current_hp_per_floor":[62,61,80,80,80,77,77,77,73,73,70,67,77,74,61,47,90,90,90,90,90,81,81,81,87,79,85,90,71,71,58,64,65,90,90,77,83,11,11,11,11,17,9,0,0,0],"gold":466,"neow_bonus":"HUNDRED_GOLD","is_daily":false,"chose_seed":false,"campfire_upgraded":6,"win_rate":0.0,"timestamp":1613102955,"path_taken":["R","M","?","M","?","E","T","R","M","R","E","?","R","?","M","BOSS","R","M","M","?","?","?","T","M","M","M","M","E","R","?","M","BOSS","R","M","M","?","?","AVR","T","M","?","?"],"items_purchased_type":["Relic","Card"],"build_version":"2020-12-22","purchased_purges":1,"victory":false,"max_hp_per_floor":[70,70,80,80,80,80,80,80,80,80,80,80,90,90,90,90,90,90,90,90,90,90,90,90,90,90,90,90,90,90,90,90,90,90,90,90,90,90,90,90,90,90,90,90,90,90],"card_choices":[{"not_picked":["hexamod:BurningTouch","hexamod:ThirdSeal"],"picked":"hexamod:GhostOfSpireFuture","floor":2},{"not_picked":["hexamod:SwordOfDarkness","hexamod:ShieldOfDarkness"],"picked":"hexamod:HauntingEcho","floor":4},{"not_picked":["hexamod:HeatCrush","hexamod:NightmareStrike"],"picked":"hexamod:NightmareGuise","floor":5},{"not_picked":["hexamod:PhantomCloak","hexamod:ThirdSeal"],"picked":"hexamod:ThermalTransfer","floor":6},{"not_picked":["hexamod:NecessarySacrifice","hexamod:AdvancingGuard"],"picked":"hexamod:SwordOfDarkness","floor":9},{"not_picked":["hexamod:Haunt","hexamod:FlamesFromBeyond"],"picked":"hexamod:GhostOfSpirePast","floor":11},{"not_picked":["hexamod:SwordOfDarkness","hexamod:GhostShield"],"picked":"hexamod:SoulSteal","floor":12},{"not_picked":["hexamod:Haunt","hexamod:RainOfEmbers"],"picked":"hexamod:FlamesFromBeyond","floor":14},{"not_picked":["hexamod:SkipABeat","hexamod:SoulSteal"],"picked":"hexamod:PowerFromBeyond","floor":15},{"not_picked":["hexamod:TurnItUp","hexamod:SixthSeal"],"picked":"hexamod:SearingWound","floor":16},{"not_picked":["hexamod:ShieldOfDarkness","hexamod:SwordOfDarkness"],"picked":"hexamod:Firestarter+1","floor":19},{"not_picked":["hexamod:GhostflameBarrier","hexamod:Firestarter"],"picked":"hexamod:HeatMetal","floor":20},{"not_picked":["hexamod:ThermalTransfer","hexamod:NightmareStrike"],"picked":"hexamod:InspiringFlames","floor":25},{"not_picked":["hexamod:SwordOfDarkness","hexamod:GhostflameBarrier"],"picked":"hexamod:GhostShield","floor":26},{"not_picked":["hexamod:PowerFromBeyond","hexamod:FlamesFromBeyond"],"picked":"hexamod:EmpoweredFlame+1","floor":27},{"not_picked":["hexamod:EmpoweredFlame","hexamod:SwordOfDarkness"],"picked":"hexamod:GiftsFromTheDead","floor":28},{"not_picked":["hexamod:NightmareStrike","hexamod:AdvancingGuard"],"picked":"hexamod:Firestarter","floor":29},{"not_picked":["hexamod:Firestarter+1","hexamod:NightmareGuise"],"picked":"hexamod:BurningTouch+1","floor":31},{"not_picked":["hexamod:InspiringFlames","hexamod:SoulSteal"],"picked":"hexamod:ShieldOfDarkness+1","floor":32},{"not_picked":["hexamod:SixthSeal","hexamod:ParanormalForm"],"picked":"hexamod:GhostOfSpirePresent","floor":33},{"not_picked":["hexamod:SecondSeal","hexamod:ShieldOfDarkness+1"],"picked":"hexamod:SpectersWail","floor":36},{"not_picked":["hexamod:DynamicBlow","hexamod:NightmareGuise"],"picked":"hexamod:SpectersWail","floor":37},{"not_picked":["hexamod:SpectersWail+1","hexamod:SkipABeat"],"picked":"hexamod:GhostShield+1","floor":38},{"not_picked":["hexamod:BacktrackSmack+1","hexamod:ChargedBarrage"],"picked":"hexamod:NightmareGuise","floor":42}],"player_experience":404058,"relics_obtained":[{"floor":6,"key":"PreservedInsect"},{"floor":11,"key":"Bronze Scales"},{"floor":24,"key":"theSenshi:FeatherClipsRelic"},{"floor":29,"key":"aspiration:Lifesprig"},{"floor":38,"key":"hubris:MedicalManual"},{"floor":41,"key":"aspiration:FetidBarrel"}],"event_choices":[{"damage_healed":0,"gold_gain":0,"player_choice":"HornCleat","damage_taken":0,"relics_obtained":["HornCleat"],"max_hp_gain":0,"max_hp_loss":0,"event_name":"blackbeard:ShipwreckEvent","floor":22,"gold_loss":0},{"damage_healed":0,"gold_gain":0,"player_choice":"Fight","damage_taken":0,"max_hp_gain":0,"max_hp_loss":0,"event_name":"Mysterious Sphere","floor":38,"gold_loss":0},{"damage_healed":0,"gold_gain":0,"player_choice":"Ignored","damage_taken":0,"max_hp_gain":0,"max_hp_loss":0,"event_name":"OrinTheCat","floor":39,"gold_loss":0}],"is_beta":false,"boss_relics":[{"not_picked":["Replay:Ancient Bell","Calling Bell"],"picked":"aspiration:PoetsPen_weak"},{"not_picked":["Kintsugi","Honey Jar"],"picked":"hexamod:UnbrokenSoul"}],"items_purged_floors":[40],"is_endless":false,"potions_floor_spawned":[2,4,6,12,14,19,20,27,28,37,38,42],"killed_by":"Transient","ascension_level":0}}