{"host":"k0cm6nn9mnmji9h1","time":1613136352,"event":{"mods":["100% Spire Juice","2.2 Compatiblity","AchievementEnabler","BaseMod","Colored Map","DeckTracker","Gremlin Skip","Highlight Path","Lobotomy","Minty Spire (QoL Compilation)","Permanent Neow","Shade Mod","StSLib","The Dragon Tamer","The Marked","Waifu the Spire"],"gold_per_floor":[111,127,147,161,180,180,180,180,251,276,330,345,345,345],"floor_reached":13,"language":"KOR","playtime":550,"items_purged":[],"score":77,"play_id":"8c355e48-30ec-4080-bc9b-d74087624264","local_time":"20210212222552","is_ascension_mode":false,"campfire_choices":[{"data":"Neutralize","floor":6,"key":"SMITH"},{"data":"A Thousand Cuts","floor":8,"key":"SMITH"}],"circlet_count":0,"master_deck":["Strike_G","Strike_G","Strike_G","Strike_G","Strike_G","Defend_G","Defend_G+1","Defend_G","Defend_G","Defend_G+1","Survivor","Neutralize+1","FairyFestival","Dagger Throw","BodiesMountain","Quick Slash","UniverseFragment","Dagger Spray","WhitesApple","A Thousand Cuts+1","PunishingBird","Parasite","OSAHOGD","Infinite Blades","SingingMachine","Flying Knee"],"relics":["Ring of the Snake","CogitoBucket","Toxic Egg 2","Odd Mushroom","Boot","Theresia"],"acts_visited":["Exordium"],"potions_floor_usage":[],"damage_taken":[{"damage":5,"enemies":"Jaw Worm","floor":1,"turns":6},{"damage":1,"enemies":"Cultist","floor":2,"turns":4},{"damage":0,"enemies":"2 Louse","floor":3,"turns":2},{"damage":2,"enemies":"Looter","floor":4,"turns":3},{"damage":5,"enemies":"Exordium Thugs","floor":5,"turns":4},{"damage":3,"enemies":"The Mushroom Lair","floor":10,"turns":3},{"damage":45,"enemies":"Exordium Wildlife","floor":12,"turns":4},{"damage":20,"enemies":"Lagavulin","floor":13,"turns":1}],"seed_played":"1360622244905928176","potions_obtained":[{"floor":2,"key":"Strength Potion"},{"floor":3,"key":"LiquidBronze"},{"floor":4,"key":"LiquidBronze"}],"is_trial":false,"path_per_floor":["M","M","M","M","M","R","?","R","T","?","T","M","E"],"character_chosen":"THE_SILENT","items_purchased":[],"campfire_rested":0,"item_purchase_floors":[],"current_hp_per_floor":[65,67,67,67,63,63,49,49,49,47,47,5,0,0],"gold":345,"neow_bonus":"","is_daily":false,"chose_seed":false,"campfire_upgraded":2,"win_rate":0.0,"timestamp":1613136352,"path_taken":["M","M","M","M","M","R","?","R","T","?","?","?","E"],"items_purchased_type":[],"build_version":"2020-12-22","purchased_purges":0,"victory":false,"max_hp_per_floor":[70,70,70,70,70,70,70,70,70,70,70,70,70,70],"card_choices":[{"not_picked":["LittlePrince","BeautyBeast"],"picked":"FairyFestival","floor":1},{"not_picked":["Choke","Sucker Punch"],"picked":"Dagger Throw","floor":1},{"not_picked":["CrumblingArmor","Freischutz"],"picked":"BodiesMountain","floor":2},{"not_picked":["Blade Dance","Underhanded Strike"],"picked":"Quick Slash","floor":2},{"not_picked":["OldLady","GreedKing"],"picked":"UniverseFragment","floor":3},{"not_picked":["Concentrate","Acrobatics"],"picked":"Dagger Spray","floor":3},{"not_picked":["OldLady","WallGazer"],"picked":"WhitesApple","floor":4},{"not_picked":["Prepared","Choke"],"picked":"A Thousand Cuts","floor":4},{"not_picked":["BeautyBeast","HeroicMonk"],"picked":"PunishingBird","floor":5},{"not_picked":["Bane","Underhanded Strike","Leg Sweep"],"picked":"SKIP","floor":5},{"not_picked":["Mercenary","WallGazer"],"picked":"OSAHOGD","floor":10},{"not_picked":["Well Laid Plans","Acrobatics+1"],"picked":"Infinite Blades","floor":10},{"not_picked":["FieryBird","Variant"],"picked":"SingingMachine","floor":12},{"not_picked":["Acrobatics+1","Accuracy"],"picked":"Flying Knee","floor":12}],"player_experience":502059,"relics_obtained":[{"floor":9,"key":"Toxic Egg 2"},{"floor":10,"key":"Odd Mushroom"},{"floor":11,"key":"Boot"}],"event_choices":[{"damage_healed":0,"gold_gain":0,"player_choice":"Entered Light","damage_taken":14,"max_hp_gain":0,"max_hp_loss":0,"event_name":"Shining Light","floor":7,"gold_loss":0,"cards_upgraded":["Defend_G","Defend_G"]},{"damage_healed":0,"gold_gain":0,"player_choice":"Fought Mushrooms","damage_taken":0,"max_hp_gain":0,"max_hp_loss":0,"event_name":"Mushrooms","floor":10,"gold_loss":0}],"is_beta":false,"boss_relics":[],"items_purged_floors":[],"is_endless":false,"potions_floor_spawned":[2,3,4],"killed_by":"Lagavulin","ascension_level":0}}