{"host":"cvgfrai8nrtinf2y","time":1613136615,"event":{"mods":["A Magickal Journey","Act Like it!","BaseMod","Better Third Choice","Challenge The Spire","Colored Map","Downfall","Gensokyo","Googly Eyes","Hermit","Highlight Path","Hubris","Infinite Spire","Minty Spire (QoL Compilation)","Rare Cards Sparkle","Relic Sorter","Remilia??????","Spicy Shops","StSLib","The Disciple","The Hierophant","The Necromancer","The Runesmith"],"gold_per_floor":[114,114,114,42,59,59,75,75,75,24,35,35,49,49,49,154,154,166,177,357,373,373,373,390,390,390,390,415,340,35,35,35],"floor_reached":31,"language":"ENG","playtime":1299,"items_purged":["Strike_Br"],"score":243,"play_id":"0c0d22a9-d8e9-4343-afe5-d1d4807513eb","local_time":"20210212143015","is_ascension_mode":false,"campfire_choices":[{"data":"Echoward","floor":6,"key":"SMITH"},{"data":"LockedThread","floor":8,"key":"SMITH"},{"data":"Engulf","floor":12,"key":"SMITH"},{"data":"PrimeTime","floor":15,"key":"SMITH"},{"floor":23,"key":"REST"},{"floor":25,"key":"REST"},{"floor":27,"key":"REST"}],"circlet_count":0,"master_deck":["Strike_Br","Strike_Br","Defend_Br","Defend_Br","Defend_Br","Defend_Br","SecondHand","PatternShift","Engulf+1","Echoward+1","LockedAnchor","LockedThread+1","Keepsakes","PrimeTime+1","LockedCalendar","BiteCommand+1","VestedLegacy+1","OldTimer","LockedMercury","RageCommand"],"relics":["Chronometer","hubris:ToyBattleship","Happy Flower","Ancient Tea Set","hubris:ScarierMask","MysticCrockPot","Ginger","Omamori","PreservedInsect"],"acts_visited":["Exordium","TheCity"],"potions_floor_usage":[16,19,28],"damage_taken":[{"damage":0,"enemies":"Small Slimes","floor":1,"turns":5},{"damage":1,"enemies":"Jaw Worm","floor":5,"turns":6},{"damage":0,"enemies":"2 Louse","floor":7,"turns":3},{"damage":0,"enemies":"Red Slaver","floor":11,"turns":4},{"damage":1,"enemies":"3 Louse","floor":13,"turns":5},{"damage":7,"enemies":"Hexaghost","floor":16,"turns":12},{"damage":25,"enemies":"Shell Parasite","floor":18,"turns":9},{"damage":1,"enemies":"3 Byrds","floor":19,"turns":8},{"damage":15,"enemies":"3 Cultists","floor":21,"turns":6},{"damage":16,"enemies":"Snake Plant","floor":24,"turns":6},{"damage":68,"enemies":"Gremlin Leader","floor":28,"turns":10},{"damage":10,"enemies":"Snecko","floor":31,"turns":2}],"seed_played":"-2985160958504473774","potions_obtained":[{"floor":1,"key":"PowerPotion"},{"floor":13,"key":"sneckomod:MuddlingPotion"},{"floor":16,"key":"champ:CounterPotion"},{"floor":18,"key":"Weak Potion"},{"floor":24,"key":"FairyPotion"}],"is_trial":false,"path_per_floor":["M","?","?","$","M","R","M","R","T","$","M","R","M","?","R","B",null,"M","M","?","M","AVR","R","M","R","T","R","E","?","$","M"],"character_chosen":"CHRONO_CLASS","items_purchased":["Ancient Tea Set","Keepsakes","PreservedInsect","RageCommand"],"campfire_rested":3,"item_purchase_floors":[4,10,30,30],"current_hp_per_floor":[65,53,53,53,52,52,52,52,52,52,52,52,51,51,51,44,65,40,39,20,5,5,24,8,27,27,46,4,4,4,0,0],"gold":35,"neow_bonus":"THREE_CARDS","is_daily":false,"chose_seed":false,"campfire_upgraded":4,"win_rate":0.0,"timestamp":1613136615,"path_taken":["M","?","?","$","M","R","M","R","T","$","M","R","M","?","R","BOSS","M","M","?","?","AVR","R","M","R","T","R","E","?","$","M"],"items_purchased_type":["Relic","Card","Relic","Card"],"build_version":"2020-12-22","purchased_purges":1,"victory":false,"max_hp_per_floor":[65,65,65,65,65,65,65,65,65,65,65,65,65,65,65,65,65,65,65,65,65,65,65,65,65,65,65,65,65,65,65,65],"card_choices":[{"not_picked":["LockedMedicine","CrunchTime"],"picked":"Engulf","floor":0},{"not_picked":["HandsUpC","ResonantCall"],"picked":"Echoward","floor":1},{"not_picked":["Echoward","HandsUpC"],"picked":"LockedAnchor","floor":5},{"not_picked":["LockedCalendar","PrimeTime"],"picked":"LockedThread","floor":7},{"not_picked":["LockedAnchor","Echoward","LockedBlood"],"picked":"SKIP","floor":11},{"not_picked":["BlueShift","LockedWhetstone"],"picked":"PrimeTime","floor":13},{"not_picked":["Flay","OverTime"],"picked":"LockedCalendar","floor":16},{"not_picked":["Recurrance+1","Analog","Echoward"],"picked":"SKIP","floor":18},{"not_picked":["Echoward","LockedMawBank"],"picked":"BiteCommand+1","floor":19},{"not_picked":["Stagnate+1","Engulf"],"picked":"VestedLegacy+1","floor":21},{"not_picked":["LockedAnchor","DaylightSavings"],"picked":"OldTimer","floor":24},{"not_picked":["LockedFlame","AlternateTimeline"],"picked":"LockedMercury","floor":28}],"player_experience":1264946,"relics_obtained":[{"floor":3,"key":"Happy Flower"},{"floor":26,"key":"Ginger"},{"floor":28,"key":"Omamori"}],"event_choices":[{"damage_healed":0,"gold_gain":0,"player_choice":"Relic ","damage_taken":12,"max_hp_gain":0,"max_hp_loss":0,"event_name":"betterThird:BetterScrap","floor":2,"gold_loss":0,"cards_obtained":["Omniscience"]},{"damage_healed":0,"gold_gain":0,"player_choice":"Leave","damage_taken":0,"max_hp_gain":0,"max_hp_loss":0,"event_name":"The Cleric","floor":14,"gold_loss":0},{"damage_healed":0,"gold_gain":180,"player_choice":"GOLD GOLD ","damage_taken":19,"max_hp_gain":0,"max_hp_loss":0,"event_name":"Knowing Skull","floor":20,"potions_obtained":[],"gold_loss":0,"cards_obtained":[]},{"cards_removed":["Strike_Br"],"damage_healed":0,"gold_gain":0,"player_choice":"Gave Gold","damage_taken":0,"max_hp_gain":0,"max_hp_loss":0,"event_name":"Beggar","floor":29,"gold_loss":75}],"is_beta":false,"boss_relics":[{"not_picked":["bronze:MakeshiftBattery","infinitespire:Cupcake"],"picked":"hubris:ScarierMask"}],"items_purged_floors":[22],"is_endless":false,"potions_floor_spawned":[1,13,16,18,24],"killed_by":"Snecko","ascension_level":0}}