{"host":"i45hfqkcke4zequp","time":1613140651,"event":{"mods":["AchievementEnabler","BaseMod","Minty Spire (QoL Compilation)","Permanent Neow","Shop Mod"],"gold_per_floor":[114,289,289,308,71,71,88,88,88,88,106,106,106,125,125,202,202,220,145,145,145,145,145],"floor_reached":22,"language":"KOR","playtime":1218,"items_purged":[],"score":284,"play_id":"2055f76a-e6e0-47d4-9701-472e759c3dd8","local_time":"20210212233731","is_ascension_mode":true,"campfire_choices":[{"data":"Echo Form","floor":6.0,"key":"SMITH"},{"floor":13,"key":"REST"},{"data":"Zap","floor":15,"key":"SMITH"}],"circlet_count":0,"master_deck":["AscendersBane","Strike_B","Strike_B","Strike_B","Strike_B","Defend_B","Defend_B","Defend_B","Defend_B","Zap+1","Dualcast","Echo Form+1","Rebound","Gash","Loop","Ball Lightning","Parasite","Leap","Beam Cell","Amplify","Sweeping Beam","Turbo","Ball Lightning","Compile Driver"],"relics":["Cracked Core","MerchantsRug","Bottled Lightning","Black Star"],"acts_visited":["Exordium","TheCity"],"potions_floor_usage":[11,14,16],"damage_taken":[{"damage":19.0,"enemies":"Small Slimes","floor":1.0,"turns":3.0},{"damage":4.0,"enemies":"2 Louse","floor":4.0,"turns":3.0},{"damage":4.0,"enemies":"Cultist","floor":7.0,"turns":4.0},{"damage":19,"enemies":"Exordium Thugs","floor":11,"turns":5},{"damage":0,"enemies":"Large Slime","floor":14,"turns":4},{"damage":36,"enemies":"Slime Boss","floor":16,"turns":7},{"damage":22,"enemies":"3 Byrds","floor":18,"turns":6},{"damage":25,"enemies":"Shell Parasite","floor":22,"turns":5}],"seed_played":"7821365829314024509","potions_obtained":[{"floor":4.0,"key":"DuplicationPotion"},{"floor":10.0,"key":"SkillPotion"},{"floor":11,"key":"Fire Potion"}],"is_trial":false,"path_per_floor":["M","?","?","M","$","R","M","?","T","?","M","$","R","M","R","B",null,"M","$","?","?","M"],"character_chosen":"DEFECT","items_purchased":["MerchantsRug","Gash","Loop","Turbo","Ball Lightning"],"campfire_rested":1,"item_purchase_floors":[5,5,5,19,19],"current_hp_per_floor":[49,49,42,38,38,38,34,51,51,51,32,32,52,52,52,16,55,33,33,33,33,8,8],"gold":145,"neow_bonus":"THREE_RARE_CARDS","is_daily":false,"chose_seed":false,"campfire_upgraded":2,"win_rate":0.0,"timestamp":1613140651,"path_taken":["M","?","?","M","$","R","M","?","T","?","?","$","R","M","R","BOSS","M","$","?","?","?"],"items_purchased_type":["Relic","Card","Card","Card","Card"],"build_version":"2020-12-22","purchased_purges":0,"victory":false,"max_hp_per_floor":[68,68,68,68,68,68,68,68,68,68,68,68,68,68,68,68,68,68,68,68,68,68,68],"card_choices":[{"not_picked":["Amplify","Machine Learning"],"picked":"Echo Form","floor":0.0},{"not_picked":["Stack","Force Field"],"picked":"Coolheaded","floor":1.0},{"not_picked":["Darkness","Compile Driver"],"picked":"Rebound","floor":4.0},{"not_picked":["Loop","Glacier"],"picked":"Ball Lightning","floor":7.0},{"not_picked":["Rebound","Conserve Battery"],"picked":"Leap","floor":11},{"not_picked":["Streamline","Leap"],"picked":"Beam Cell","floor":14},{"not_picked":["Biased Cognition","Hyperbeam"],"picked":"Amplify","floor":16},{"not_picked":["Rip and Tear","Stack"],"picked":"Sweeping Beam","floor":18}],"player_experience":537613,"relics_obtained":[{"floor":9.0,"key":"Bottled Lightning"}],"event_choices":[{"damage_healed":0.0,"max_hp_gain":0.0,"max_hp_loss":0.0,"gold_gain":175.0,"event_name":"Liars Game","player_choice":"AGREE","floor":2.0,"gold_loss":0.0,"damage_taken":0.0,"cards_obtained":["Doubt"]},{"cards_removed":["Doubt"],"damage_healed":0.0,"max_hp_gain":0.0,"max_hp_loss":0.0,"gold_gain":0.0,"event_name":"Golden Wing","player_choice":"Card Removal","floor":3.0,"gold_loss":0.0,"damage_taken":7.0},{"damage_healed":17.0,"max_hp_gain":0.0,"max_hp_loss":0.0,"gold_gain":0.0,"event_name":"Mushrooms","player_choice":"Healed and dodged fight","floor":8.0,"gold_loss":0.0,"damage_taken":0.0,"cards_obtained":["Parasite"]},{"damage_healed":0.0,"max_hp_gain":0.0,"max_hp_loss":0.0,"gold_gain":0.0,"event_name":"Lab","player_choice":"Got Potions","floor":10.0,"gold_loss":0.0,"damage_taken":0.0},{"damage_healed":0,"gold_gain":0,"player_choice":"Ignored","damage_taken":0,"max_hp_gain":0,"max_hp_loss":0,"event_name":"Ghosts","floor":20,"gold_loss":0},{"damage_healed":0,"gold_gain":0,"cards_transformed":["Coolheaded"],"player_choice":"Transformed","damage_taken":0,"max_hp_gain":0,"max_hp_loss":0,"event_name":"Transmorgrifier","floor":21,"gold_loss":0,"cards_obtained":["Compile Driver"]}],"is_beta":false,"boss_relics":[{"not_picked":["Runic Pyramid","Runic Dome"],"picked":"Black Star"}],"items_purged_floors":[],"is_endless":false,"potions_floor_spawned":[4,11],"killed_by":"Shell Parasite","ascension_level":13}}