{"host":"gaqyve1328ta0etl","time":1613095167,"event":{"mods":["BaseMod","Colored Map","Colored Powertips","Duelist Mod","Googly Eyes","Hero for Fun","Minty Spire (QoL Compilation)","Shop Mod","StSLib","SuperFastMode","The Hierophant","The Runesmith"],"gold_per_floor":[145,165,14,31,31,31,31,31,31,52,52,0,20,31,31,126,126,144,158,158,169,19,19,44,61,61,61,61,78,78,97,97,199,199,217,217,217,227,227,227,240,240,317,347,347,360,374,390,390,390,390],"floor_reached":50,"language":"ENG","playtime":938,"items_purged":["theDuelist:Sparks","theDuelist:Sparks"],"score":753,"play_id":"7743b3ca-8ade-4e42-8321-5b8a3fc9fe56","local_time":"20210211175927","is_ascension_mode":true,"campfire_choices":[{"data":"theDuelist:DarkfireDragon","floor":6,"key":"SMITH"},{"data":"theDuelist:GenesisDragon","floor":8,"key":"SMITH"},{"floor":11,"key":"REST"},{"data":"theDuelist:Earthquake","floor":15,"key":"SMITH"},{"data":"theDuelist:SeismicShockwave","floor":23,"key":"SMITH"},{"data":"theDuelist:MiraculousDescent","floor":27,"key":"SMITH"},{"data":"theDuelist:DragonMirror","floor":30,"key":"SMITH"},{"data":"theDuelist:SeismicShockwave","floor":32,"key":"SMITH"},{"data":"theDuelist:Hinotama+1","floor":40,"key":"SMITH"},{"data":"theDuelist:Hinotama+2","floor":42,"key":"SMITH"},{"data":"theDuelist:Hinotama+3","floor":45,"key":"SMITH"},{"data":"theDuelist:Hinotama+4","floor":49,"key":"SMITH"}],"circlet_count":0,"master_deck":["theDuelist:BabyDragon","theDuelist:CastleWalls","theDuelist:CaveDragon","theDuelist:CaveDragon","theDuelist:LesserDragon","theDuelist:LesserDragon","theDuelist:YamataDragon","theDuelist:SnowDragon","theDuelist:GenesisDragon+1","theDuelist:DarkfireDragon+1","theDuelist:MirageDragon","theDuelist:GenesisDragon+1","theDuelist:BarrelDragon","theDuelist:GenesisDragon+1","theDuelist:GenesisDragon+1","theDuelist:Earthquake+1","theDuelist:GenesisDragon+1","theDuelist:GenesisDragon+1","theDuelist:SeismicShockwave+1","theDuelist:GenesisDragon+1","theDuelist:GenesisDragon+1","theDuelist:SeismicShockwave+1","theDuelist:GenesisDragon+1","theDuelist:GenesisDragon+1","theDuelist:Duoterion","theDuelist:GenesisDragon+1","theDuelist:GenesisDragon+1","theDuelist:GenesisDragon+1","theDuelist:MiraculousDescent+1","theDuelist:GenesisDragon+1","theDuelist:GenesisDragon+1","theDuelist:GenesisDragon+1","theDuelist:GenesisDragon+1","theDuelist:DragonMirror+1","theDuelist:GenesisDragon+1","theDuelist:GenesisDragon+1","theDuelist:GenesisDragon+1","theDuelist:GenesisDragon+1","theDuelist:GenesisDragon+1","theDuelist:GenesisDragon+1","theDuelist:GenesisDragon+1","theDuelist:GenesisDragon+1","theDuelist:GenesisDragon+1","theDuelist:GenesisDragon+1","theDuelist:GenesisDragon+1","theDuelist:GenesisDragon+1","theDuelist:GenesisDragon+1","theDuelist:GenesisDragon+1","theDuelist:GenesisDragon+1","theDuelist:GenesisDragon+1","theDuelist:GenesisDragon+1","theDuelist:GenesisDragon+1","theDuelist:GenesisDragon+1","theDuelist:GenesisDragon+1","theDuelist:GenesisDragon+1","theDuelist:GenesisDragon+1","theDuelist:GenesisDragon+1","theDuelist:GenesisDragon+1","theDuelist:GenesisDragon+1","theDuelist:GenesisDragon+1","theDuelist:GenesisDragon+1","theDuelist:GenesisDragon+1","theDuelist:GenesisDragon+1","theDuelist:GenesisDragon+1","theDuelist:GenesisDragon+1","theDuelist:GenesisDragon+1","theDuelist:Hinotama+5","theDuelist:GenesisDragon+1","theDuelist:GenesisDragon+1","theDuelist:GenesisDragon+1","theDuelist:GenesisDragon+1","theDuelist:GenesisDragon+1","theDuelist:GenesisDragon+1","theDuelist:GenesisDragon+1","theDuelist:GenesisDragon+1","theDuelist:GenesisDragon+1","theDuelist:GenesisDragon+1","theDuelist:GenesisDragon+1","theDuelist:GenesisDragon+1","theDuelist:GenesisDragon+1","theDuelist:GenesisDragon+1","theDuelist:GenesisDragon+1","theDuelist:GenesisDragon+1","theDuelist:Duoterion+1","theDuelist:GenesisDragon+1","theDuelist:GenesisDragon+1","theDuelist:GenesisDragon+1","theDuelist:GenesisDragon+1","theDuelist:GenesisDragon+1","theDuelist:GenesisDragon+1","theDuelist:GenesisDragon+1","theDuelist:GenesisDragon+1","theDuelist:GenesisDragon+1","theDuelist:GenesisDragon+1","theDuelist:GenesisDragon+1","theDuelist:GenesisDragon+1","theDuelist:GenesisDragon+1","theDuelist:GenesisDragon+1","theDuelist:GenesisDragon+1","theDuelist:GenesisDragon+1","theDuelist:GenesisDragon+1","theDuelist:Duoterion","theDuelist:GenesisDragon+1","theDuelist:GenesisDragon+1","theDuelist:GenesisDragon+1","theDuelist:GenesisDragon+1","theDuelist:GenesisDragon+1","theDuelist:GenesisDragon+1","theDuelist:GenesisDragon+1","theDuelist:GenesisDragon+1","theDuelist:GenesisDragon+1","theDuelist:GenesisDragon+1","theDuelist:GenesisDragon+1","theDuelist:GenesisDragon+1","theDuelist:GenesisDragon+1","theDuelist:GenesisDragon+1","theDuelist:GenesisDragon+1","theDuelist:GenesisDragon+1","theDuelist:GenesisDragon+1","theDuelist:GenesisDragon+1","theDuelist:GenesisDragon+1","theDuelist:GenesisDragon+1","theDuelist:GenesisDragon+1","theDuelist:GenesisDragon+1","theDuelist:GenesisDragon+1","theDuelist:GenesisDragon+1","theDuelist:GenesisDragon+1","theDuelist:GenesisDragon+1","theDuelist:GenesisDragon+1","theDuelist:GenesisDragon+1","theDuelist:GenesisDragon+1","theDuelist:GenesisDragon+1","theDuelist:GenesisDragon+1","theDuelist:GenesisDragon+1","theDuelist:GenesisDragon+1","theDuelist:GenesisDragon+1","theDuelist:GenesisDragon+1","theDuelist:GenesisDragon+1","theDuelist:GenesisDragon+1","theDuelist:GenesisDragon+1","theDuelist:GenesisDragon+1","theDuelist:GenesisDragon+1","theDuelist:GenesisDragon+1","theDuelist:GenesisDragon+1","theDuelist:GenesisDragon+1","theDuelist:GenesisDragon+1","theDuelist:GenesisDragon+1","theDuelist:GenesisDragon+1","theDuelist:GenesisDragon+1","theDuelist:GenesisDragon+1","theDuelist:GenesisDragon+1","theDuelist:GenesisDragon+1","theDuelist:GenesisDragon+1","theDuelist:GenesisDragon+1","theDuelist:GenesisDragon+1","theDuelist:TailSwipe+1","theDuelist:GenesisDragon+1","theDuelist:GenesisDragon+1","theDuelist:GenesisDragon+1","theDuelist:GenesisDragon+1","theDuelist:GenesisDragon+1","theDuelist:GenesisDragon+1","theDuelist:GenesisDragon+1","theDuelist:GenesisDragon+1","theDuelist:GenesisDragon+1","theDuelist:GenesisDragon+1","theDuelist:GenesisDragon+1","theDuelist:GenesisDragon+1","theDuelist:GenesisDragon+1","theDuelist:GenesisDragon+1","theDuelist:GenesisDragon+1","theDuelist:GenesisDragon+1","theDuelist:GenesisDragon+1","theDuelist:GenesisDragon+1","theDuelist:GenesisDragon+1","theDuelist:GenesisDragon+1","theDuelist:GenesisDragon+1","theDuelist:GenesisDragon+1","theDuelist:GenesisDragon+1","theDuelist:GenesisDragon+1","theDuelist:GenesisDragon+1","theDuelist:GenesisDragon+1","theDuelist:GenesisDragon+1","theDuelist:GenesisDragon+1","theDuelist:GenesisDragon+1","theDuelist:GenesisDragon+1","theDuelist:GenesisDragon+1","theDuelist:GenesisDragon+1","theDuelist:GenesisDragon+1","theDuelist:GenesisDragon+1","theDuelist:GenesisDragon+1","theDuelist:GenesisDragon+1","theDuelist:GenesisDragon+1","theDuelist:GenesisDragon+1","theDuelist:GenesisDragon+1","theDuelist:GenesisDragon+1","theDuelist:GenesisDragon+1","theDuelist:GenesisDragon+1","theDuelist:GenesisDragon+1","theDuelist:GenesisDragon+1","theDuelist:GenesisDragon+1","theDuelist:GenesisDragon+1","theDuelist:GenesisDragon+1","theDuelist:GenesisDragon+1","theDuelist:GenesisDragon+1","theDuelist:GenesisDragon+1","theDuelist:GenesisDragon+1","theDuelist:GenesisDragon+1","theDuelist:GenesisDragon+1","theDuelist:GenesisDragon+1","theDuelist:GenesisDragon+1","theDuelist:GenesisDragon+1","theDuelist:GenesisDragon+1","theDuelist:GenesisDragon+1","theDuelist:GenesisDragon+1","theDuelist:GenesisDragon+1","theDuelist:GenesisDragon+1","theDuelist:GenesisDragon+1","theDuelist:GenesisDragon+1","theDuelist:GenesisDragon+1","theDuelist:GenesisDragon+1","theDuelist:GenesisDragon+1","theDuelist:GenesisDragon+1","theDuelist:GenesisDragon+1","theDuelist:GenesisDragon+1","theDuelist:GenesisDragon+1","theDuelist:GenesisDragon+1","theDuelist:GenesisDragon+1","theDuelist:GenesisDragon+1","theDuelist:GenesisDragon+1","theDuelist:GenesisDragon+1","theDuelist:GenesisDragon+1","theDuelist:GenesisDragon+1","theDuelist:GenesisDragon+1","theDuelist:GenesisDragon+1","theDuelist:GenesisDragon+1","theDuelist:GenesisDragon+1","theDuelist:GenesisDragon+1","theDuelist:GenesisDragon+1","theDuelist:GenesisDragon+1","theDuelist:GenesisDragon+1","theDuelist:GenesisDragon+1","theDuelist:GenesisDragon+1","theDuelist:GenesisDragon+1","theDuelist:GenesisDragon+1","theDuelist:GenesisDragon+1","theDuelist:GenesisDragon+1","theDuelist:GenesisDragon+1","theDuelist:GenesisDragon+1","theDuelist:GenesisDragon+1","theDuelist:GenesisDragon+1","theDuelist:SuperancientDinobeast"],"relics":["theDuelist:MillenniumPuzzle","theDuelist:CardPoolRelic","theDuelist:CardPoolBasicRelic","theDuelist:BoosterPackPoolRelic","theDuelist:CardPoolAddRelic","theDuelist:CardPoolMinusRelic","theDuelist:CardPoolSaveRelic","theDuelist:CardPoolOptionsRelic","NeowsBlessing","Bag of Marbles","theDuelist:TributeEggRelic","Odd Mushroom","Bag of Marbles","Philosopher\u0027s Stone","Darkstone Periapt","Eternal Feather","Busted Crown","Happy Flower","theDuelist:YugiMirror","Tingsha"],"acts_visited":["Exordium","TheCity","TheBeyond"],"potions_floor_usage":[],"damage_taken":[{"damage":0,"enemies":"Cultist","floor":1,"turns":1},{"damage":0,"enemies":"2 Louse","floor":2,"turns":1},{"damage":0,"enemies":"Jaw Worm","floor":4,"turns":1},{"damage":20,"enemies":"The Mushroom Lair","floor":10,"turns":4},{"damage":0,"enemies":"Exordium Thugs","floor":13,"turns":2},{"damage":5,"enemies":"Lots of Slimes","floor":14,"turns":2},{"damage":11,"enemies":"Hexaghost","floor":16,"turns":4},{"damage":0,"enemies":"Spheric Guardian","floor":18,"turns":3},{"damage":12,"enemies":"Chosen","floor":19,"turns":2},{"damage":1,"enemies":"Snecko","floor":21,"turns":3},{"damage":1,"enemies":"theDuelist:KaibaA2","floor":24,"turns":2},{"damage":0,"enemies":"Centurion and Healer","floor":25,"turns":2},{"damage":7,"enemies":"Chosen and Byrds","floor":29,"turns":2},{"damage":22,"enemies":"Snake Plant","floor":31,"turns":2},{"damage":19,"enemies":"Collector","floor":33,"turns":4},{"damage":16,"enemies":"3 Shapes","floor":35,"turns":1},{"damage":10,"enemies":"3 Darklings","floor":38,"turns":2},{"damage":0,"enemies":"Transient","floor":41,"turns":5},{"damage":22,"enemies":"Giant Head","floor":44,"turns":4},{"damage":0,"enemies":"Jaw Worm Horde","floor":46,"turns":2},{"damage":14,"enemies":"Spire Growth","floor":47,"turns":2},{"damage":0,"enemies":"Transient","floor":48,"turns":5},{"damage":89,"enemies":"Time Eater","floor":50,"turns":4}],"seed_played":"-7583650784176345244","potions_obtained":[{"floor":4,"key":"GamblersBrew"},{"floor":10,"key":"theDuelist:DebuffFuryPotion"},{"floor":19,"key":"FocusPotion"},{"floor":29,"key":"theDuelist:VoidBottle"}],"is_trial":false,"path_per_floor":["M","M","$","M","?","R","$","R","T","?","R","?","M","M","R","B",null,"M","M","?","M","$","R","E","M","T","R","$","M","R","M","R","B",null,"M","?","?","M","?","R","M","R","T","E","R","M","M","M","R","B"],"character_chosen":"THE_DUELIST","items_purchased":["theDuelist:DarkfireDragon","theDuelist:Duoterion"],"campfire_rested":1,"item_purchase_floors":[3,22],"current_hp_per_floor":[72,72,72,72,54,54,54,54,54,34,58,58,58,53,53,42,71,71,59,59,58,58,58,57,57,57,78,78,71,80,58,80,61,75,59,59,59,49,49,76,76,76,76,54,76,76,62,62,76,0,0],"gold":390,"neow_bonus":"THREE_ENEMY_KILL","is_daily":false,"chose_seed":false,"campfire_upgraded":11,"win_rate":0.0,"timestamp":1613095167,"path_taken":["M","M","$","M","?","R","$","R","T","?","R","?","M","M","R","BOSS","M","M","?","M","?","R","E","?","T","R","$","M","R","M","R","BOSS","M","?","?","M","?","R","M","R","T","E","R","M","?","M","R","BOSS"],"items_purchased_type":["Card","Card"],"build_version":"2020-12-22","purchased_purges":2,"victory":false,"max_hp_per_floor":[80,80,80,80,80,80,80,80,80,80,80,80,80,80,80,80,80,80,80,80,80,80,80,80,80,80,80,80,80,80,80,80,80,80,80,76,76,76,76,76,76,76,76,76,76,76,76,76,76,76,76],"card_choices":[{"not_picked":["theDuelist:Hydrogeddon","theDuelist:MoltenDestruction","theDuelist:LesserDragon","theDuelist:Earthquake"],"picked":"theDuelist:SnowDragon","floor":1},{"not_picked":["theDuelist:BlackPtera","theDuelist:Beatraptor","theDuelist:SilverDragon","theDuelist:DefenseDraw"],"picked":"theDuelist:GenesisDragon","floor":2},{"not_picked":["theDuelist:Pyrorex","theDuelist:MadSwordBeast","theDuelist:DarkHorus","theDuelist:MythicWaterDragon"],"picked":"theDuelist:MirageDragon","floor":4},{"not_picked":["theDuelist:GiantRex","theDuelist:BlackTyranno","theDuelist:BlackStego","theDuelist:TrihornedDragon"],"picked":"theDuelist:BarrelDragon","floor":10},{"not_picked":["theDuelist:CurseDragon","theDuelist:BusterBlader","theDuelist:BlackPtera","theDuelist:Beatraptor","theDuelist:BlackBrachios"],"picked":"SKIP","floor":13},{"not_picked":["theDuelist:LesserDragon","theDuelist:Hydrogeddon","theDuelist:CyberValley","theDuelist:BlackPtera"],"picked":"theDuelist:Earthquake","floor":14},{"not_picked":["theDuelist:StardustDragon","theDuelist:Scapegoat","theDuelist:BerserkScales","theDuelist:BSkullDragon"],"picked":"theDuelist:SeismicShockwave","floor":16},{"not_picked":["theDuelist:BigFire","theDuelist:ForbiddenChalice","theDuelist:LabyrinthWall","theDuelist:MagicalStone","theDuelist:BlueBloodedOni+1"],"picked":"SKIP","floor":18},{"not_picked":["theDuelist:ViceDragon","theDuelist:MirageDragon+1","theDuelist:CyberDinosaur","theDuelist:BlackBrutdrago","theDuelist:TrihornedDragon"],"picked":"SKIP","floor":19},{"not_picked":["theDuelist:BattleguardKing","theDuelist:BigFire","theDuelist:Hinotama","theDuelist:RainbowOverdragon","theDuelist:LightningDarts"],"picked":"SKIP","floor":21},{"not_picked":["theDuelist:WhiteHowling","theDuelist:ThreateningRoar","theDuelist:ScrapIronScarecrow","theDuelist:FireDarts"],"picked":"theDuelist:MiraculousDescent","floor":24},{"not_picked":["theDuelist:Earthquake+1","theDuelist:ClawHermos","theDuelist:DragonRavine","theDuelist:UltraEvolutionPill+1"],"picked":"theDuelist:DragonMirror","floor":25},{"not_picked":["theDuelist:MaskedDragon","theDuelist:Earthquake+1","theDuelist:CyberDinosaur","theDuelist:BlackPtera","theDuelist:Sabersaurus+1"],"picked":"SKIP","floor":29},{"not_picked":["theDuelist:Beatraptor","theDuelist:DefenseDraw+1","theDuelist:SnowDragon+1","theDuelist:Hydrogeddon","theDuelist:RedHeadedOni+1"],"picked":"SKIP","floor":31},{"not_picked":["theDuelist:BigFire","theDuelist:RainbowOverdragon+1"],"picked":"theDuelist:Hinotama+1","floor":35},{"not_picked":["theDuelist:Kabazauls","theDuelist:RedDragonArchfiend"],"picked":"theDuelist:Duoterion+1","floor":38},{"not_picked":["theDuelist:SystemDown+1","theDuelist:DragonTreasure","theDuelist:AutorokketDragon+1"],"picked":"SKIP","floor":41},{"not_picked":["theDuelist:Earthquake","theDuelist:SphereChaos","theDuelist:MythicWaterDragon"],"picked":"SKIP","floor":44},{"not_picked":["theDuelist:Lancephorhynchus","theDuelist:ArmedProtectorDragon+1"],"picked":"theDuelist:TailSwipe+1","floor":46},{"not_picked":["theDuelist:StampingDestruction","theDuelist:SpiralSpearStrike","theDuelist:OneDayPeace+1"],"picked":"SKIP","floor":47},{"not_picked":["theDuelist:HazyFlameHydra+1","theDuelist:Lancephorhynchus+1"],"picked":"theDuelist:SuperancientDinobeast","floor":48}],"player_experience":2142022,"relics_obtained":[{"floor":9,"key":"theDuelist:TributeEggRelic"},{"floor":10,"key":"Odd Mushroom"},{"floor":24,"key":"Darkstone Periapt"},{"floor":26,"key":"Eternal Feather"},{"floor":43,"key":"theDuelist:YugiMirror"},{"floor":44,"key":"Tingsha"}],"event_choices":[{"damage_healed":0,"gold_gain":0,"player_choice":"Success","damage_taken":18,"relics_obtained":["Bag of Marbles"],"max_hp_gain":0,"max_hp_loss":0,"event_name":"Scrap Ooze","floor":5,"gold_loss":0},{"damage_healed":0,"gold_gain":0,"player_choice":"Fought Mushrooms","damage_taken":0,"max_hp_gain":0,"max_hp_loss":0,"event_name":"Mushrooms","floor":10,"gold_loss":0},{"damage_healed":0,"gold_gain":0,"player_choice":"Duplicated Relic - Bag of Marbles","duelist":true,"damage_taken":0,"max_hp_gain":0,"max_hp_loss":0,"event_name":"Relic Duplicator","floor":12,"gold_loss":0},{"damage_healed":0,"gold_gain":0,"player_choice":"Copied","damage_taken":0,"max_hp_gain":0,"max_hp_loss":0,"event_name":"Duplicator","floor":20,"gold_loss":0,"cards_obtained":["theDuelist:SeismicShockwave"]},{"damage_healed":0,"gold_gain":0,"player_choice":"Max HP","damage_taken":0,"max_hp_gain":0,"max_hp_loss":4,"event_name":"Winding Halls","floor":36,"gold_loss":0},{"cards_removed":["theDuelist:CastleWalls"],"damage_healed":0,"gold_gain":0,"player_choice":"Removed Skill","damage_taken":0,"max_hp_gain":0,"max_hp_loss":0,"event_name":"Falling","floor":37,"gold_loss":0},{"cards_removed":["theDuelist:GenesisDragon"],"damage_healed":0,"gold_gain":0,"player_choice":"Gave Card","damage_taken":0,"relics_obtained":["Happy Flower"],"max_hp_gain":0,"max_hp_loss":0,"event_name":"WeMeetAgain","floor":39,"gold_loss":0}],"is_beta":false,"boss_relics":[{"not_picked":["theDuelist:HauntedRelic","Fusion Hammer"],"picked":"Philosopher\u0027s Stone"},{"not_picked":["Inserter","Runic Dome"],"picked":"Busted Crown"}],"items_purged_floors":[3,22],"is_endless":false,"potions_floor_spawned":[4,10,19,24,25,29,35,46,48],"killed_by":"Time Eater","ascension_level":8}}