{"host":"m0bekkrd201b63ug","time":1613157279,"event":{"mods":["AchievementEnabler","BaseMod","Colored Powertips","Highlight Path","Minty Spire (QoL Compilation)","Rare Cards Sparkle","StSLib","SuperFastMode","everything is the same but u backflip on backflip","slay the spire mod where everything is the same but ironclad has a cowboy hat"],"gold_per_floor":[118,118,118,118,135,135,150,179,179,179,179,214,224,234,234,313,313,333,248,8,8,27,27,52,52,52,52,52,81,97,97,97],"floor_reached":31,"language":"ENG","playtime":861,"items_purged":["Strike_G"],"score":548,"play_id":"15b9e52e-f1ef-4ce1-bd3c-89157c4bb340","local_time":"20210212171439","is_ascension_mode":true,"campfire_choices":[{"data":"Bane","floor":6.0,"key":"SMITH"},{"floor":10.0,"key":"REST"},{"floor":15.0,"key":"REST"},{"floor":23,"key":"REST"},{"data":"Bane","floor":25,"key":"SMITH"},{"floor":27,"key":"REST"}],"circlet_count":0,"master_deck":["AscendersBane","Strike_G","Strike_G","Defend_G","Defend_G","Defend_G","Defend_G","Defend_G","Survivor","Neutralize","Poisoned Stab","Bane+1","Bouncing Flask","Poisoned Stab","Bane+1"],"relics":["Ring of the Snake","Ancient Tea Set","Singing Bowl","Letter Opener","PreservedInsect","Unceasing Top","Philosopher\u0027s Stone","Oddly Smooth Stone","Bag of Preparation","Art of War","Bronze Scales","Ninja Scroll","Paper Crane"],"acts_visited":["Exordium","TheCity"],"potions_floor_usage":[24],"damage_taken":[{"damage":11.0,"enemies":"Jaw Worm","floor":1.0,"turns":7.0},{"damage":0.0,"enemies":"2 Louse","floor":5.0,"turns":4.0},{"damage":0.0,"enemies":"Small Slimes","floor":7.0,"turns":4.0},{"damage":29.0,"enemies":"Gremlin Nob","floor":8.0,"turns":4.0},{"damage":15.0,"enemies":"3 Sentries","floor":12.0,"turns":9.0},{"damage":1.0,"enemies":"Exordium Wildlife","floor":13.0,"turns":4.0},{"damage":10.0,"enemies":"Lots of Slimes","floor":14.0,"turns":5.0},{"damage":26.0,"enemies":"Hexaghost","floor":16.0,"turns":9.0},{"damage":23.0,"enemies":"3 Byrds","floor":18.0,"turns":5.0},{"damage":17.0,"enemies":"Shell Parasite","floor":22.0,"turns":4.0},{"damage":36,"enemies":"Slavers","floor":24,"turns":6},{"damage":5,"enemies":"Gremlin Leader","floor":29,"turns":4},{"damage":9,"enemies":"Snake Plant","floor":30,"turns":3},{"damage":21,"enemies":"Shelled Parasite and Fungi","floor":31,"turns":1}],"seed_played":"-1461741580261807117","potions_obtained":[{"floor":5.0,"key":"Regen Potion"},{"floor":8.0,"key":"GhostInAJar"},{"floor":12.0,"key":"DuplicationPotion"},{"floor":22,"key":"ColorlessPotion"},{"floor":30,"key":"SpeedPotion"}],"is_trial":false,"path_per_floor":["M","?","?","?","M","R","M","E","T","R","?","E","M","M","R","B",null,"M","?","$","?","M","R","E","R","T","R","T","E","M","M"],"character_chosen":"THE_SILENT","items_purchased":["Bag of Preparation"],"campfire_rested":4,"item_purchase_floors":[20],"current_hp_per_floor":[48,48,41,41,41,41,41,14,14,34,16,18,19,9,30,6,57,36,36,36,36,19,41,7,7,7,30,30,27,20,0,0],"gold":97,"neow_bonus":"RANDOM_COMMON_RELIC","is_daily":false,"chose_seed":false,"campfire_upgraded":2,"win_rate":0.0,"timestamp":1613157279,"path_taken":["M","?","?","?","M","R","M","E","T","R","?","E","M","M","R","BOSS","M","?","$","?","?","R","E","R","T","R","?","E","M","?"],"items_purchased_type":["Relic"],"build_version":"2020-12-22","purchased_purges":1,"victory":false,"max_hp_per_floor":[66,66,66,66,66,66,66,68,68,68,68,70,72,72,72,74,74,76,76,76,76,76,76,78,78,78,78,78,80,82,82,82],"card_choices":[{"not_picked":["Underhanded Strike","Well Laid Plans"],"picked":"Poisoned Stab","floor":1.0},{"not_picked":["Endless Agony","Outmaneuver"],"picked":"Bane","floor":5.0},{"not_picked":["Heel Hook","Blade Dance"],"picked":"Bouncing Flask","floor":7.0},{"not_picked":["A Thousand Cuts","Doppelganger","Storm of Steel"],"picked":"Singing Bowl","floor":8.0},{"not_picked":["All Out Attack","PiercingWail","Flying Knee"],"picked":"Singing Bowl","floor":12.0},{"not_picked":["Dagger Spray","Dodge and Roll","PiercingWail"],"picked":"Singing Bowl","floor":13.0},{"not_picked":["Slice","Heel Hook"],"picked":"Poisoned Stab","floor":14.0},{"not_picked":["Doppelganger","Phantasmal Killer","Envenom"],"picked":"Singing Bowl","floor":16.0},{"not_picked":["Acrobatics","Riddle With Holes","Outmaneuver"],"picked":"Singing Bowl","floor":18.0},{"not_picked":["Prepared","Poisoned Stab"],"picked":"Bane","floor":22},{"not_picked":["After Image","Deflect","Flying Knee"],"picked":"Singing Bowl","floor":24},{"not_picked":["Underhanded Strike","Accuracy","Deadly Poison"],"picked":"Singing Bowl","floor":29},{"not_picked":["Skewer","Deadly Poison","Dagger Throw"],"picked":"Singing Bowl","floor":30}],"player_experience":255047,"relics_obtained":[{"floor":8.0,"key":"Singing Bowl"},{"floor":9.0,"key":"Letter Opener"},{"floor":12.0,"key":"Unceasing Top"},{"floor":24,"key":"Art of War"},{"floor":26,"key":"Bronze Scales"},{"floor":28,"key":"Ninja Scroll"},{"floor":29,"key":"Paper Crane"}],"event_choices":[{"cards_removed":["Strike_G"],"damage_healed":0.0,"max_hp_gain":0.0,"max_hp_loss":0.0,"gold_gain":0.0,"event_name":"Living Wall","player_choice":"Forget","floor":2.0,"gold_loss":0.0,"damage_taken":0.0},{"cards_removed":["Strike_G"],"damage_healed":0.0,"max_hp_gain":0.0,"max_hp_loss":0.0,"gold_gain":0.0,"event_name":"Golden Wing","player_choice":"Card Removal","floor":3.0,"gold_loss":0.0,"damage_taken":7.0},{"damage_healed":0.0,"max_hp_gain":0.0,"max_hp_loss":0.0,"gold_gain":0.0,"event_name":"Liars Game","player_choice":"Ignored","floor":4.0,"gold_loss":0.0,"damage_taken":0.0},{"damage_healed":0.0,"max_hp_gain":0.0,"max_hp_loss":0.0,"gold_gain":0.0,"event_name":"Scrap Ooze","player_choice":"Success","floor":11.0,"gold_loss":0.0,"damage_taken":18.0,"relics_obtained":["PreservedInsect"]},{"damage_healed":0.0,"max_hp_gain":0.0,"max_hp_loss":0.0,"gold_gain":0.0,"event_name":"Addict","player_choice":"Obtained Relic","floor":19.0,"gold_loss":85.0,"damage_taken":0.0,"relics_obtained":["Oddly Smooth Stone"]},{"damage_healed":0.0,"max_hp_gain":0.0,"max_hp_loss":0.0,"gold_gain":0.0,"event_name":"N\u0027loth","player_choice":"Ignored","floor":21.0,"gold_loss":0.0,"damage_taken":0.0}],"is_beta":false,"boss_relics":[{"not_picked":["Tiny House","Ring of the Serpent"],"picked":"Philosopher\u0027s Stone"}],"items_purged_floors":[20],"is_endless":false,"potions_floor_spawned":[5,8,12,13,22,30],"killed_by":"Shelled Parasite and Fungi","ascension_level":19}}