{"host":"b4v9fzk04eo0kg41","time":1613111338,"event":{"mods":["AchievementEnabler","BaseMod","Minty Spire (QoL Compilation)"],"gold_per_floor":[118,133,133,133,151,151,182,182,233,86,66,66,77,88,88,183,183,200,212,46,62,62,62],"floor_reached":22,"language":"ENG","playtime":860,"items_purged":["Strike_P"],"score":186,"play_id":"b43ca783-aedc-415a-8347-29338dfeff95","local_time":"20210212002858","is_ascension_mode":false,"campfire_choices":[{"floor":6,"key":"RECALL"},{"floor":12,"key":"REST"},{"floor":15,"key":"REST"}],"circlet_count":0,"master_deck":["Strike_P+1","Strike_P","Strike_P","Defend_P","Defend_P","Defend_P","Eruption","Vigilance","FollowUp+1","Consecrate","EmptyFist","SandsOfTime","Collect","Study","Tantrum","FollowUp","Collect","EmptyBody","Tantrum","Devotion","BattleHymn","FlurryOfBlows+1","Consecrate","EmptyMind","WreathOfFlame"],"relics":["Fusion Hammer","Omamori","Orrery","Sozu"],"acts_visited":["Exordium","TheCity"],"potions_floor_usage":[16,16,19],"damage_taken":[{"damage":2,"enemies":"2 Louse","floor":1,"turns":2},{"damage":1,"enemies":"Jaw Worm","floor":2,"turns":4},{"damage":0,"enemies":"Small Slimes","floor":5,"turns":2},{"damage":3,"enemies":"Lagavulin","floor":7,"turns":3},{"damage":6,"enemies":"Gremlin Gang","floor":13,"turns":3},{"damage":19,"enemies":"Large Slime","floor":14,"turns":4},{"damage":50,"enemies":"The Guardian","floor":16,"turns":5},{"damage":3,"enemies":"Chosen","floor":18,"turns":4},{"damage":8,"enemies":"3 Byrds","floor":19,"turns":3},{"damage":40,"enemies":"Centurion and Healer","floor":21,"turns":4},{"damage":64,"enemies":"Chosen and Byrds","floor":22,"turns":4}],"seed_played":"5124729006675552010","potions_obtained":[{"floor":1,"key":"Explosive Potion"},{"floor":5,"key":"AttackPotion"},{"floor":11,"key":"SpeedPotion"},{"floor":14,"key":"Fire Potion"}],"is_trial":false,"path_per_floor":["M","M","?","?","M","R","E","?","T","$","?","R","M","M","R","B",null,"M","M","$","M","M"],"character_chosen":"WATCHER","items_purchased":["Orrery","Consecrate","EmptyMind"],"campfire_rested":2,"item_purchase_floors":[10,20,20],"current_hp_per_floor":[70,69,74,59,59,59,56,56,56,56,56,77,71,52,75,25,77,74,66,66,26,0,0],"gold":62,"neow_bonus":"BOSS_RELIC","is_daily":false,"chose_seed":false,"campfire_upgraded":0,"win_rate":0.0,"timestamp":1613111338,"path_taken":["M","M","?","?","?","R","E","?","T","$","?","R","M","M","R","BOSS","M","M","$","?","M"],"items_purchased_type":["Relic","Card","Card"],"build_version":"2020-12-22","purchased_purges":1,"victory":false,"max_hp_per_floor":[72,72,77,77,77,77,77,77,77,77,77,77,77,77,77,77,77,77,77,77,77,77,77],"card_choices":[{"not_picked":["CarveReality","Consecrate"],"picked":"FollowUp","floor":1},{"not_picked":["SashWhip","ThirdEye"],"picked":"Consecrate","floor":2},{"not_picked":["PathToVictory","Evaluate"],"picked":"EmptyFist","floor":5},{"not_picked":["Omniscience","EmptyBody"],"picked":"SandsOfTime","floor":7},{"not_picked":["MentalFortress","Nirvana"],"picked":"Collect","floor":10},{"not_picked":["ClearTheMind","Adaptation"],"picked":"Study","floor":10},{"not_picked":["Evaluate","WindmillStrike"],"picked":"Tantrum","floor":10},{"not_picked":["EmptyBody","MasterReality"],"picked":"FollowUp","floor":10},{"not_picked":["BowlingBash","Nirvana"],"picked":"Collect","floor":10},{"not_picked":["EmptyFist","Prostrate"],"picked":"EmptyBody","floor":13},{"not_picked":["Weave","EmptyFist"],"picked":"Tantrum","floor":14},{"not_picked":["Omniscience","Brilliance"],"picked":"Devotion","floor":16},{"not_picked":["Wireheading","EmptyBody+1"],"picked":"BattleHymn","floor":18},{"not_picked":["WreathOfFlame+1","ClearTheMind"],"picked":"FlurryOfBlows+1","floor":19},{"not_picked":["Swivel","ThirdEye"],"picked":"WreathOfFlame","floor":21}],"player_experience":446453,"relics_obtained":[{"floor":7,"key":"Omamori"}],"event_choices":[{"damage_healed":0,"gold_gain":0,"player_choice":"Donut","damage_taken":0,"max_hp_gain":5,"max_hp_loss":0,"event_name":"Big Fish","floor":3,"gold_loss":0},{"damage_healed":0,"gold_gain":0,"player_choice":"Entered Light","damage_taken":15,"max_hp_gain":0,"max_hp_loss":0,"event_name":"Shining Light","floor":4,"gold_loss":0,"cards_upgraded":["FollowUp","Strike_P"]},{"cards_removed":["Defend_P"],"damage_healed":0,"gold_gain":0,"player_choice":"Forget","damage_taken":0,"max_hp_gain":0,"max_hp_loss":0,"event_name":"Living Wall","floor":8,"gold_loss":0},{"damage_healed":0,"gold_gain":0,"player_choice":"Bought 1 Potion","damage_taken":0,"max_hp_gain":0,"max_hp_loss":0,"event_name":"The Woman in Blue","floor":11,"gold_loss":0}],"is_beta":false,"boss_relics":[{"not_picked":["Empty Cage","Coffee Dripper"],"picked":"Sozu"}],"items_purged_floors":[20],"is_endless":false,"potions_floor_spawned":[1,5,14,18,21],"killed_by":"Chosen and Byrds","ascension_level":0}}