{"host":"t1puqh5lxz8sp6fn","time":1613167750,"event":{"mods":["AchievementEnabler","BaseMod","Colored Powertips","Minty Spire (QoL Compilation)","Rare Cards Sparkle","Relic Stats","StSLib"],"gold_per_floor":[109,109,129,143,153,153,153,153],"floor_reached":7,"playtime":276,"items_purged":[],"score":75,"play_id":"f575bbb8-76ed-4dbb-85a4-25a7b8ea7ee4","local_time":"20210212190910","is_ascension_mode":true,"campfire_choices":[{"data":"A Thousand Cuts","floor":6,"key":"SMITH"}],"circlet_count":0,"master_deck":["AscendersBane","Strike_G","Strike_G","Strike_G","Strike_G","Strike_G","Defend_G","Defend_G","Defend_G","Defend_G","Defend_G","Survivor","Neutralize","A Thousand Cuts+1","Underhanded Strike","PiercingWail","Dagger Spray","Crippling Poison"],"relics":["Ring of the Snake","Ornamental Fan"],"acts_visited":["Exordium"],"potions_floor_usage":[7],"damage_taken":[{"damage":1,"enemies":"Jaw Worm","floor":1,"turns":4},{"damage":0,"enemies":"2 Louse","floor":3,"turns":4},{"damage":7,"enemies":"Cultist","floor":4,"turns":5},{"damage":4,"enemies":"Gremlin Gang","floor":5,"turns":5},{"damage":49,"enemies":"Gremlin Nob","floor":7,"turns":5}],"seed_played":"-5618327984334471180","potions_obtained":[{"floor":4,"key":"SpeedPotion"}],"is_trial":false,"path_per_floor":["M","?","M","M","M","R","E"],"character_chosen":"THE_SILENT","items_purchased":[],"campfire_rested":0,"item_purchase_floors":[],"current_hp_per_floor":[58,47,47,40,36,36,0,0],"gold":153,"neow_bonus":"ONE_RANDOM_RARE_CARD","is_daily":false,"chose_seed":false,"campfire_upgraded":1,"win_rate":0.0,"timestamp":1613167750,"path_taken":["M","?","M","M","M","R","E"],"items_purchased_type":[],"build_version":"2020-12-13","purchased_purges":0,"victory":false,"max_hp_per_floor":[66,66,66,66,66,66,66,66],"relic_stats":{"counters":[5,23],"Ornamental Fan":[16],"obtain_stats":[{"Ornamental Fan":2,"Ring of the Snake":0},{"Ornamental Fan":1,"Ring of the Snake":0},{"Ornamental Fan":4,"Ring of the Snake":0}],"Ring of the Snake":[10]},"card_choices":[{"not_picked":["Backflip","Deadly Poison"],"picked":"Underhanded Strike","floor":1},{"not_picked":["Riddle With Holes","Distraction"],"picked":"PiercingWail","floor":3},{"not_picked":["Bane","Deflect"],"picked":"Dagger Spray","floor":4},{"not_picked":["Outmaneuver","Wraith Form v2"],"picked":"Crippling Poison","floor":5}],"player_experience":517063,"relics_obtained":[],"event_choices":[{"damage_healed":0,"gold_gain":0,"player_choice":"Success","damage_taken":11,"relics_obtained":["Ornamental Fan"],"max_hp_gain":0,"max_hp_loss":0,"event_name":"Scrap Ooze","floor":2,"gold_loss":0}],"is_beta":false,"boss_relics":[],"items_purged_floors":[],"is_endless":false,"potions_floor_spawned":[4],"killed_by":"Gremlin Nob","ascension_level":15}}