{"host":"9bcvatsnbq1a3xq4","time":1613156682,"event":{"mods":["BaseMod","Bestiary","Block Reminder","Highlight Path","Minty Spire (QoL Compilation)","Relic Stats","ojb\u0027s Info Mod"],"gold_per_floor":[109,119,139,139,289,289,364,364,364,17,43,43,76,92,92,165,165,179,229,229,249,249,280,280,280],"floor_reached":24,"language":"ENG","playtime":1187,"items_purged":["Doubt"],"score":448,"play_id":"6477f3c4-9651-41c9-b488-0c65b2c96435","local_time":"20210212200442","is_ascension_mode":true,"campfire_choices":[{"data":"Barrage","floor":6,"key":"SMITH"},{"floor":8,"key":"REST"},{"data":"Fission","floor":12,"key":"SMITH"},{"data":"Capacitor","floor":15,"key":"SMITH"}],"circlet_count":0,"master_deck":["AscendersBane","Strike_B","Strike_B","Defend_B","Defend_B","Defend_B","Zap","Dualcast","Rainbow","Coolheaded","Barrage+1","Compile Driver","Fission+1","Cold Snap","Capacitor+1","Creative AI","Doom and Gloom+1","Sunder+1","Defragment+1","Turbo","Genetic Algorithm","Beam Cell+1","Loop"],"relics":["Cracked Core","Potion Belt","Turnip","Toy Ornithopter","Bottled Lightning","Kunai","Astrolabe","Lantern"],"acts_visited":["Exordium","TheCity"],"potions_floor_usage":[11,11,16,18,22,23],"damage_taken":[{"damage":4,"enemies":"Jaw Worm","floor":1,"turns":4},{"damage":13,"enemies":"2 Louse","floor":2,"turns":2},{"damage":0,"enemies":"Small Slimes","floor":3,"turns":3},{"damage":13,"enemies":"3 Sentries","floor":11,"turns":5},{"damage":31,"enemies":"Gremlin Nob","floor":13,"turns":4},{"damage":1,"enemies":"Blue Slaver","floor":14,"turns":2},{"damage":8,"enemies":"Hexaghost","floor":16,"turns":9},{"damage":0,"enemies":"Chosen","floor":18,"turns":4},{"damage":0,"enemies":"Spheric Guardian","floor":21,"turns":3},{"damage":0,"enemies":"Shelled Parasite and Fungi","floor":22,"turns":1},{"damage":48,"enemies":"Book of Stabbing","floor":23,"turns":4},{"damage":31,"enemies":"Snecko","floor":24,"turns":3}],"seed_played":"-8278586949147776427","potions_obtained":[{"floor":3,"key":"Energy Potion"},{"floor":14,"key":"Block Potion"},{"floor":16,"key":"LiquidBronze"},{"floor":21,"key":"SmokeBomb"},{"floor":23,"key":"BlessingOfTheForge"}],"is_trial":false,"path_per_floor":["M","M","M","?","?","R","?","R","T","$","E","R","E","M","R","B",null,"M","?","?","M","M","E","M"],"character_chosen":"DEFECT","items_purchased":["Dexterity Potion","Strength Potion","Toy Ornithopter"],"campfire_rested":1,"item_purchase_floors":[10,10,10],"current_hp_per_floor":[60,47,47,36,36,36,25,46,46,46,43,43,12,11,11,8,55,60,60,60,60,65,22,0,0],"gold":280,"neow_bonus":"ONE_RANDOM_RARE_CARD","is_daily":false,"chose_seed":false,"campfire_upgraded":3,"win_rate":0.0,"timestamp":1613156682,"path_taken":["M","M","M","?","?","R","?","R","T","$","E","R","E","M","R","BOSS","M","?","?","M","M","E","M"],"items_purchased_type":["Potion","Potion","Relic"],"build_version":"2020-12-22","purchased_purges":1,"victory":false,"max_hp_per_floor":[71,71,71,71,71,71,71,71,71,71,71,71,71,71,71,71,71,71,71,71,71,71,71,71,71],"relic_stats":{"counters":[12,44],"Astrolabe":["Doom and Gloom","Sunder","Defragment"],"Turnip":[5],"Kunai":[2],"obtain_stats":[{"Potion Belt":4,"Lantern":23,"Astrolabe":17,"Turnip":9,"Bottled Lightning":11,"Kunai":13,"Cracked Core":0,"Toy Ornithopter":10},{"Potion Belt":3,"Lantern":11,"Astrolabe":7,"Turnip":3,"Bottled Lightning":4,"Kunai":5,"Cracked Core":0,"Toy Ornithopter":3},{"Potion Belt":9,"Lantern":41,"Astrolabe":29,"Turnip":9,"Bottled Lightning":14,"Kunai":18,"Cracked Core":0,"Toy Ornithopter":9}],"Toy Ornithopter":30},"card_choices":[{"not_picked":["Hologram","Gash"],"picked":"Coolheaded","floor":1},{"not_picked":["Turbo","Coolheaded"],"picked":"Barrage","floor":2},{"not_picked":["Force Field","Hello World"],"picked":"Compile Driver","floor":3},{"not_picked":["Conserve Battery","Undo"],"picked":"Fission","floor":11},{"not_picked":["Consume","Reprogram"],"picked":"Cold Snap","floor":13},{"not_picked":["Skim","Double Energy"],"picked":"Capacitor","floor":14},{"not_picked":["Hyperbeam","Multi-Cast"],"picked":"Creative AI","floor":16},{"not_picked":["Leap","Hello World+1"],"picked":"Turbo","floor":18},{"not_picked":["Sweeping Beam","Conserve Battery"],"picked":"Beam Cell+1","floor":21},{"not_picked":["Genetic Algorithm","Blizzard"],"picked":"Loop","floor":23}],"player_experience":849253,"relics_obtained":[{"floor":9,"key":"Turnip"},{"floor":11,"key":"Bottled Lightning"},{"floor":13,"key":"Kunai"},{"floor":23,"key":"Lantern"}],"event_choices":[{"damage_healed":0,"gold_gain":0,"player_choice":"Success","damage_taken":11,"relics_obtained":["Potion Belt"],"max_hp_gain":0,"max_hp_loss":0,"event_name":"Scrap Ooze","floor":4,"gold_loss":0},{"damage_healed":0,"gold_gain":150,"player_choice":"AGREE","damage_taken":0,"max_hp_gain":0,"max_hp_loss":0,"event_name":"Liars Game","floor":5,"gold_loss":0,"cards_obtained":["Doubt"]},{"damage_healed":0,"gold_gain":75,"player_choice":"Gather Gold","damage_taken":11,"max_hp_gain":0,"max_hp_loss":0,"event_name":"World of Goop","floor":7,"gold_loss":0},{"damage_healed":0,"gold_gain":50,"player_choice":"Stole From Cult","damage_taken":0,"max_hp_gain":0,"max_hp_loss":0,"event_name":"Nest","floor":19,"gold_loss":0},{"damage_healed":0,"gold_gain":0,"player_choice":"Read","damage_taken":0,"max_hp_gain":0,"max_hp_loss":0,"event_name":"The Library","floor":20,"gold_loss":0,"cards_obtained":["Genetic Algorithm"]}],"is_beta":false,"boss_relics":[{"not_picked":["Black Star","SacredBark"],"picked":"Astrolabe"}],"items_purged_floors":[10],"is_endless":false,"potions_floor_spawned":[3,14,16,21,23],"killed_by":"Snecko","ascension_level":20}}