{"host":"qj2ynjh122p6ybyd","time":1613138723,"event":{"mods":["AchievementEnabler","Aspiration","BaseMod","Better Match","Better Note","Highlight Path","Infinite Spire","Minty Spire (QoL Compilation)","Quick Restart","Relic Stats","Reliquary","Replay The Spire","StSLib","SuperFastMode","The Blackbeard","The Gatherer"],"gold_per_floor":[113,288,300,225,305,332,349,349,349,375,85,85,99,99,99],"floor_reached":14,"language":"RUS","playtime":362,"items_purged":["Doubt"],"score":157,"play_id":"34f8a0a9-0131-44bb-8872-259f2da0224f","local_time":"20210212160523","is_ascension_mode":true,"campfire_choices":[{"floor":8,"key":"REST"},{"data":"ReplayUltimateDefense","floor":12,"key":"SMITH"}],"circlet_count":0,"master_deck":["AscendersBane","Strike_B","Strike_B","Strike_B","Strike_B","Defend_B","Defend_B","Defend_B","Defend_B","Zap","Dualcast","Chaos","Cold Snap","Ball Lightning+1","Pot Of Greed","Pot Of Greed","Evolve","Static Discharge","ReplayUltimateDefense+1","Evolve+1"],"relics":["Cracked Core","aspiration:Nostalgia","Iron Core","Grinning Jar","infinitespire:FocusingShard","MealTicket"],"acts_visited":["Exordium"],"potions_floor_usage":[6,14],"damage_taken":[{"damage":5,"enemies":"Cultist","floor":1,"turns":4},{"damage":9,"enemies":"Jaw Worm","floor":3,"turns":4},{"damage":26,"enemies":"Lagavulin","floor":6,"turns":5},{"damage":3,"enemies":"Small Slimes","floor":7,"turns":3},{"damage":22,"enemies":"Gremlin Nob","floor":10,"turns":4},{"damage":7,"enemies":"Looter","floor":13,"turns":3},{"damage":33,"enemies":"Lagavulin","floor":14,"turns":3}],"seed_played":"-3795696065929671180","potions_obtained":[{"floor":1,"key":"Languid Potion"},{"floor":3,"key":"AttackPotion"},{"floor":10,"key":"Adrenaline Potion"}],"is_trial":false,"path_per_floor":["M","?","M","?","?","E","M","R","T","E","$","R","M","E"],"character_chosen":"DEFECT","items_purchased":["ReplayUltimateDefense","Evolve+1"],"campfire_rested":1,"item_purchase_floors":[11,11],"current_hp_per_floor":[63,63,54,54,54,28,25,47,47,25,40,40,33,0,0],"gold":99,"neow_bonus":"NOSTALGIA","is_daily":false,"chose_seed":false,"campfire_upgraded":1,"win_rate":0.0,"timestamp":1613138723,"path_taken":["M","?","M","?","?","E","M","R","T","E","$","R","M","E"],"items_purchased_type":["Card","Card"],"build_version":"2020-12-22","purchased_purges":1,"victory":false,"max_hp_per_floor":[75,75,75,75,75,75,75,75,75,75,75,75,75,75,75],"relic_stats":{"counters":[7,26],"MealTicket":15,"obtain_stats":[{"Iron Core":0,"aspiration:Nostalgia":0,"MealTicket":10,"infinitespire:FocusingShard":9,"Grinning Jar":6,"Cracked Core":0},{"Iron Core":0,"aspiration:Nostalgia":0,"MealTicket":5,"infinitespire:FocusingShard":4,"Grinning Jar":3,"Cracked Core":0},{"Iron Core":0,"aspiration:Nostalgia":0,"MealTicket":20,"infinitespire:FocusingShard":16,"Grinning Jar":13,"Cracked Core":0}]},"card_choices":[{"not_picked":["Steam","Redo"],"picked":"Chaos","floor":1},{"not_picked":["Whirlwind","Redo"],"picked":"Cold Snap","floor":3},{"not_picked":["Panic Button+1","Compile Driver+1"],"picked":"Ball Lightning+1","floor":4},{"not_picked":["ReplayGash","Anger"],"picked":"Evolve","floor":6},{"not_picked":["Turbo","Lockon"],"picked":"Static Discharge","floor":7},{"not_picked":["ReplayTheSpireMod:GoodbyeWorld","Whirlwind","Sweeping Beam"],"picked":"SKIP","floor":10},{"not_picked":["Steam Power","Gash","Auto Shields"],"picked":"SKIP","floor":13}],"player_experience":374219,"relics_obtained":[{"floor":6,"key":"Grinning Jar"},{"floor":9,"key":"infinitespire:FocusingShard"},{"floor":10,"key":"MealTicket"}],"event_choices":[{"damage_healed":0,"gold_gain":175,"player_choice":"AGREE","damage_taken":0,"max_hp_gain":0,"max_hp_loss":0,"event_name":"Liars Game","floor":2,"gold_loss":0,"cards_obtained":["Doubt"]},{"damage_healed":0,"gold_gain":0,"player_choice":"2","damage_taken":0,"max_hp_gain":0,"max_hp_loss":0,"event_name":"betterMatch:BetterMatch","floor":4,"gold_loss":0,"cards_obtained":["betterMatch:CommonCard"]},{"damage_healed":0,"gold_gain":80,"player_choice":"Gained Gold","damage_taken":0,"max_hp_gain":0,"max_hp_loss":0,"event_name":"Golden Wing","floor":5,"gold_loss":0}],"is_beta":false,"boss_relics":[],"items_purged_floors":[11],"is_endless":false,"potions_floor_spawned":[1,3,10],"killed_by":"Lagavulin","ascension_level":12}}