{"host":"msmkw03x1o7nq45i","time":1613128956,"event":{"mods":["AchievementEnabler","BaseMod","Bestiary","Colored Powertips","GifTheSpireLib","Highlight Path","Minty Spire (QoL Compilation)","Random Character Button","Relic Stats","StSLib","everything is the same but u backflip on backflip"],"gold_per_floor":[111,22,22,41,191,191,216,216,216,25,59,70,81,100,100,173,173,185,185,204,204,204],"floor_reached":21,"language":"ENG","playtime":1112,"items_purged":["Doubt"],"score":428,"play_id":"de28afab-4308-4fb7-bd39-4f7e95a4d627","local_time":"20210212132236","is_ascension_mode":true,"campfire_choices":[{"data":"All Out Attack","floor":6,"key":"SMITH"},{"data":"Poisoned Stab","floor":8,"key":"SMITH"},{"data":"Blade Dance","floor":15,"key":"SMITH"}],"circlet_count":0,"master_deck":["AscendersBane","Strike_G","Strike_G","Strike_G","Defend_G","Defend_G","Defend_G","Defend_G","Survivor","Neutralize","All Out Attack+1","Dramatic Entrance","Clumsy","Poisoned Stab+1","Blade Dance+1","Finisher","Quick Slash","Phantasmal Killer","Acrobatics+1","Backstab+1","Outmaneuver+1"],"relics":["Ring of the Snake","NeowsBlessing","Darkstone Periapt","The Courier","Orichalcum","Calipers","Astrolabe"],"acts_visited":["TheCity"],"potions_floor_usage":[16,16],"damage_taken":[{"damage":0,"enemies":"Jaw Worm","floor":1,"turns":1},{"damage":0,"enemies":"Cultist","floor":4,"turns":1},{"damage":0,"enemies":"Lagavulin","floor":7,"turns":1},{"damage":20,"enemies":"Gremlin Nob","floor":11,"turns":4},{"damage":4,"enemies":"Small Slimes","floor":12,"turns":2},{"damage":0,"enemies":"Gremlin Gang","floor":13,"turns":1},{"damage":0,"enemies":"2 Fungi Beasts","floor":14,"turns":2},{"damage":24,"enemies":"Slime Boss","floor":16,"turns":10},{"damage":0,"enemies":"Spheric Guardian","floor":18,"turns":3},{"damage":12,"enemies":"Chosen","floor":20,"turns":4},{"damage":31,"enemies":"Snake Plant","floor":21,"turns":4}],"seed_played":"8695378532688471120","potions_obtained":[{"floor":1,"key":"SmokeBomb"},{"floor":7,"key":"Ancient Potion"},{"floor":14,"key":"DuplicationPotion"},{"floor":20,"key":"Ancient Potion"}],"is_trial":false,"path_per_floor":["M","$","?","M","?","R","E","R","T","$","E","M","M","M","R","B",null,"M","?","M","M"],"character_chosen":"THE_SILENT","items_purchased":["Dramatic Entrance","Orichalcum"],"campfire_rested":0,"item_purchase_floors":[2,10],"current_hp_per_floor":[59,59,59,59,59,59,59,59,59,59,39,35,35,35,35,11,52,52,43,31,0,0],"gold":204,"neow_bonus":"THREE_ENEMY_KILL","is_daily":false,"chose_seed":false,"campfire_upgraded":3,"win_rate":0.0,"timestamp":1613128956,"path_taken":["M","$","?","?","?","R","E","R","T","$","E","M","M","M","R","BOSS","M","?","?","?"],"items_purchased_type":["Card","Relic"],"build_version":"2020-12-22","purchased_purges":1,"victory":false,"max_hp_per_floor":[66,66,66,66,66,66,66,66,66,66,66,66,66,66,66,66,66,66,66,66,66,66],"relic_stats":{"Darkstone Periapt":0,"counters":[11,33],"Astrolabe":["Acrobatics","Backstab","Outmaneuver"],"Orichalcum":[126],"obtain_stats":[{"Darkstone Periapt":7,"Calipers":11,"NeowsBlessing":0,"Astrolabe":17,"The Courier":9,"Orichalcum":10,"Ring of the Snake":0},{"Darkstone Periapt":3,"Calipers":4,"NeowsBlessing":0,"Astrolabe":8,"The Courier":3,"Orichalcum":3,"Ring of the Snake":0},{"Darkstone Periapt":3,"Calipers":7,"NeowsBlessing":0,"Astrolabe":22,"The Courier":3,"Orichalcum":3,"Ring of the Snake":0}],"Ring of the Snake":[22]},"card_choices":[{"not_picked":["Deflect","Slice"],"picked":"All Out Attack","floor":1},{"not_picked":["Accuracy","Calculated Gamble","Heel Hook"],"picked":"SKIP","floor":4},{"not_picked":["Acrobatics","Tactician"],"picked":"Poisoned Stab","floor":7},{"not_picked":["Outmaneuver","Dodge and Roll"],"picked":"Blade Dance","floor":11},{"not_picked":["Blur","Predator"],"picked":"Finisher","floor":12},{"not_picked":["Dagger Spray","Concentrate","Choke"],"picked":"SKIP","floor":13},{"not_picked":["Well Laid Plans","Outmaneuver"],"picked":"Quick Slash","floor":14},{"not_picked":["Bullet Time","Unload"],"picked":"Phantasmal Killer","floor":16},{"not_picked":["Caltrops+1","Escape Plan","Outmaneuver"],"picked":"SKIP","floor":18},{"not_picked":["Dagger Spray","Heel Hook","Outmaneuver"],"picked":"SKIP","floor":20}],"player_experience":532965,"relics_obtained":[{"floor":7,"key":"Darkstone Periapt"},{"floor":9,"key":"The Courier"},{"floor":11,"key":"Calipers"}],"event_choices":[{"damage_healed":0,"gold_gain":0,"player_choice":"1 cards matched","damage_taken":0,"max_hp_gain":0,"max_hp_loss":0,"event_name":"Match and Keep!","floor":3,"gold_loss":0,"cards_obtained":["Clumsy"]},{"damage_healed":0,"gold_gain":150,"player_choice":"AGREE","damage_taken":0,"max_hp_gain":0,"max_hp_loss":0,"event_name":"Liars Game","floor":5,"gold_loss":0,"cards_obtained":["Doubt"]},{"damage_healed":0,"gold_gain":0,"player_choice":"Damaged","damage_taken":9,"max_hp_gain":0,"max_hp_loss":0,"event_name":"Wheel of Change","floor":19,"gold_loss":0}],"is_beta":false,"boss_relics":[{"not_picked":["Tiny House","Philosopher\u0027s Stone"],"picked":"Astrolabe"}],"items_purged_floors":[10],"is_endless":false,"potions_floor_spawned":[1,7,14,20],"killed_by":"Snake Plant","ascension_level":20}}