{"host":"x7u3amoxy3d4heu5","time":1613168480,"event":{"mods":["BaseMod","Colored Map","DeckTracker","Hermit","Hubris","Infinite Spire","Marisa????????","Minty Spire (QoL Compilation)","Quick Restart","Replay The Spire","StSLib","The Cursed","The IronCluck","The Jungle","The Servant 0.9.4","The Wild Card","Unceasing Turn Reminder","slay the spire mod where everything is the same but ironclad has a cowboy hat"],"gold_per_floor":[110,128,128,128,68,68,79,104,104,178,212,182,66,76,76,177,177,195,195,195,209,209,209,243,243,243,257,286,298,298,298,298,399,399,410,410,474,132,154,154,186,186,266,182,0,42,67,67,67,72,72,72,22,53,58],"floor_reached":56,"language":"ENG","playtime":3468,"items_purged":[],"score":1770,"play_id":"39b1e0e1-15ef-43bd-a197-b282011df7bd","local_time":"20210212152120","is_ascension_mode":true,"campfire_choices":[{"data":"Panacea","floor":6,"key":"SMITH"},{"floor":15,"key":"REST"},{"data":"hermit:TakeCover","floor":23,"key":"SMITH"},{"data":"hermit:Dissolve","floor":25,"key":"SMITH"},{"data":"hermit:OverwhelmingPower","floor":30,"key":"SMITH"},{"data":"hermit:Roughhouse","floor":32,"key":"SMITH"},{"data":"hermit:Glare","floor":40,"key":"SMITH"},{"data":"hermit:FlashPowder","floor":42,"key":"SMITH"},{"floor":49,"key":"RECALL"},{"data":"hermit:Snipe","floor":52,"key":"SMITH"}],"circlet_count":0,"master_deck":["hermit:Strike_Hermit","hermit:Strike_Hermit","hermit:Strike_Hermit","hermit:Strike_Hermit","hermit:Defend_Hermit+1","hermit:Defend_Hermit","hermit:Defend_Hermit","hermit:Defend_Hermit","hermit:Snapshot+1","hermit:Covet","Panacea+1","hermit:Snipe+1","hermit:ShadowCloak","hermit:Determination+1","hermit:Dissolve+1","hermit:Grudge+1","hermit:Headshot","hermit:BodyArmor","hermit:BodyArmor","hermit:Grudge+1","hermit:TakeCover+1","hermit:OverwhelmingPower+1","hermit:Quickdraw+1","hermit:Spite+1","hermit:Grudge+1","hermit:Glare+1","hermit:Roughhouse+1","hermit:Scavenge","Shame","hermit:Gambit","hermit:Malice+1","Wraith","hermit:HoleUp","hermit:Grudge+1","hermit:HoleUp","Good Instincts","hermit:FlashPowder+1","hermit:Dive+1","hermit:LowProfile","hermit:HighCaliber+1","Replay:Fractal Strike+1","hermit:Gestalt+1"],"relics":["hermit:Momento","Replay:Bottled Snecko","infinitespire:FocusingShard","Replay:Bottled Eggs","Matryoshka","Ornamental Fan","ChewingGum","hubris:BottledHeart","hubris:Icosahedron","Ancient Tea Set","Mirror","Regal Pillow","Happy Flower","infinitespire:CheckeredPen","Garlic","hermit:RyeStalk","hermit:BartenderGlass","Boot","Pet Ghost","hubris:Potato","Red Mask","Molten Egg 2","Potion Belt","Eternal Feather","Gremlin Food"],"acts_visited":["Exordium","TheCity","TheBeyond","TheEnding"],"potions_floor_usage":[11,24,24,33,33,50,50,54,54,55,55,55,55,55,55],"damage_taken":[{"damage":8,"enemies":"Small Slimes","floor":1,"turns":4},{"damage":2,"enemies":"Jaw Worm","floor":2,"turns":3},{"damage":16,"enemies":"Cultist","floor":7,"turns":4},{"damage":16,"enemies":"Gremlin Nob","floor":8,"turns":4},{"damage":13,"enemies":"3 Sentries","floor":11,"turns":6},{"damage":0,"enemies":"2 Fungi Beasts","floor":14,"turns":4},{"damage":19,"enemies":"Hexaghost","floor":16,"turns":12},{"damage":35,"enemies":"3 Byrds","floor":18,"turns":8},{"damage":0,"enemies":"Shell Parasite","floor":21,"turns":5},{"damage":0,"enemies":"Gremlin Leader","floor":24,"turns":7},{"damage":0,"enemies":"Snake Plant","floor":27,"turns":4},{"damage":0,"enemies":"Slavers","floor":28,"turns":5},{"damage":0,"enemies":"Snecko","floor":29,"turns":5},{"damage":0,"enemies":"hubris:MusketHawk","floor":33,"turns":8},{"damage":0,"enemies":"3 Darklings","floor":35,"turns":3},{"damage":0,"enemies":"3 Shapes","floor":39,"turns":4},{"damage":0,"enemies":"R_Hoarder","floor":41,"turns":10},{"damage":0,"enemies":"Giant Head","floor":46,"turns":9},{"damage":0,"enemies":"Awakened One","floor":50,"turns":12},{"damage":0,"enemies":"Shield and Spear","floor":54,"turns":8},{"damage":0,"enemies":"The Heart","floor":55,"turns":7}],"seed_played":"7604727946099125435","potions_obtained":[{"floor":2,"key":"SpeedPotion"},{"floor":8,"key":"Energy Potion"},{"floor":12,"key":"Flashbang"},{"floor":12,"key":"Fire Potion"},{"floor":24,"key":"Weak Potion"},{"floor":28,"key":"SkillPotion"},{"floor":37,"key":"ColorlessPotion"},{"floor":37,"key":"FearPotion"},{"floor":54,"key":"AttackPotion"}],"is_trial":false,"path_per_floor":["M","M","?","?","$","R","M","E","T","T","E","?","$","M","R","B",null,"M","?","?","M","T","R","E","R","T","M","E","M","R","?","R","B",null,"M","?","?","$","M","R","E","R","T","$","?","E","T","AVR","R_BF","B",null,"R","$","E","B",null],"character_chosen":"HERMIT","items_purchased":["hermit:Determination+1","hermit:BodyArmor","hermit:Grudge","hermit:Grudge","hermit:HoleUp","Good Instincts","Pet Ghost","hermit:Dive+1","hermit:LowProfile","PowerPotion"],"campfire_rested":1,"item_purchase_floors":[5,13,13,38,38,38,38,44,44,53],"current_hp_per_floor":[67,65,50,50,50,50,34,18,18,18,5,5,5,5,27,8,75,40,1,1,1,1,1,1,1,1,1,1,1,1,1,1,1,1,1,1,1,1,1,1,1,1,1,1,1,1,1,1,1,1,1,1,1,1,1],"gold":58,"neow_bonus":"RANDOM_COLORLESS","is_daily":false,"chose_seed":false,"campfire_upgraded":8,"win_rate":0.0,"timestamp":1613168480,"path_taken":["M","M","?","?","?","R","M","E","T","?","E","?","$","M","R","BOSS","M","?","?","M","?","R","E","R","T","?","E","M","R","?","R","BOSS","M","?","?","$","?","R","E","R","T","?","?","E","?","AVR","R_BF","BOSS","R","$","E","BOSS"],"items_purchased_type":["Card","Card","Card","Card","Card","Card","Relic","Card","Card","Potion"],"build_version":"2020-12-22","purchased_purges":0,"victory":true,"max_hp_per_floor":[75,75,75,75,75,75,75,75,75,75,75,75,75,75,75,75,75,75,1,1,1,1,1,1,1,1,1,1,1,1,1,1,1,1,1,1,1,1,1,1,1,1,1,1,1,1,1,1,1,1,1,1,1,1,1],"card_choices":[{"not_picked":["Jack Of All Trades","Forethought"],"picked":"Panacea","floor":0},{"not_picked":["hermit:TakeAim","hermit:Glare"],"picked":"hermit:Snipe","floor":1},{"not_picked":["hermit:LuckOfTheDraw","hermit:Vantage"],"picked":"hermit:ShadowCloak","floor":2},{"not_picked":["hermit:HoleUp","hermit:TrackingShot"],"picked":"hermit:Dissolve","floor":7},{"not_picked":["hermit:Vantage","hermit:Dissolve"],"picked":"hermit:Grudge","floor":8},{"not_picked":["hermit:Desperado","hermit:RoundhouseKick"],"picked":"hermit:Headshot","floor":11},{"not_picked":["hermit:HoleUp","hermit:Dive"],"picked":"hermit:TakeCover","floor":14},{"not_picked":["hermit:RoundhouseKick","hermit:Dissolve"],"picked":"hermit:OverwhelmingPower","floor":16},{"not_picked":["hermit:Deadeye+1","hermit:Dive"],"picked":"hermit:Quickdraw+1","floor":18},{"not_picked":["hermit:TrackingShot","hermit:Brawl+1"],"picked":"hermit:Spite+1","floor":21},{"not_picked":["hermit:TrackingShot","hermit:Feint"],"picked":"hermit:Grudge","floor":24},{"not_picked":["hermit:Coalescence","hermit:TrackingShot"],"picked":"hermit:Glare","floor":27},{"not_picked":["hermit:EyeOfTheStorm","hermit:WideOpen+1"],"picked":"hermit:Roughhouse","floor":28},{"not_picked":["hermit:Coalescence","hermit:LoneWolf"],"picked":"hermit:Scavenge","floor":29},{"not_picked":["hermit:EternalForm","hermit:FinalCanter"],"picked":"hermit:Gambit","floor":33},{"not_picked":["hermit:NoHoldsBarred","hermit:Manifest"],"picked":"hermit:Malice+1","floor":35},{"not_picked":["hermit:TrackingShot+1","hermit:TakeCover"],"picked":"hermit:HoleUp","floor":37},{"not_picked":["hermit:GhostlyPresence+1","hermit:Coalescence+1"],"picked":"hermit:FlashPowder","floor":39},{"not_picked":["hermit:Gambit","hermit:Maintenance+1","hermit:ItchyTrigger"],"picked":"SKIP","floor":41},{"not_picked":["hermit:Virtue+1","hermit:Magnum+1"],"picked":"hermit:HighCaliber+1","floor":46},{"not_picked":["hermit:Vantage","hermit:CalledShot+1"],"picked":"hermit:Gestalt+1","floor":54}],"player_experience":609178,"relics_obtained":[{"floor":4,"key":"Replay:Bottled Snecko"},{"floor":8,"key":"infinitespire:FocusingShard"},{"floor":9,"key":"Replay:Bottled Eggs"},{"floor":10,"key":"Matryoshka"},{"floor":11,"key":"Ornamental Fan"},{"floor":22,"key":"Ancient Tea Set"},{"floor":22,"key":"Mirror"},{"floor":24,"key":"Regal Pillow"},{"floor":26,"key":"Happy Flower"},{"floor":26,"key":"infinitespire:CheckeredPen"},{"floor":28,"key":"Garlic"},{"floor":37,"key":"Boot"},{"floor":41,"key":"hubris:Potato"},{"floor":46,"key":"Molten Egg 2"},{"floor":47,"key":"Potion Belt"},{"floor":54,"key":"Gremlin Food"}],"event_choices":[{"damage_healed":0,"gold_gain":0,"player_choice":"Entered Light","damage_taken":15,"max_hp_gain":0,"max_hp_loss":0,"event_name":"Shining Light","floor":3,"gold_loss":0,"cards_upgraded":["hermit:Snapshot","hermit:Defend_Hermit"]},{"damage_healed":0,"gold_gain":0,"player_choice":"Bought 2 Potions","damage_taken":0,"max_hp_gain":0,"max_hp_loss":0,"event_name":"The Woman in Blue","floor":12,"gold_loss":0},{"damage_healed":0,"gold_gain":0,"player_choice":"Stole Relic","damage_taken":0,"relics_obtained":["hermit:RyeStalk"],"max_hp_gain":0,"max_hp_loss":0,"event_name":"Addict","floor":31,"gold_loss":0,"cards_obtained":["Shame"]},{"damage_healed":0,"gold_gain":0,"player_choice":"Ignored","damage_taken":0,"max_hp_gain":0,"max_hp_loss":0,"event_name":"OrinTheCat","floor":36,"gold_loss":0},{"damage_healed":0,"gold_gain":0,"player_choice":"Paid","damage_taken":0,"relics_obtained":["Red Mask"],"max_hp_gain":0,"max_hp_loss":0,"event_name":"Tomb of Lord Red Mask","floor":45,"gold_loss":182}],"is_beta":false,"boss_relics":[{"not_picked":["Pandora\u0027s Box","hubris:RunicObelisk"],"picked":"ChewingGum"},{"not_picked":["Replay:Ancient Bell","Abe\u0027s Treasure"],"picked":"hermit:BartenderGlass"}],"items_purged_floors":[],"is_endless":false,"potions_floor_spawned":[2,8,18,24,28,39,54],"ascension_level":2}}