{"host":"v543qxxvvceaeui9","time":1613111260,"event":{"mods":["BaseMod","BetterRewards","Downfall","Hermit","Hubris","Infinite Spire","Marisa????????","Minty Spire (QoL Compilation)","Quick Restart","Replay The Spire","StSLib"],"gold_per_floor":[99,134,162,162,162,17,68,95,40,40,40,92,126,126,153,270,270,270,301,337,354,384,429,477,477,485,485,485],"floor_reached":26,"language":"ENG","playtime":1601,"items_purged":["Replay:Hysterical Blindness"],"score":310,"play_id":"ffcab7e0-7a40-4808-b681-543fc5571525","local_time":"20210212012740","is_ascension_mode":false,"campfire_choices":[{"data":"Guardian:Strike_Guardian","floor":1,"key":"PURGE"},{"data":"Guardian:Repulse","floor":10,"key":"SMITH"},{"data":"Guardian:CurlUp","floor":18,"key":"SMITH"}],"circlet_count":0,"master_deck":["Guardian:Strike_Guardian","Guardian:Strike_Guardian","Guardian:Strike_Guardian","Guardian:Defend_Guardian","Guardian:Defend_Guardian","Guardian:Defend_Guardian","Guardian:CurlUp+1","Guardian:TwinSlam","Guardian:Incinerate","Guardian:MultiBeam","CurseOfTheBell","CurseOfTheBell","Guardian:Repulse+1","Guardian:Gem_Crimson","Guardian:BaubleBeam","Guardian:Suspension","Guardian:Gem_Green","Guardian:CrystalBeam","Guardian:SphericShield","Injury","Clumsy","Clumsy","Guardian:ShieldCharger","Guardian:PrismaticBeam+1","Guardian:Incinerate+1","Guardian:WalkerClaw+1","Guardian:StasisStrike+1"],"relics":["Guardian:ModeShifter","Replay:Bandana","downfall:ExtraCursedBell","Bag of Marbles","Garlic","hubris:BundleOfHerbs","HornCleat","Replay:Ancient Bell","Potion Belt","Molten Egg 2","hubris:GlazedTorus","infinitespire:Beetle Shell"],"acts_visited":["Exordium","TheCity"],"potions_floor_usage":[12,16,16,16,21,23,23],"damage_taken":[{"damage":0,"enemies":"Small Slimes","floor":2,"turns":4},{"damage":2,"enemies":"2 Louse","floor":3,"turns":3},{"damage":0,"enemies":"downfall:FleeingMerchant","floor":6,"turns":4},{"damage":8,"enemies":"Jaw Worm","floor":8,"turns":3},{"damage":0,"enemies":"downfall:FleeingMerchant","floor":9,"turns":4},{"damage":10,"enemies":"3 Sentries","floor":12,"turns":5},{"damage":0,"enemies":"2 Fungi Beasts","floor":13,"turns":3},{"damage":10,"enemies":"Red Slaver","floor":15,"turns":4},{"damage":47,"enemies":"DF_ARCHETYPE_STREAMLINE","floor":16,"turns":8},{"damage":12,"enemies":"Shell Parasite","floor":19,"turns":5},{"damage":27,"enemies":"3 Byrds","floor":20,"turns":7},{"damage":16,"enemies":"Snecko","floor":21,"turns":7},{"damage":7,"enemies":"Snake Plant","floor":22,"turns":5},{"damage":0,"enemies":"3 Cultists","floor":23,"turns":3},{"damage":20,"enemies":"Shelled Parasite and Fungi","floor":26,"turns":3}],"seed_played":"-5379737408574442341","potions_obtained":[{"floor":3,"key":"AttackPotion"},{"floor":8,"key":"BlessingOfTheForge"},{"floor":13,"key":"Explosive Potion"},{"floor":15,"key":"ColorlessPotion"},{"floor":20,"key":"Elixir"},{"floor":21,"key":"Energy Potion"},{"floor":22,"key":"Adrenaline Potion"}],"is_trial":false,"path_per_floor":["R","M","M","?","?","$","T","M","$","R","?","E","M","?","M","B",null,"R","M","M","M","M","M","T","?","M"],"character_chosen":"GUARDIAN","items_purchased":["Guardian:Repulse","Guardian:Gem_Red"],"campfire_rested":0,"item_purchase_floors":[6,9],"current_hp_per_floor":[80,80,78,78,78,78,78,70,70,70,70,60,60,60,50,3,80,80,68,41,25,18,18,18,18,0,0,0],"gold":485,"neow_bonus":"RANDOM_COMMON_RELIC","is_daily":false,"chose_seed":false,"campfire_upgraded":2,"win_rate":0.0,"timestamp":1613111260,"path_taken":["R","M","M","?","?","$","T","M","?","R","?","E","?","?","M","BOSS","R","M","M","?","M","M","T","?","M"],"items_purchased_type":["Card","Card"],"build_version":"2020-12-22","purchased_purges":1,"victory":false,"max_hp_per_floor":[80,80,80,80,80,80,80,80,80,80,80,80,80,80,80,80,80,80,80,80,80,80,80,80,80,80,80,80],"card_choices":[{"not_picked":["Guardian:TemporalShield","Guardian:Suspension"],"picked":"Guardian:Incinerate","floor":2},{"not_picked":["Guardian:Emergency","Guardian:BronzeArmor"],"picked":"Guardian:Gem_Crimson","floor":3},{"not_picked":["Guardian:TemporalStrike","Guardian:BaubleBeam"],"picked":"Guardian:Gem_Crimson","floor":6},{"not_picked":["Guardian:Gem_Green","Guardian:Recover"],"picked":"Guardian:Gem_Red","floor":8},{"not_picked":["Guardian:Reroute","Guardian:Incinerate"],"picked":"Guardian:Gem_Crimson","floor":9},{"not_picked":["Guardian:Planning","Guardian:Gem_Red"],"picked":"Guardian:BaubleBeam","floor":12},{"not_picked":["Guardian:PrismaticBarrier","Guardian:ShieldSpikes"],"picked":"Guardian:Suspension","floor":13},{"not_picked":["Guardian:Gem_Cyan","Guardian:TemporalShield"],"picked":"Guardian:CrystalBeam","floor":15},{"not_picked":["Guardian:Gem_Synthetic","Guardian:HyperBeam_Guardian"],"picked":"Guardian:SphericShield","floor":16},{"not_picked":["hubris:Disease","Parasite"],"picked":"Injury","floor":17},{"not_picked":["Pain","Spreading Infection"],"picked":"Clumsy","floor":17},{"not_picked":["CommonCold","Normality"],"picked":"Clumsy","floor":17},{"not_picked":["Guardian:FastForward","Guardian:Gem_Red"],"picked":"Guardian:ShieldCharger","floor":19},{"not_picked":["Guardian:Incinerate+1","Guardian:TemporalShield"],"picked":"Guardian:PrismaticBeam+1","floor":20},{"not_picked":["Guardian:Gem_Blue","Guardian:BronzeArmor"],"picked":"Guardian:Incinerate+1","floor":21},{"not_picked":["Guardian:Suspension","Guardian:Recover"],"picked":"Guardian:WalkerClaw+1","floor":22},{"not_picked":["Guardian:SpikerProtocol","Guardian:Emergency"],"picked":"Guardian:StasisStrike+1","floor":23}],"player_experience":323229,"relics_obtained":[{"floor":5,"key":"Bag of Marbles"},{"floor":5,"key":"Garlic"},{"floor":5,"key":"hubris:BundleOfHerbs"},{"floor":12,"key":"HornCleat"},{"floor":24,"key":"infinitespire:Beetle Shell"}],"event_choices":[{"damage_healed":0,"gold_gain":0,"player_choice":"Ignored","damage_taken":0,"max_hp_gain":0,"max_hp_loss":0,"event_name":"NoteForYourself","floor":11,"gold_loss":0}],"is_beta":false,"boss_relics":[{"not_picked":["Coffee Dripper","Philosopher\u0027s Stone"],"picked":"Replay:Ancient Bell"},{"not_picked":["MawBank","Boot"],"picked":"Potion Belt"},{"not_picked":["infinitespire:ShieldingShard","Singing Bowl"],"picked":"Molten Egg 2"},{"not_picked":["hubris:AstralHammer","CaptainsWheel"],"picked":"hubris:GlazedTorus"}],"items_purged_floors":[6],"is_endless":false,"potions_floor_spawned":[3,8,13,15,20,21,22],"killed_by":"Shelled Parasite and Fungi","ascension_level":0}}