{"host":"BK","time":1613092552,"event":{"mods":["BaseMod","Highlight Path","Minty Spire (QoL Compilation)","StSLib"],"gold_per_floor":[109,121,132,150,150,150,184,184,184,184,210,54,54,54,54,128,128,142,162,177,47,60,60,60,60,60],"floor_reached":25,"language":"ENG","playtime":1121,"items_purged":[],"score":422,"play_id":"3c951431-65c7-4472-8b82-575bd10bcc3e","local_time":"20210211181552","is_ascension_mode":true,"campfire_choices":[{"floor":6.0,"key":"REST"},{"floor":8.0,"key":"REST"},{"floor":13.0,"key":"REST"},{"data":"Disarm","floor":15.0,"key":"SMITH"},{"floor":23.0,"key":"REST"}],"circlet_count":0,"master_deck":["AscendersBane","Strike_R","Strike_R","Defend_R","Defend_R","Defend_R","Defend_R","Bash","Demon Form+1","Limit Break+1","Shockwave+1","Pommel Strike","Shrug It Off+1","Anger","Whirlwind","Flame Barrier","Disarm+1","Flame Barrier","Feed","Heavy Blade"],"relics":["Astrolabe","Matryoshka","The Courier","Medical Kit","Philosopher\u0027s Stone"],"acts_visited":["Exordium","TheCity"],"potions_floor_usage":[25],"damage_taken":[{"damage":4.0,"enemies":"Cultist","floor":1.0,"turns":4.0},{"damage":17.0,"enemies":"2 Louse","floor":2.0,"turns":4.0},{"damage":16.0,"enemies":"Jaw Worm","floor":3.0,"turns":5.0},{"damage":14.0,"enemies":"Lots of Slimes","floor":4.0,"turns":6.0},{"damage":32.0,"enemies":"Gremlin Nob","floor":7.0,"turns":4.0},{"damage":35.0,"enemies":"3 Sentries","floor":11.0,"turns":10.0},{"damage":8.0,"enemies":"Hexaghost","floor":16.0,"turns":7.0},{"damage":10.0,"enemies":"Chosen","floor":18.0,"turns":5.0},{"damage":12.0,"enemies":"3 Byrds","floor":19.0,"turns":3.0},{"damage":18.0,"enemies":"Snake Plant","floor":20.0,"turns":5.0},{"damage":14.0,"enemies":"Shelled Parasite and Fungi","floor":22.0,"turns":8.0},{"damage":37,"enemies":"Slavers","floor":25,"turns":2}],"seed_played":"-1548509524034824035","potions_obtained":[{"floor":2.0,"key":"FairyPotion"},{"floor":7.0,"key":"EntropicBrew"},{"floor":11.0,"key":"Dexterity Potion"},{"floor":22.0,"key":"DistilledChaos"}],"is_trial":false,"path_per_floor":["M","M","M","M","?","R","E","R","T","?","E","$","R","$","R","B",null,"M","M","M","$","M","R","?","E"],"character_chosen":"IRONCLAD","items_purchased":["Medical Kit","Disarm","Feed"],"campfire_rested":4,"item_purchase_floors":[12,12,21],"current_hp_per_floor":[64,47,31,17,17,39,7,29,29,29,17,17,39,39,39,31,64,54,42,24,24,13,36,36,0,0],"gold":60,"neow_bonus":"BOSS_RELIC","is_daily":false,"chose_seed":false,"campfire_upgraded":1,"win_rate":0.0,"timestamp":1613092552,"path_taken":["M","?","M","M","?","R","E","R","T","?","E","$","R","$","R","BOSS","M","M","M","$","?","R","?","E"],"items_purchased_type":["Relic","Card","Card"],"build_version":"2020-12-18","purchased_purges":0,"victory":false,"max_hp_per_floor":[75,75,75,75,75,75,75,75,75,75,75,75,75,75,75,75,75,75,75,75,75,78,78,78,78,78],"card_choices":[{"not_picked":["Body Slam","True Grit"],"picked":"Pommel Strike","floor":1.0},{"not_picked":["Pommel Strike","Uppercut"],"picked":"Shrug It Off","floor":2.0},{"not_picked":["Thunderclap","Havoc"],"picked":"Anger","floor":3.0},{"not_picked":["Twin Strike","Limit Break","Sword Boomerang"],"picked":"SKIP","floor":4.0},{"not_picked":["True Grit","Disarm"],"picked":"Whirlwind","floor":7.0},{"not_picked":["Feel No Pain","Cleave"],"picked":"Flame Barrier","floor":11.0},{"not_picked":["Headbutt","Warcry","Perfected Strike"],"picked":"SKIP","floor":18.0},{"not_picked":["Fire Breathing","Body Slam","Anger"],"picked":"SKIP","floor":19.0},{"not_picked":["Wild Strike","Rupture"],"picked":"Flame Barrier","floor":20.0},{"not_picked":["Body Slam","Carnage","Pummel"],"picked":"SKIP","floor":22.0}],"player_experience":2561099,"relics_obtained":[{"floor":9.0,"key":"Matryoshka"},{"floor":11.0,"key":"The Courier"}],"event_choices":[{"damage_healed":0.0,"max_hp_gain":0.0,"max_hp_loss":0.0,"gold_gain":0.0,"event_name":"Living Wall","player_choice":"Grow","floor":5.0,"gold_loss":0.0,"damage_taken":0.0,"cards_upgraded":["Shrug It Off"]},{"damage_healed":0.0,"max_hp_gain":0.0,"max_hp_loss":0.0,"gold_gain":0.0,"event_name":"Match and Keep!","player_choice":"0 cards matched","floor":10.0,"gold_loss":0.0,"damage_taken":0.0,"cards_obtained":[]},{"damage_healed":0.0,"max_hp_gain":0.0,"max_hp_loss":0.0,"gold_gain":0.0,"event_name":"The Library","player_choice":"Read","floor":24.0,"gold_loss":0.0,"damage_taken":0.0,"cards_obtained":["Heavy Blade"]}],"is_beta":true,"boss_relics":[{"not_picked":["Pandora\u0027s Box","Empty Cage"],"picked":"Philosopher\u0027s Stone"}],"items_purged_floors":[],"is_endless":false,"potions_floor_spawned":[2,7,11,18,20,22],"killed_by":"Slavers","ascension_level":20}}