{"host":"uv5ws9rdk87e8i5k","time":1613159260,"event":{"mods":["AchievementEnabler","BaseMod","Colored Map","Minty Spire (QoL Compilation)","Permanent Neow","Quick Restart","StSLib","SuperFastMode","The Necromancer"],"gold_per_floor":[119,130,141,157,172,203,223,254,326,326,59,90,90,120,120,215,215,225,215,130,30,30,62,62,94,117,117,136,147,147,147],"floor_reached":30,"language":"ENG","playtime":860,"items_purged":["Strike_R","Strike_R"],"score":480,"play_id":"cbb9dbc4-3b5f-48dd-86c2-be5912f87e43","local_time":"20210212134740","is_ascension_mode":true,"campfire_choices":[{"data":"Demon Form","floor":10.0,"key":"SMITH"},{"floor":13.0,"key":"REST"},{"data":"Seeing Red","floor":15.0,"key":"SMITH"},{"floor":27,"key":"REST"}],"circlet_count":0,"master_deck":["AscendersBane","Strike_R","Strike_R","Strike_R","Defend_R","Defend_R","Defend_R","Defend_R","Bash","Demon Form+1","Iron Wave","Flame Barrier","Uppercut","Seeing Red+1","Havoc","Battle Trance","Exhume+1","Reaper","Armaments+1","Reaper"],"relics":["Burning Blood","Mercury Hourglass","Strawberry","Singing Bowl","Bronze Scales","Toxic Egg 2","StoneCalendar","Runic Pyramid","Ancient Tea Set","Regal Pillow","White Beast Statue","Nunchaku"],"acts_visited":["Exordium","TheCity"],"potions_floor_usage":[25,29,30],"damage_taken":[{"damage":9.0,"enemies":"Jaw Worm","floor":1.0,"turns":5.0},{"damage":4.0,"enemies":"Small Slimes","floor":2.0,"turns":4.0},{"damage":11.0,"enemies":"Cultist","floor":3.0,"turns":4.0},{"damage":14.0,"enemies":"Blue Slaver","floor":4.0,"turns":5.0},{"damage":9.0,"enemies":"Exordium Thugs","floor":5.0,"turns":6.0},{"damage":23.0,"enemies":"3 Sentries","floor":6.0,"turns":9.0},{"damage":15.0,"enemies":"Looter","floor":7.0,"turns":4.0},{"damage":16.0,"enemies":"Gremlin Nob","floor":8.0,"turns":5.0},{"damage":15.0,"enemies":"Lagavulin","floor":12.0,"turns":6.0},{"damage":28.0,"enemies":"Gremlin Nob","floor":14.0,"turns":3.0},{"damage":29.0,"enemies":"Slime Boss","floor":16.0,"turns":7.0},{"damage":2.0,"enemies":"3 Byrds","floor":18.0,"turns":3.0},{"damage":32.0,"enemies":"2 Thieves","floor":19.0,"turns":4.0},{"damage":51.0,"enemies":"Slavers","floor":23.0,"turns":6.0},{"damage":38,"enemies":"Gremlin Leader","floor":25,"turns":5},{"damage":42,"enemies":"Snecko","floor":28,"turns":5},{"damage":16,"enemies":"Sentry and Sphere","floor":29,"turns":7},{"damage":70,"enemies":"Slavers","floor":30,"turns":3}],"seed_played":"-2585368118786753517","potions_obtained":[{"floor":3.0,"key":"Explosive Potion"},{"floor":4.0,"key":"ElixirPotion"},{"floor":5.0,"key":"BloodPotion"},{"floor":6.0,"key":"Swift Potion"},{"floor":7.0,"key":"EssenceOfSteel"},{"floor":16.0,"key":"PowerPotion"},{"floor":23.0,"key":"SneckoOil"},{"floor":25,"key":"Explosive Potion"},{"floor":29,"key":"BloodPotion"}],"is_trial":false,"path_per_floor":["M","M","M","M","M","E","M","E","T","R","$","E","R","E","R","B",null,"M","M","?","$","?","E","$","E","T","R","M","M","E"],"character_chosen":"IRONCLAD","items_purchased":["Bronze Scales","Strength Potion"],"campfire_rested":2,"item_purchase_floors":[11,11],"current_hp_per_floor":[69,71,66,58,55,38,43,40,40,40,40,33,57,35,35,12,64,75,59,59,59,59,30,30,17,17,57,44,47,0,0],"gold":147,"neow_bonus":"THREE_RARE_CARDS","is_daily":false,"chose_seed":false,"campfire_upgraded":2,"win_rate":0.0,"timestamp":1613159260,"path_taken":["M","M","M","M","M","E","M","E","T","R","$","E","R","E","R","BOSS","M","M","?","$","?","E","?","E","T","R","M","M","E"],"items_purchased_type":["Relic","Potion"],"build_version":"2020-12-22","purchased_purges":2,"victory":false,"max_hp_per_floor":[72,72,72,72,72,72,72,79,79,79,79,81,81,81,81,81,81,83,83,83,83,83,85,85,85,85,85,87,89,89,89],"card_choices":[{"not_picked":["Berserk","Limit Break"],"picked":"Demon Form","floor":0.0},{"not_picked":["Intimidate","True Grit"],"picked":"Iron Wave","floor":1.0},{"not_picked":["Clash","Battle Trance"],"picked":"Flame Barrier","floor":2.0},{"not_picked":["Second Wind","Flex"],"picked":"Uppercut","floor":3.0},{"not_picked":["Havoc","Power Through"],"picked":"Seeing Red","floor":4.0},{"not_picked":["Power Through","Disarm","True Grit"],"picked":"SKIP","floor":5.0},{"not_picked":["Clash","Anger","Sever Soul"],"picked":"SKIP","floor":6.0},{"not_picked":["Second Wind","Wild Strike"],"picked":"Havoc","floor":7.0},{"not_picked":["Hemokinesis","Cleave"],"picked":"Battle Trance","floor":8.0},{"not_picked":["Metallicize","Corruption","Pommel Strike"],"picked":"Singing Bowl","floor":12.0},{"not_picked":["Power Through+1","Inflame"],"picked":"Exhume+1","floor":14.0},{"not_picked":["Barricade","Exhume+1"],"picked":"Reaper","floor":16.0},{"not_picked":["Spot Weakness+1","Perfected Strike","Carnage"],"picked":"Singing Bowl","floor":18.0},{"not_picked":["Sword Boomerang+1","Dual Wield+1"],"picked":"Armaments+1","floor":19.0},{"not_picked":["Anger","Carnage","Cleave"],"picked":"Singing Bowl","floor":23.0},{"not_picked":["Sword Boomerang","Searing Blow"],"picked":"Reaper","floor":25},{"not_picked":["Perfected Strike","Anger","Wild Strike"],"picked":"Singing Bowl","floor":28},{"not_picked":["Uppercut","Searing Blow","Pommel Strike"],"picked":"Singing Bowl","floor":29}],"player_experience":160282,"relics_obtained":[{"floor":6.0,"key":"Mercury Hourglass"},{"floor":8.0,"key":"Strawberry"},{"floor":9.0,"key":"Singing Bowl"},{"floor":12.0,"key":"Toxic Egg 2"},{"floor":14.0,"key":"StoneCalendar"},{"floor":23.0,"key":"Regal Pillow"},{"floor":25,"key":"White Beast Statue"},{"floor":26,"key":"Nunchaku"}],"event_choices":[{"damage_healed":0.0,"max_hp_gain":0.0,"max_hp_loss":0.0,"gold_gain":0.0,"event_name":"Addict","player_choice":"Obtained Relic","floor":20.0,"gold_loss":85.0,"damage_taken":0.0,"relics_obtained":["Ancient Tea Set"]},{"damage_healed":0.0,"max_hp_gain":0.0,"max_hp_loss":0.0,"gold_gain":0.0,"event_name":"Vampires","player_choice":"Ignored","floor":22.0,"gold_loss":0.0,"damage_taken":0.0}],"is_beta":false,"boss_relics":[{"not_picked":["Busted Crown","Tiny House"],"picked":"Runic Pyramid"}],"items_purged_floors":[11,21],"is_endless":false,"potions_floor_spawned":[3,4,5,6,7,16,23,25,28,29],"killed_by":"Slavers","ascension_level":12}}