{"host":"k919bq8mkuzdqhzi","time":1613171895,"event":{"mods":["AchievementEnabler","BaseMod","Colored Map","Colored Powertips","DeckTracker","Minty Spire (QoL Compilation)","Relic Sorter","SuperFastMode"],"gold_per_floor":[360,121,138,71,87,87,105,123,171,171,198,212,240,252,252,351,351,371,24,24,39,0,0,12,12,60,60,90,19,31,31,31],"floor_reached":31,"language":"ENG","playtime":1244,"items_purged":["Normality","Strike_B"],"score":237,"play_id":"6413c672-f855-4687-b9d3-d4adf28e8626","local_time":"20210212181815","is_ascension_mode":false,"campfire_choices":[{"data":"Redo","floor":6,"key":"SMITH"},{"floor":10,"key":"REST"},{"floor":15,"key":"REST"},{"data":"Defragment","floor":23,"key":"SMITH"},{"data":"Zap","floor":25,"key":"SMITH"},{"data":"Dualcast","floor":27,"key":"SMITH"}],"circlet_count":0,"master_deck":["Strike_B","Strike_B","Strike_B","Defend_B","Defend_B+1","Defend_B+1","Defend_B","Zap+1","Dualcast+1","Defragment+1","Redo+1","Beam Cell","Stack","Sweeping Beam","Ball Lightning","Compile Driver","Conserve Battery","Hello World","Streamline","Melter","Barrage","Electrodynamics","Storm+1","Genetic Algorithm+1","Tempest+1","Aggregate+1","Reinforced Body+1","Self Repair","BootSequence+1"],"relics":["Cracked Core","Matryoshka","War Paint","Happy Flower","Odd Mushroom","Kunai","Philosopher\u0027s Stone","Toxic Egg 2","CultistMask","Bottled Lightning","Bronze Scales","Red Mask"],"acts_visited":["Exordium","TheCity"],"potions_floor_usage":[11,16],"damage_taken":[{"damage":4,"enemies":"Cultist","floor":1,"turns":4},{"damage":6,"enemies":"Jaw Worm","floor":3,"turns":3},{"damage":10,"enemies":"Small Slimes","floor":5,"turns":2},{"damage":9,"enemies":"Looter","floor":7,"turns":3},{"damage":11,"enemies":"Exordium Wildlife","floor":8,"turns":3},{"damage":17,"enemies":"The Mushroom Lair","floor":11,"turns":4},{"damage":0,"enemies":"2 Fungi Beasts","floor":12,"turns":3},{"damage":23,"enemies":"Lagavulin","floor":13,"turns":5},{"damage":11,"enemies":"Blue Slaver","floor":14,"turns":3},{"damage":7,"enemies":"Hexaghost","floor":16,"turns":10},{"damage":10,"enemies":"3 Byrds","floor":18,"turns":2},{"damage":15,"enemies":"Shell Parasite","floor":21,"turns":4},{"damage":21,"enemies":"Snecko","floor":24,"turns":4},{"damage":4,"enemies":"Masked Bandits","floor":28,"turns":2},{"damage":11,"enemies":"Centurion and Healer","floor":30,"turns":5},{"damage":29,"enemies":"Shelled Parasite and Fungi","floor":31,"turns":4}],"seed_played":"-6763980033621364541","potions_obtained":[{"floor":3,"key":"DistilledChaos"},{"floor":5,"key":"DuplicationPotion"},{"floor":8,"key":"PotionOfCapacity"},{"floor":11,"key":"Fruit Juice"},{"floor":14,"key":"Regen Potion"},{"floor":30,"key":"Energy Potion"}],"is_trial":false,"path_per_floor":["M","$","M","?","M","R","M","M","T","R","?","M","E","M","R","B",null,"M","$","?","M","$","R","M","R","T","R","?","$","M","M"],"character_chosen":"DEFECT","items_purchased":["Redo","Beam Cell","Stack","Sweeping Beam","Toxic Egg 2","Tempest+1","Self Repair"],"campfire_rested":2,"item_purchase_floors":[2,2,2,2,19,22,29],"current_hp_per_floor":[71,71,65,65,55,55,46,35,35,57,45,45,22,11,35,43,80,70,70,70,55,55,55,34,34,34,34,30,30,26,0,0],"gold":31,"neow_bonus":"TWO_FIFTY_GOLD","is_daily":false,"chose_seed":false,"campfire_upgraded":4,"win_rate":0.0,"timestamp":1613171895,"path_taken":["M","$","?","?","M","R","?","M","T","R","?","M","E","M","R","BOSS","M","$","?","?","$","R","M","R","T","R","?","?","M","M"],"items_purchased_type":["Card","Card","Card","Card","Relic","Card","Card"],"build_version":"2020-12-22","purchased_purges":2,"victory":false,"max_hp_per_floor":[75,75,75,75,75,75,75,75,75,75,80,80,80,80,80,80,80,80,80,80,80,80,80,80,80,80,80,80,80,80,80,80],"card_choices":[{"not_picked":["Recycle","Hologram"],"picked":"Defragment","floor":1},{"not_picked":["Redo","Beam Cell"],"picked":"Ball Lightning","floor":3},{"not_picked":["Beam Cell","Fission"],"picked":"Compile Driver","floor":5},{"not_picked":["Streamline","Storm"],"picked":"Conserve Battery","floor":7},{"not_picked":["Undo","Redo","Ball Lightning"],"picked":"SKIP","floor":8},{"not_picked":["Steam","Compile Driver"],"picked":"Hello World","floor":11},{"not_picked":["Hologram","Ball Lightning"],"picked":"Streamline","floor":12},{"not_picked":["BootSequence","Streamline"],"picked":"Melter","floor":13},{"not_picked":["Skim","Reboot"],"picked":"Barrage","floor":14},{"not_picked":["Fission","Multi-Cast"],"picked":"Electrodynamics","floor":16},{"not_picked":["Darkness","Chaos+1"],"picked":"Storm+1","floor":18},{"not_picked":["Coolheaded+1","Conserve Battery+1"],"picked":"Genetic Algorithm+1","floor":21},{"not_picked":["Sweeping Beam","Ball Lightning"],"picked":"Aggregate+1","floor":24},{"not_picked":["Sunder","Barrage+1"],"picked":"Reinforced Body+1","floor":28},{"not_picked":["Lockon","Reinforced Body+1"],"picked":"BootSequence+1","floor":30}],"player_experience":142255,"relics_obtained":[{"floor":9,"key":"War Paint"},{"floor":9,"key":"Happy Flower"},{"floor":11,"key":"Odd Mushroom"},{"floor":13,"key":"Kunai"},{"floor":26,"key":"Bottled Lightning"},{"floor":26,"key":"Bronze Scales"},{"floor":28,"key":"Red Mask"}],"event_choices":[{"damage_healed":0,"gold_gain":0,"player_choice":"Paid Gold","damage_taken":0,"relics_obtained":["Matryoshka"],"max_hp_gain":0,"max_hp_loss":0,"event_name":"WeMeetAgain","floor":4,"gold_loss":67},{"damage_healed":0,"gold_gain":0,"player_choice":"Fought Mushrooms","damage_taken":0,"max_hp_gain":0,"max_hp_loss":0,"event_name":"Mushrooms","floor":11,"gold_loss":0},{"damage_healed":0,"gold_gain":0,"player_choice":"Trade","damage_taken":0,"relics_obtained":["CultistMask"],"max_hp_gain":0,"max_hp_loss":0,"event_name":"FaceTrader","floor":20,"gold_loss":0},{"damage_healed":0,"gold_gain":0,"player_choice":"Fought Bandits","damage_taken":0,"max_hp_gain":0,"max_hp_loss":0,"event_name":"Masked Bandits","floor":28,"gold_loss":0}],"is_beta":false,"boss_relics":[{"not_picked":["Snecko Eye","Fusion Hammer"],"picked":"Philosopher\u0027s Stone"}],"items_purged_floors":[2,19],"is_endless":false,"potions_floor_spawned":[3,5,8,11,14,30],"killed_by":"Shelled Parasite and Fungi","ascension_level":0}}