{"host":"np4f5reu8f2vit8r","time":1613172067,"event":{"mods":["BaseMod","Bestiary","Curses Come First","Minty Spire (QoL Compilation)","Permanent Neow","Relic Stats","StSLib"],"gold_per_floor":[115,115,138,88,48,48,73,73,73,104,30,73,73,86,86,210,210,233,233,248,268,29,29,68,68,68,93,127,147,161,161,161,281,281,306,327,60,79,95,136,136,136,136,136,236,255,255,593,593,593,593,593,109,145,145],"floor_reached":56,"language":"ENG","playtime":2423,"items_purged":["Strike_G+1"],"score":1530,"play_id":"b8681747-cfee-400d-a122-4c26234af296","local_time":"20210213122107","is_ascension_mode":false,"campfire_choices":[{"data":"Neutralize","floor":6.0,"key":"SMITH"},{"data":"Dagger Spray","floor":8.0,"key":"SMITH"},{"data":"Noxious Fumes","floor":13.0,"key":"SMITH"},{"data":"Footwork","floor":15.0,"key":"SMITH"},{"data":"Poisoned Stab","floor":23.0,"key":"SMITH"},{"floor":25.0,"key":"RECALL"},{"data":"Survivor","floor":32.0,"key":"SMITH"},{"data":"Footwork","floor":42.0,"key":"SMITH"},{"data":"Sucker Punch","floor":47.0,"key":"SMITH"}],"circlet_count":0,"master_deck":["Strike_G+1","Strike_G+1","Defend_G+1","Defend_G+1","Defend_G+1","Defend_G+1","Defend_G+1","Survivor+1","Neutralize+1","Poisoned Stab+1","Sucker Punch+1","Dagger Spray+1","Leg Sweep+1","Noxious Fumes+1","Footwork+1","Malaise+1","Poisoned Stab+1","Acrobatics+1","Dash+1","Backflip+1","Acrobatics+1","Prepared+1","Deadly Poison+1","Deadly Poison+1","Malaise+1","Backflip+1","Corpse Explosion+1","PiercingWail+1","Footwork+1","Catalyst+1","Blur+1","Dodge and Roll+1","Calculated Gamble+1","PiercingWail+1","Catalyst+1","Leg Sweep+1","Bouncing Flask+1","Backflip+1"],"relics":["Coffee Dripper","Golden Idol","Toxic Egg 2","Happy Flower","Velvet Choker","Mummified Hand","Question Card","Prayer Wheel","Regal Pillow","Blue Candle","Black Star","Orrery","Akabeko","Smiling Mask","Frozen Egg 2","Old Coin","Du-Vu Doll","Toolbox","Centennial Puzzle","Bag of Preparation","Eternal Feather"],"acts_visited":["Exordium","TheCity","TheBeyond","TheEnding"],"potions_floor_usage":[54,55,55],"damage_taken":[{"damage":0.0,"enemies":"Jaw Worm","floor":1.0,"turns":5.0},{"damage":0.0,"enemies":"2 Louse","floor":3.0,"turns":3.0},{"damage":0.0,"enemies":"Cultist","floor":7.0,"turns":3.0},{"damage":4.0,"enemies":"3 Sentries","floor":10.0,"turns":4.0},{"damage":3.0,"enemies":"Lagavulin","floor":12.0,"turns":5.0},{"damage":0.0,"enemies":"Blue Slaver","floor":14.0,"turns":4.0},{"damage":30.0,"enemies":"Hexaghost","floor":16.0,"turns":10.0},{"damage":8.0,"enemies":"Spheric Guardian","floor":18.0,"turns":7.0},{"damage":5.0,"enemies":"3 Byrds","floor":20.0,"turns":5.0},{"damage":10.0,"enemies":"Cultist and Chosen","floor":21.0,"turns":6.0},{"damage":0.0,"enemies":"Book of Stabbing","floor":24.0,"turns":6.0},{"damage":0.0,"enemies":"Centurion and Healer","floor":27.0,"turns":6.0},{"damage":0.0,"enemies":"Slavers","floor":28.0,"turns":5.0},{"damage":0.0,"enemies":"Shelled Parasite and Fungi","floor":29.0,"turns":5.0},{"damage":0.0,"enemies":"Chosen and Byrds","floor":30.0,"turns":4.0},{"damage":0.0,"enemies":"Automaton","floor":33.0,"turns":8.0},{"damage":0.0,"enemies":"3 Shapes","floor":35.0,"turns":3.0},{"damage":0.0,"enemies":"Orb Walker","floor":36.0,"turns":5.0},{"damage":0.0,"enemies":"Spire Growth","floor":38.0,"turns":5.0},{"damage":0.0,"enemies":"Sphere and 2 Shapes","floor":39.0,"turns":3.0},{"damage":0.0,"enemies":"Reptomancer","floor":40.0,"turns":9.0},{"damage":0.0,"enemies":"Maw","floor":46.0,"turns":5.0},{"damage":0.0,"enemies":"Giant Head","floor":48.0,"turns":7.0},{"damage":0.0,"enemies":"Donu and Deca","floor":50.0,"turns":8.0},{"damage":0,"enemies":"Shield and Spear","floor":54,"turns":4},{"damage":45,"enemies":"The Heart","floor":55,"turns":7}],"seed_played":"-5382088211654801774","potions_obtained":[{"floor":5.0,"key":"EntropicBrew"},{"floor":5.0,"key":"DuplicationPotion"},{"floor":5.0,"key":"FearPotion"},{"floor":10.0,"key":"Regen Potion"},{"floor":16.0,"key":"Energy Potion"},{"floor":24.0,"key":"DistilledChaos"},{"floor":27.0,"key":"Block Potion"},{"floor":28.0,"key":"Strength Potion"},{"floor":30.0,"key":"Block Potion"},{"floor":35.0,"key":"LiquidBronze"},{"floor":38.0,"key":"Block Potion"},{"floor":40.0,"key":"SkillPotion"},{"floor":48.0,"key":"Swift Potion"}],"is_trial":false,"path_per_floor":["M","?","M","?","?","R","M","R","T","E","$","E","R","M","R","B",null,"M","?","M","M","$","R","E","R","T","M","E","M","M","?","R","B",null,"M","M","$","M","M","E","?","R","T","?","?","M","R","E","R","B",null,"R","$","E","B",null],"character_chosen":"THE_SILENT","items_purchased":["Noxious Fumes","Mummified Hand","PiercingWail+1","Footwork","Orrery","Weak Potion","Backflip+1","Toolbox","Centennial Puzzle","Strength Potion"],"campfire_rested":0,"item_purchase_floors":[11,22,37,37,37,53,53,53,53,53],"current_hp_per_floor":[70,65,65,65,65,65,65,65,65,61,61,58,58,58,58,28,65,57,57,52,57,57,57,57,57,57,57,57,57,57,57,57,57,65,65,65,65,65,65,65,65,65,65,65,65,65,65,65,65,65,65,65,65,65,20],"gold":145,"neow_bonus":"BOSS_RELIC","is_daily":false,"chose_seed":false,"campfire_upgraded":8,"win_rate":0.0,"timestamp":1613172067,"path_taken":["M","?","M","?","?","R","M","R","T","E","$","E","R","?","R","BOSS","M","?","M","M","$","R","E","R","T","M","E","M","M","?","R","BOSS","M","M","$","M","M","E","?","R","T","?","?","?","R","E","R","BOSS","R","$","E","BOSS"],"items_purchased_type":["Card","Relic","Card","Card","Relic","Potion","Card","Relic","Relic","Potion"],"build_version":"2020-12-22","purchased_purges":1,"victory":true,"max_hp_per_floor":[70,65,65,65,65,65,65,65,65,65,65,65,65,65,65,65,65,65,65,65,65,65,65,65,65,65,65,65,65,65,65,65,65,65,65,65,65,65,65,65,65,65,65,65,65,65,65,65,65,65,65,65,65,65,65],"relic_stats":{"Regal Pillow":0,"Happy Flower":[40],"counters":[26,142],"Golden Idol":209,"Blue Candle":[0],"Eternal Feather":0,"Bag of Preparation":[2],"Question Card":26,"Smiling Mask":25,"Centennial Puzzle":[3],"Mummified Hand":[41],"Prayer Wheel":8,"Black Star":3,"obtain_stats":[{"Regal Pillow":28,"Happy Flower":12,"Golden Idol":2,"Blue Candle":31,"Velvet Choker":17,"Eternal Feather":54,"Bag of Preparation":54,"Frozen Egg 2":43,"Question Card":24,"Smiling Mask":40,"Akabeko":40,"Old Coin":48,"Du-Vu Doll":48,"Centennial Puzzle":53,"Mummified Hand":22,"Orrery":37,"Toolbox":53,"Prayer Wheel":26,"Coffee Dripper":0,"Black Star":34,"Toxic Egg 2":10,"Ring of the Snake":0},{"Regal Pillow":13,"Happy Flower":5,"Golden Idol":1,"Blue Candle":15,"Velvet Choker":7,"Eternal Feather":25,"Bag of Preparation":25,"Frozen Egg 2":21,"Question Card":11,"Smiling Mask":21,"Akabeko":21,"Old Coin":23,"Du-Vu Doll":23,"Centennial Puzzle":24,"Mummified Hand":10,"Orrery":18,"Toolbox":24,"Prayer Wheel":11,"Coffee Dripper":0,"Black Star":16,"Toxic Egg 2":4,"Ring of the Snake":0},{"Regal Pillow":69,"Happy Flower":20,"Golden Idol":5,"Blue Candle":78,"Velvet Choker":34,"Eternal Feather":135,"Bag of Preparation":135,"Frozen Egg 2":111,"Question Card":58,"Smiling Mask":111,"Akabeko":111,"Old Coin":123,"Du-Vu Doll":123,"Centennial Puzzle":131,"Mummified Hand":52,"Orrery":94,"Toolbox":131,"Prayer Wheel":58,"Coffee Dripper":0,"Black Star":86,"Toxic Egg 2":15,"Ring of the Snake":0}]},"card_choices":[{"not_picked":["Dagger Throw","Backflip"],"picked":"Poisoned Stab","floor":1.0},{"not_picked":["Dodge and Roll","Deflect","Sucker Punch"],"picked":"SKIP","floor":3.0},{"not_picked":["Dodge and Roll","Deflect"],"picked":"Sucker Punch","floor":3.0},{"not_picked":["Blur","Flying Knee"],"picked":"Dagger Spray","floor":7.0},{"not_picked":["Quick Slash","Underhanded Strike"],"picked":"Leg Sweep+1","floor":10.0},{"not_picked":["Escape Plan+1","Dagger Throw"],"picked":"Footwork","floor":12.0},{"not_picked":["Outmaneuver+1","Sucker Punch","Dagger Spray"],"picked":"SKIP","floor":14.0},{"not_picked":["A Thousand Cuts","After Image"],"picked":"Malaise+1","floor":16.0},{"not_picked":["Flying Knee","Underhanded Strike+1"],"picked":"Poisoned Stab+1","floor":18.0},{"not_picked":["Blade Dance+1","Accuracy"],"picked":"Acrobatics+1","floor":20.0},{"not_picked":["Predator","Dagger Spray"],"picked":"Dash+1","floor":21.0},{"not_picked":["Prepared+1","Bane"],"picked":"Backflip+1","floor":24.0},{"not_picked":["Backflip+1","Prepared+1","Deflect+1"],"picked":"Acrobatics+1","floor":27.0},{"not_picked":["Dagger Spray","Reflex+1","Dagger Throw+1","Heel Hook"],"picked":"SKIP","floor":27.0},{"not_picked":["Doppelganger+1","Dash","Bane"],"picked":"Prepared+1","floor":28.0},{"not_picked":["Sucker Punch+1","Dagger Throw","Deflect+1","A Thousand Cuts"],"picked":"SKIP","floor":29.0},{"not_picked":["Expertise+1","Flying Knee+1","Finisher","Dagger Spray"],"picked":"SKIP","floor":29.0},{"not_picked":["Sucker Punch+1","Dagger Throw","Deflect+1","A Thousand Cuts"],"picked":"SKIP","floor":29.0},{"not_picked":["Expertise+1","Flying Knee+1","Finisher","Dagger Spray"],"picked":"SKIP","floor":29.0},{"not_picked":["Reflex+1","Finisher","Riddle With Holes"],"picked":"Deadly Poison+1","floor":30.0},{"not_picked":["Blade Dance+1","Deflect+1","Outmaneuver+1"],"picked":"Deadly Poison+1","floor":30.0},{"not_picked":["After Image","Die Die Die","Envenom"],"picked":"Malaise+1","floor":33.0},{"not_picked":["Cloak And Dagger+1","Acrobatics+1","Expertise+1"],"picked":"Backflip+1","floor":35.0},{"not_picked":["Deflect+1","Bane","Sucker Punch","Predator"],"picked":"SKIP","floor":35.0},{"not_picked":["All Out Attack","Poisoned Stab+1","Distraction+1"],"picked":"Corpse Explosion+1","floor":36.0},{"not_picked":["Prepared+1","Backstab","Accuracy+1","Poisoned Stab"],"picked":"SKIP","floor":36.0},{"not_picked":["Distraction+1","Dodge and Roll+1","Flying Knee+1"],"picked":"Catalyst+1","floor":37.0},{"not_picked":["Sucker Punch+1","Reflex+1","Bane"],"picked":"Blur+1","floor":37.0},{"not_picked":["Riddle With Holes","Concentrate+1","Quick Slash+1"],"picked":"Dodge and Roll+1","floor":37.0},{"not_picked":["Cloak And Dagger+1","Blade Dance+1","Backflip+1"],"picked":"Calculated Gamble+1","floor":37.0},{"not_picked":["Quick Slash","Infinite Blades","Caltrops+1"],"picked":"PiercingWail+1","floor":38.0},{"not_picked":["Flechettes+1","Dagger Spray","Acrobatics+1","Prepared+1"],"picked":"SKIP","floor":38.0},{"not_picked":["Cloak And Dagger+1","PiercingWail+1","Underhanded Strike","Endless Agony"],"picked":"SKIP","floor":39.0},{"not_picked":["Riddle With Holes","Skewer","Deadly Poison+1","Dagger Throw+1"],"picked":"SKIP","floor":39.0},{"not_picked":["Reflex+1","Dagger Throw","Burst+1"],"picked":"Catalyst+1","floor":40.0},{"not_picked":["Deflect+1","Flying Knee+1","Caltrops+1"],"picked":"Leg Sweep+1","floor":46.0},{"not_picked":["Sucker Punch","Bane+1","Quick Slash+1","Dagger Spray"],"picked":"SKIP","floor":46.0},{"not_picked":["Bane+1","Deadly Poison+1","Phantasmal Killer+1"],"picked":"Bouncing Flask+1","floor":48.0},{"not_picked":["Deflect+1","Dagger Spray","Bane+1","Caltrops+1"],"picked":"SKIP","floor":54}],"player_experience":952554,"relics_obtained":[{"floor":10.0,"key":"Toxic Egg 2"},{"floor":12.0,"key":"Happy Flower"},{"floor":24.0,"key":"Question Card"},{"floor":26.0,"key":"Prayer Wheel"},{"floor":28.0,"key":"Regal Pillow"},{"floor":31.0,"key":"Blue Candle"},{"floor":40.0,"key":"Akabeko"},{"floor":40.0,"key":"Smiling Mask"},{"floor":43.0,"key":"Frozen Egg 2"},{"floor":48.0,"key":"Old Coin"},{"floor":48.0,"key":"Du-Vu Doll"},{"floor":54,"key":"Bag of Preparation"},{"floor":54,"key":"Eternal Feather"}],"event_choices":[{"damage_healed":0.0,"max_hp_gain":0.0,"max_hp_loss":5.0,"gold_gain":0.0,"event_name":"Golden Idol","player_choice":"Lose Max HP","floor":2.0,"gold_loss":0.0,"damage_taken":0.0,"relics_obtained":["Golden Idol"]},{"cards_removed":["Strike_G"],"damage_healed":0.0,"max_hp_gain":0.0,"max_hp_loss":0.0,"gold_gain":0.0,"event_name":"The Cleric","player_choice":"Card Removal","floor":4.0,"gold_loss":50.0,"damage_taken":0.0},{"damage_healed":0.0,"max_hp_gain":0.0,"max_hp_loss":0.0,"gold_gain":0.0,"event_name":"The Woman in Blue","player_choice":"Bought 3 Potions","floor":5.0,"gold_loss":0.0,"damage_taken":0.0},{"damage_healed":0.0,"max_hp_gain":0.0,"max_hp_loss":0.0,"gold_gain":0.0,"event_name":"Back to Basics","player_choice":"Simplicity","floor":19.0,"gold_loss":0.0,"damage_taken":0.0,"cards_upgraded":["Strike_G","Strike_G","Strike_G","Strike_G","Defend_G","Defend_G","Defend_G","Defend_G","Defend_G"]},{"damage_healed":0.0,"max_hp_gain":0.0,"max_hp_loss":0.0,"gold_gain":0.0,"event_name":"Wheel of Change","player_choice":"Relic","floor":31.0,"gold_loss":0.0,"damage_taken":0.0},{"cards_removed":["Strike_G"],"damage_healed":0.0,"max_hp_gain":0.0,"max_hp_loss":0.0,"gold_gain":0.0,"event_name":"Falling","player_choice":"Removed Attack","floor":41.0,"gold_loss":0.0,"damage_taken":0.0},{"damage_healed":0.0,"max_hp_gain":0.0,"max_hp_loss":0.0,"gold_gain":0.0,"event_name":"Tomb of Lord Red Mask","player_choice":"Ignored","floor":44.0,"gold_loss":0.0,"damage_taken":0.0},{"damage_healed":0.0,"max_hp_gain":0.0,"max_hp_loss":0.0,"gold_gain":100.0,"event_name":"Golden Shrine","player_choice":"Pray","floor":45.0,"gold_loss":0.0,"damage_taken":0.0}],"is_beta":false,"boss_relics":[{"not_picked":["Empty Cage","Sozu"],"picked":"Velvet Choker"},{"not_picked":["Busted Crown","Cursed Key"],"picked":"Black Star"}],"items_purged_floors":[53],"is_endless":false,"potions_floor_spawned":[10,16,20,24,27,28,30,35,36,38,40,48],"ascension_level":0}}