{"host":"s24sb66hw4a4sfft","time":1613102626,"event":{"mods":["AchievementEnabler","BaseMod","Colored Map","Colored Powertips","Googly Eyes","Hermit","Hubris","Minty Spire (QoL Compilation)","Quick Restart","Shop Mod","StSLib"],"gold_per_floor":[113,133,133,151,165,192,192,192,218,253,253,272,309,322,322,434,434,473,473,211,233,259,285,285,355,355,355,431,431,463,463,463,470,470],"floor_reached":33,"language":"ENG","playtime":1350,"items_purged":["hermit:Strike_Hermit"],"score":307,"play_id":"51b644ee-264f-40c2-83bd-0a7e0db20825","local_time":"20210211230346","is_ascension_mode":false,"campfire_choices":[{"floor":8.0,"key":"REST"},{"floor":15.0,"key":"REST"},{"data":"hermit:GoldenBullet","floor":24,"key":"SMITH"},{"floor":29,"key":"REST"},{"data":"hermit:EyeOfTheStorm","floor":32,"key":"SMITH"}],"circlet_count":0,"master_deck":["hermit:Strike_Hermit","hermit:Strike_Hermit","hermit:Strike_Hermit","hermit:Defend_Hermit","hermit:Defend_Hermit","hermit:Defend_Hermit","hermit:Defend_Hermit","hermit:Snapshot","hermit:Covet","hermit:EyeOfTheStorm+1","hermit:Glare","hermit:Horror","hermit:Ricochet+1","hermit:Scavenge+1","hermit:TrackingShot","hermit:Coalescence","hermit:HighCaliber","hermit:DeadOrAlive","hermit:Snipe","hermit:GoldenBullet+1","hermit:Roulette+1"],"relics":["hermit:Momento","Art of War","hubris:FruitBowl","Toy Ornithopter","Sling","Meat on the Bone","hubris:TenFootPole","Regal Pillow","Bag of Marbles","Anchor","hermit:RyeStalk","hubris:ScarierMask","Omamori","CeramicFish","hermit:Horseshoe","hubris:Towel","hubris:PeanutButter","Oddly Smooth Stone"],"acts_visited":["Exordium","TheCity"],"potions_floor_usage":[33,33,33],"damage_taken":[{"damage":1.0,"enemies":"Cultist","floor":1.0,"turns":4.0},{"damage":3.0,"enemies":"Jaw Worm","floor":2.0,"turns":3.0},{"damage":0.0,"enemies":"Small Slimes","floor":4.0,"turns":4.0},{"damage":2.0,"enemies":"3 Louse","floor":5.0,"turns":4.0},{"damage":24.0,"enemies":"Gremlin Nob","floor":6.0,"turns":4.0},{"damage":3.0,"enemies":"3 Sentries","floor":10.0,"turns":5.0},{"damage":0.0,"enemies":"Exordium Thugs","floor":12.0,"turns":4.0},{"damage":27.0,"enemies":"Lagavulin","floor":13.0,"turns":4.0},{"damage":0.0,"enemies":"Large Slime","floor":14.0,"turns":4.0},{"damage":40.0,"enemies":"The Guardian","floor":16.0,"turns":9.0},{"damage":15.0,"enemies":"Spheric Guardian","floor":18.0,"turns":4.0},{"damage":0.0,"enemies":"Chosen","floor":21.0,"turns":3.0},{"damage":1.0,"enemies":"3 Cultists","floor":22.0,"turns":4.0},{"damage":0,"enemies":"Sentry and Sphere","floor":23,"turns":2},{"damage":16,"enemies":"Book of Stabbing","floor":25,"turns":4},{"damage":8,"enemies":"Slavers","floor":28,"turns":4},{"damage":8,"enemies":"Shelled Parasite and Fungi","floor":30,"turns":4},{"damage":45,"enemies":"Collector","floor":33,"turns":5}],"seed_played":"6460140707387374261","potions_obtained":[{"floor":2.0,"key":"SteroidPotion"},{"floor":4.0,"key":"Swift Potion"},{"floor":6.0,"key":"ColorlessPotion"},{"floor":10.0,"key":"Explosive Potion"},{"floor":14.0,"key":"Strength Potion"},{"floor":18.0,"key":"LiquidBronze"},{"floor":28,"key":"Ancient Potion"},{"floor":30,"key":"SneckoOil"}],"is_trial":false,"path_per_floor":["M","M","$","M","M","E","?","R","T","E","?","M","E","M","R","B",null,"M","?","$","M","M","M","R","E","T","?","E","R","M","T","R","B"],"character_chosen":"HERMIT","items_purchased":["hubris:FruitBowl","Toy Ornithopter","Sling","Meat on the Bone","hubris:TenFootPole","hermit:GoldenBullet","Omamori"],"campfire_rested":3,"item_purchase_floors":[3,3,3,3,3,20,20],"current_hp_per_floor":[74,71,6,18,28,26,26,63,63,65,65,65,43,43,75,47,75,60,60,60,60,59,59,59,43,43,43,47,75,67,67,67,35,35],"gold":470,"neow_bonus":"RANDOM_COMMON_RELIC","is_daily":false,"chose_seed":false,"campfire_upgraded":2,"win_rate":0.0,"timestamp":1613102626,"path_taken":["M","M","?","M","M","E","?","R","T","E","?","?","E","M","R","BOSS","M","?","$","?","M","M","R","E","T","?","E","R","M","?","R","BOSS"],"items_purchased_type":["Relic","Relic","Relic","Relic","Relic","Card","Relic"],"build_version":"2020-12-22","purchased_purges":1,"victory":false,"max_hp_per_floor":[75,75,75,75,75,75,75,75,75,75,75,75,75,75,75,75,75,75,75,75,75,75,75,75,75,75,75,75,75,75,75,75,75,75],"card_choices":[{"not_picked":["hermit:TrackingShot","hermit:LuckOfTheDraw","hermit:TakeAim"],"picked":"SKIP","floor":1.0},{"not_picked":["hermit:BodyArmor","hermit:LoneWolf"],"picked":"hermit:EyeOfTheStorm","floor":2.0},{"not_picked":["hermit:HoleUp","hermit:LowProfile"],"picked":"hermit:Glare","floor":4.0},{"not_picked":["hermit:Coalescence","hermit:Desperado"],"picked":"hermit:Horror","floor":5.0},{"not_picked":["hermit:Misfire","hermit:Maintenance"],"picked":"hermit:Ricochet","floor":6.0},{"not_picked":["hermit:Roulette","hermit:LoneWolf"],"picked":"hermit:Scavenge","floor":10.0},{"not_picked":["hermit:Dive","hermit:Vantage"],"picked":"hermit:TrackingShot","floor":12.0},{"not_picked":["hermit:Glare","hermit:LowProfile"],"picked":"hermit:Coalescence","floor":13.0},{"not_picked":["hermit:BigShot","hermit:Grudge"],"picked":"hermit:HighCaliber","floor":14.0},{"not_picked":["hermit:Gambit","hermit:FromBeyond"],"picked":"hermit:DeadOrAlive","floor":16.0},{"not_picked":["hermit:Cheat","hermit:Misfire"],"picked":"hermit:Snipe","floor":18.0},{"not_picked":["hermit:SprayPray","hermit:Vantage+1","hermit:Manifest"],"picked":"SKIP","floor":21.0},{"not_picked":["hermit:Glare","hermit:Virtue","hermit:Manifest"],"picked":"SKIP","floor":22.0},{"not_picked":["hermit:Roulette","hermit:Gambit","hermit:Maintenance"],"picked":"SKIP","floor":23},{"not_picked":["hermit:BodyArmor","hermit:LowProfile","hermit:Dive"],"picked":"SKIP","floor":25},{"not_picked":["hermit:TakeCover","hermit:Maintenance+1","hermit:Grudge"],"picked":"SKIP","floor":28},{"not_picked":["hermit:BigShot","hermit:ItchyTrigger"],"picked":"hermit:Roulette+1","floor":30}],"player_experience":615469,"relics_obtained":[{"floor":6.0,"key":"Regal Pillow"},{"floor":9.0,"key":"Bag of Marbles"},{"floor":10.0,"key":"Anchor"},{"floor":13.0,"key":"hermit:RyeStalk"},{"floor":25,"key":"CeramicFish"},{"floor":26,"key":"hermit:Horseshoe"},{"floor":28,"key":"hubris:PeanutButter"},{"floor":31,"key":"Oddly Smooth Stone"}],"event_choices":[{"damage_healed":0.0,"max_hp_gain":0.0,"max_hp_loss":0.0,"gold_gain":0.0,"event_name":"Living Wall","player_choice":"Grow","floor":7.0,"gold_loss":0.0,"damage_taken":0.0,"cards_upgraded":["hermit:Ricochet"]},{"damage_healed":0.0,"max_hp_gain":0.0,"max_hp_loss":0.0,"gold_gain":0.0,"event_name":"Upgrade Shrine","player_choice":"Upgraded","floor":11.0,"gold_loss":0.0,"damage_taken":0.0,"cards_upgraded":["hermit:Scavenge"]},{"damage_healed":0.0,"max_hp_gain":0.0,"max_hp_loss":0.0,"gold_gain":0.0,"event_name":"NoteForYourself","player_choice":"Ignored","floor":19.0,"gold_loss":0.0,"damage_taken":0.0}],"is_beta":false,"boss_relics":[{"not_picked":["hubris:Stopwatch","Fusion Hammer"],"picked":"hubris:ScarierMask"}],"items_purged_floors":[20],"is_endless":false,"potions_floor_spawned":[2,4,6,10,14,18,28,30],"killed_by":"Collector","ascension_level":0}}