{"host":"yqm","time":1613135439,"event":{"mods":["ATMod(°¢èªMod)","BaseMod","Challenge The Spire","Colored Map","Colored Powertips","DeckTracker","Good Game Mod","Minty Spire (QoL Compilation)","MostiFishMod","Quick Restart","Relic Filter","Relic Filter Mod","Relic Stats","Remove Card Discount Mod","StSLib","TestMod","noobMod","óô»ðÖ¸ÄÏ"],"gold_per_floor":[117,392,408,421,433,458,458,487,487,517,536,240,240,255,255,330,330,346,358,358,358],"floor_reached":20,"language":"ZHS","playtime":2768,"items_purged":["Strike_G","Strike_G","Strike_G","Strike_G","Strike_G","Defend_G","Regret","Defend_G","Defend_G","Defend_G","Defend_G+1"],"score":592,"play_id":"62a4ee56-098d-452a-b419-3dafb7ce395f","local_time":"20210212211039","is_ascension_mode":true,"campfire_choices":[{"data":"Adrenaline","floor":7,"key":"SMITH"},{"floor":15,"key":"RECALL"}],"circlet_count":0,"master_deck":["AscendersBane","Survivor+1","Neutralize+1","Adrenaline+1","AT_KingSlayer+1","Expertise+1","Bouncing Flask+1","Calculated Gamble+1","Acrobatics+1","Prepared+1","Tactician+1","Venomology+1"],"relics":["Ring of the Snake","REME:ComplimentaryCards","ice","DaveBox","AT_ATBox","testmod-TestBox","NeowsBlessing","Medical Kit","testmod-FatalChain","SynthV:TestCard","testmod-Motorcycle","Pantograph","The Courier","AT_SilvercatRing","Sundial","Philosopher\u0027s Stone"],"acts_visited":["Exordium","TheCity"],"potions_floor_usage":[6,18],"damage_taken":[{"damage":0,"enemies":"2 Louse","floor":1,"turns":1},{"damage":0,"enemies":"Cultist","floor":3,"turns":1},{"damage":0,"enemies":"Small Slimes","floor":4,"turns":1},{"damage":15,"enemies":"Exordium Thugs","floor":5,"turns":6},{"damage":23,"enemies":"Gremlin Nob","floor":6,"turns":5},{"damage":45,"enemies":"3 Sentries","floor":8,"turns":11},{"damage":13,"enemies":"Gremlin Nob","floor":10,"turns":4},{"damage":1,"enemies":"2 Fungi Beasts","floor":11,"turns":2},{"damage":0,"enemies":"Red Slaver","floor":14,"turns":1},{"damage":0,"enemies":"Hexaghost","floor":16,"turns":2},{"damage":0,"enemies":"Shell Parasite","floor":18,"turns":1},{"damage":0,"enemies":"Chosen","floor":19,"turns":1}],"seed_played":"4762592190088745960","potions_obtained":[{"floor":3,"key":"GhostInAJar"},{"floor":6,"key":"CunningPotion"},{"floor":8,"key":"SpeedPotion"}],"is_trial":false,"path_per_floor":["M","?","M","M","M","E","R","E","T","E","M","R","?","M","R","B",null,"M","M","?"],"character_chosen":"THE_SILENT","items_purchased":["Sundial","Prepared"],"campfire_rested":0,"item_purchase_floors":[12,12],"current_hp_per_floor":[59,59,59,59,44,21,21,35,35,75,74,74,74,74,74,76,76,76,76,76,76],"gold":358,"neow_bonus":"THREE_ENEMY_KILL","is_daily":false,"chose_seed":false,"campfire_upgraded":1,"win_rate":0.0,"timestamp":1613135439,"path_taken":["M","?","M","?","M","E","R","E","T","E","M","R","?","M","R","BOSS","M","M","?"],"items_purchased_type":["Relic","Card"],"build_version":"2020-12-18","purchased_purges":11,"victory":false,"max_hp_per_floor":[66,66,66,66,66,66,66,74,74,75,76,76,76,76,76,76,76,76,76,76,76],"relic_stats":{"counters":[12,36],"Sundial":[14],"Pantograph":2,"Medical Kit":[0],"obtain_stats":[{"AT_ATBox":0,"testmod-TestBox":0,"DaveBox":0,"NeowsBlessing":0,"testmod-FatalChain":0,"The Courier":9,"ice":0,"AT_SilvercatRing":10,"Medical Kit":0,"REME:ComplimentaryCards":0,"SynthV:TestCard":1,"testmod-Motorcycle":6,"Sundial":12,"Pantograph":8,"Philosopher\u0027s Stone":17,"Ring of the Snake":0},{"AT_ATBox":0,"testmod-TestBox":0,"DaveBox":0,"NeowsBlessing":0,"testmod-FatalChain":0,"The Courier":6,"ice":0,"AT_SilvercatRing":7,"Medical Kit":0,"REME:ComplimentaryCards":0,"SynthV:TestCard":1,"testmod-Motorcycle":5,"Sundial":8,"Pantograph":6,"Philosopher\u0027s Stone":10,"Ring of the Snake":0},{"AT_ATBox":0,"testmod-TestBox":0,"DaveBox":0,"NeowsBlessing":0,"testmod-FatalChain":0,"The Courier":25,"ice":0,"AT_SilvercatRing":29,"Medical Kit":0,"REME:ComplimentaryCards":0,"SynthV:TestCard":1,"testmod-Motorcycle":14,"Sundial":31,"Pantograph":25,"Philosopher\u0027s Stone":34,"Ring of the Snake":0}],"Ring of the Snake":[24]},"card_choices":[{"not_picked":["Dagger Throw","Sucker Punch","AT_ArcaneSupremacy"],"picked":"SKIP","floor":1},{"not_picked":["Underhanded Strike","Dagger Spray","Dagger Throw","AT_WindFlip"],"picked":"Expertise","floor":3},{"not_picked":["Prepared","Glass Knife","Blade Dance","Dagger Spray"],"picked":"Bouncing Flask","floor":4},{"not_picked":["Concentrate","Dagger Throw","Slice","Quick Slash","Sucker Punch"],"picked":"SKIP","floor":5},{"not_picked":["Masterful Stab","Poisoned Stab","Flechettes","Escape Plan"],"picked":"Calculated Gamble","floor":6},{"not_picked":["Dodge and Roll","AT_FocusSwordFire","MostiFishMod:VineMother","Prepared","PiercingWail"],"picked":"SKIP","floor":8},{"not_picked":["AT_TwilightShroud","Outmaneuver","Wraith Form v2","Backflip"],"picked":"Acrobatics","floor":10},{"not_picked":["AT_WindRun","Outmaneuver","Dodge and Roll","Dagger Spray","Blur"],"picked":"SKIP","floor":11},{"not_picked":["AT_WindFlip","AT_ThistleTea","Deadly Poison","Dodge and Roll"],"picked":"Tactician","floor":14},{"not_picked":["MostiFishMod:Confrontation","MostiFishMod:WinterMarkForm","MostiFishMod:LethalBlade","Storm of Steel"],"picked":"Venomology","floor":16},{"not_picked":["AT_ShadowStep+1","Caltrops+1","Quick Slash","Choke","Sucker Punch"],"picked":"SKIP","floor":18},{"not_picked":["AT_TinkerSharpsword","Cloak And Dagger","Sucker Punch","AT_WindFlip+1","Quick Slash"],"picked":"SKIP","floor":19}],"player_experience":897621,"relics_obtained":[{"floor":1,"key":"SynthV:TestCard"},{"floor":6,"key":"testmod-Motorcycle"},{"floor":8,"key":"Pantograph"},{"floor":9,"key":"The Courier"},{"floor":10,"key":"AT_SilvercatRing"}],"event_choices":[{"damage_healed":0,"gold_gain":275,"player_choice":"Desecrate","damage_taken":0,"max_hp_gain":0,"max_hp_loss":0,"event_name":"Golden Shrine","floor":2,"gold_loss":0,"cards_obtained":["Regret"]},{"damage_healed":0,"gold_gain":0,"player_choice":"Ignored","damage_taken":0,"max_hp_gain":0,"max_hp_loss":0,"event_name":"Shining Light","floor":13,"gold_loss":0},{"damage_healed":0,"gold_gain":0,"player_choice":"Ignored","damage_taken":0,"max_hp_gain":0,"max_hp_loss":0,"event_name":"Beggar","floor":20,"gold_loss":0}],"is_beta":true,"boss_relics":[{"not_picked":["Snecko Eye","MoonlightInvasionPlan"],"picked":"Philosopher\u0027s Stone"}],"items_purged_floors":[12,12,12,12,12,12,12,12,12,12,12],"is_endless":false,"potions_floor_spawned":[3,6,8,11,14,19],"ascension_level":20}}