{"host":"33hgl29kcin19vuq","time":1613170226,"event":{"mods":["Act Like it!","BaseMod","BetterRewards","Colored Map","GifTheSpireLib","Halation","Hubris","Infinite Spire","Minty Spire (QoL Compilation)","Replay The Spire","Spire Arcade","StSLib","The Animator"],"gold_per_floor":[117,137,137,163,163,163,212,212,212,241,274,297,297,297,297,319,319,457,457,483,530,530,566,592,592,616,616,642,664,690,733,733,759,759,877,877,903,903,828,828,432,483,483,511,564,564,369,369,391,415,415,459,459,459,459,165,215,215,215],"floor_reached":58,"language":"ENG","playtime":4925,"items_purged":["animator:DwarfShaman+1","animator:Defend"],"score":942,"play_id":"f2ec64ad-75cb-4bd8-8e41-5522131cd613","local_time":"20210213035026","is_ascension_mode":false,"campfire_choices":[{"floor":6,"key":"REST"},{"floor":13,"key":"REST"},{"data":"animator:GuildGirl","floor":17,"key":"SMITH"},{"floor":25,"key":"REST"},{"data":"animator:Ainz","floor":27,"key":"SMITH"},{"floor":32,"key":"RECALL"},{"floor":48,"key":"REST"},{"floor":51,"key":"REST"},{"data":"animator:Hans","floor":54,"key":"SMITH"}],"circlet_count":0,"master_deck":["animator:Strike_GoblinSlayer","animator:Strike","animator:Strike","animator:Strike","animator:Defend","animator:Defend+1","animator:LizardPriest","animator:GuildGirl+1","animator:Sloth+1","animator:Darkness","animator:Chris","animator:Megumin+18","animator:Priestess+1","animator:Aqua","animator:Ainz+1","infinitespire:Gouge","animator:HighElfArcher+1","animator:Hans+1","animator:Greed","animator:Shimakaze","animator:Shimakaze"],"relics":["animator:LivingPicture","animator:TheMissingPiece","Prayer Wheel","infinitespire:BottledMercury","Eternal Feather","infinitespire:CheckeredPen","halation:PrussianBluePaint","Busted Crown","Red Mask","Blue Doll","Regal Pillow","Gremlin Horn","Ring of Chaos","hubris:Towel","halation:PinkSoulGem","Sling","Bag of Preparation","Bottled Lightning","War Paint","MealTicket","Centennial Puzzle","animator:ShionDessert","animator:Buoy","Unceasing Top"],"acts_visited":["Exordium","TheCity","TheBeyond","TheEnding"],"potions_floor_usage":[7,11,18,30,31,33,35,37,42],"damage_taken":[{"damage":8,"enemies":"Small Slimes","floor":1,"turns":6},{"damage":1,"enemies":"Cultist","floor":2,"turns":4},{"damage":1,"enemies":"2 Louse","floor":4,"turns":3},{"damage":2,"enemies":"Replay:BlueRogue","floor":7,"turns":6},{"damage":10,"enemies":"Exordium Thugs","floor":10,"turns":4},{"damage":16,"enemies":"Gremlin Nob","floor":11,"turns":4},{"damage":12,"enemies":"Large Slime","floor":12,"turns":5},{"damage":3,"enemies":"Exordium Wildlife","floor":16,"turns":3},{"damage":36,"enemies":"Hexaghost","floor":18,"turns":12},{"damage":1,"enemies":"Shell Parasite","floor":20,"turns":5},{"damage":9,"enemies":"Masked Bandits","floor":21,"turns":3},{"damage":20,"enemies":"3 Byrds","floor":23,"turns":4},{"damage":1,"enemies":"Snake Plant","floor":26,"turns":3},{"damage":0,"enemies":"Chosen and Byrds","floor":29,"turns":4},{"damage":0,"enemies":"Cultist and Chosen","floor":30,"turns":3},{"damage":4,"enemies":"Replay:Snechameleon","floor":31,"turns":4},{"damage":0,"enemies":"3 Cultists","floor":33,"turns":3},{"damage":26,"enemies":"hubris:MusketHawk","floor":35,"turns":9},{"damage":0,"enemies":"3 Darklings","floor":37,"turns":2},{"damage":64,"enemies":"Nightmare","floor":42,"turns":9},{"damage":0,"enemies":"Orb Walker","floor":44,"turns":2},{"damage":19,"enemies":"Transient","floor":49,"turns":5},{"damage":0,"enemies":"Jaw Worm Horde","floor":50,"turns":2},{"damage":25,"enemies":"Awakened One","floor":52,"turns":13},{"damage":57,"enemies":"Shield and Spear","floor":57,"turns":7},{"damage":25,"enemies":"The Heart","floor":58,"turns":2}],"seed_played":"-5955838754779072694","potions_obtained":[{"floor":1,"key":"animator:FalseLifePotion"},{"floor":10,"key":"Energy Potion"},{"floor":16,"key":"DuplicationPotion"},{"floor":23,"key":"Fire Potion"},{"floor":26,"key":"LifebloodPotion"},{"floor":29,"key":"Swift Potion"},{"floor":31,"key":"Strength Potion"},{"floor":35,"key":"Explosive Potion"},{"floor":37,"key":"SpeedPotion"}],"is_trial":false,"path_per_floor":["M","M","?","M","T","R","E","?","T","M","E","M","R","PTL","PTL","M","R","B",null,"M","?","?","M","T","R","M","R","T","M","M","E","R","M","R_BF","B",null,"M","?","$","?","$","NM","T","M","T","?","$","R","M","M","R","B",null,"R","??","$","E","B"],"character_chosen":"THE_ANIMATOR","items_purchased":["Prayer Wheel","animator:GuildGirl","Sling","Bag of Preparation","animator:Shimakaze","Centennial Puzzle","animator:ShionDessert","animator:Buoy"],"campfire_rested":5,"item_purchase_floors":[0,0,41,41,47,47,56,56],"current_hp_per_floor":[44,43,43,42,42,61,59,59,59,51,37,27,55,55,55,54,63,29,66,66,57,40,23,23,55,56,67,67,67,67,63,67,67,67,41,67,67,67,67,67,67,5,5,7,7,7,22,67,48,48,67,44,67,67,67,67,10,0,0],"gold":215,"neow_bonus":"","is_daily":false,"chose_seed":false,"campfire_upgraded":3,"win_rate":0.0,"timestamp":1613170226,"path_taken":["M","M","?","?","?","R","E","?","T","M","E","M","R","PTL","PTL","?","R","BOSS","M","?","?","M","?","R","M","R","T","M","M","E","R","M","R_BF","BOSS","M","?","$","?","?","NM","?","M","T","?","?","R","M","?","R","BOSS","R","??","$","E","BOSS"],"items_purchased_type":["Relic","Card","Relic","Relic","Card","Relic","Relic","Relic"],"build_version":"2020-12-22","purchased_purges":2,"victory":false,"max_hp_per_floor":[66,66,66,66,66,66,66,66,66,66,66,66,66,66,66,66,66,66,66,66,66,66,67,67,67,67,67,67,67,67,67,67,67,67,67,67,67,67,67,67,67,67,67,67,67,67,67,67,67,67,67,67,67,67,67,67,67,67,67],"card_choices":[{"not_picked":["animator:Berserker","animator:Jibril"],"picked":"animator:Sloth","floor":1},{"not_picked":["animator:Demiurge","animator:Konayuki"],"picked":"animator:Darkness","floor":1},{"not_picked":["animator:Sebas","animator:Berserker"],"picked":"animator:Chris","floor":2},{"not_picked":["animator:Assassin","animator:Caster","animator:RinTohsaka"],"picked":"SKIP","floor":2},{"not_picked":["animator:LizardPriest","animator:ElricAlphonse"],"picked":"animator:Megumin","floor":4},{"not_picked":["animator:DwarfShaman","animator:Vanir"],"picked":"animator:Priestess","floor":4},{"not_picked":["animator:Vanir","animator:Verdia"],"picked":"animator:Aqua","floor":7},{"not_picked":["animator:DolaRiku","animator:DolaStephanie","animator:Albedo"],"picked":"SKIP","floor":10},{"not_picked":["animator:DolaRiku","animator:ShinjiMatou","animator:Illya"],"picked":"SKIP","floor":10},{"not_picked":["animator:Vanir","animator:Biyorigo","animator:Aqua"],"picked":"SKIP","floor":11},{"not_picked":["animator:Demiurge","animator:Emonzaemon","animator:Gluttony"],"picked":"SKIP","floor":12},{"not_picked":["animator:Cocytus","animator:Konayuki","animator:Evileye"],"picked":"SKIP","floor":12},{"not_picked":["animator:Shiro","animator:Gluttony","animator:MaesHughes"],"picked":"SKIP","floor":16},{"not_picked":["animator:HigakiRinne","animator:SwordMaiden"],"picked":"animator:Ainz","floor":18},{"not_picked":["animator:Verdia"],"picked":"SKIP","floor":20},{"not_picked":["animator:Evileye"],"picked":"SKIP","floor":20},{"not_picked":["ReplayTheSpireMod:Chaos Vortex","ReplayTheSpireMod:Echoes of Time"],"picked":"infinitespire:Gouge","floor":22},{"not_picked":[],"picked":"animator:HighElfArcher+1","floor":23},{"not_picked":["animator:Verdia"],"picked":"SKIP","floor":23},{"not_picked":["animator:Vanir"],"picked":"SKIP","floor":26},{"not_picked":["animator:Gluttony+1"],"picked":"SKIP","floor":26},{"not_picked":["animator:Vanir"],"picked":"SKIP","floor":26},{"not_picked":["animator:Gluttony+1"],"picked":"SKIP","floor":26},{"not_picked":["animator:Rider"],"picked":"SKIP","floor":29},{"not_picked":["animator:PandorasActor"],"picked":"SKIP","floor":30},{"not_picked":["animator:MaesHughes"],"picked":"SKIP","floor":30},{"not_picked":["animator:TsurugaMeisai"],"picked":"SKIP","floor":31},{"not_picked":[],"picked":"animator:Hans","floor":33},{"not_picked":["animator:Tet"],"picked":"SKIP","floor":33},{"not_picked":[],"picked":"animator:Greed","floor":35},{"not_picked":["animator:Illya"],"picked":"SKIP","floor":37},{"not_picked":["animator:Mitsurugi+1"],"picked":"SKIP","floor":42},{"not_picked":["animator:Lancer+1"],"picked":"SKIP","floor":44},{"not_picked":["animator:Gluttony"],"picked":"SKIP","floor":44},{"not_picked":["animator:DolaCouronne"],"picked":"SKIP","floor":49},{"not_picked":["animator:Tet+1"],"picked":"SKIP","floor":49},{"not_picked":["animator:Eris"],"picked":"SKIP","floor":50},{"not_picked":["animator:Spearman+1"],"picked":"SKIP","floor":50},{"not_picked":["animator:WinryRockbell"],"picked":"SKIP","floor":57}],"player_experience":152507,"relics_obtained":[{"floor":5,"key":"infinitespire:BottledMercury"},{"floor":7,"key":"Eternal Feather"},{"floor":8,"key":"infinitespire:CheckeredPen"},{"floor":11,"key":"halation:PrussianBluePaint"},{"floor":21,"key":"Red Mask"},{"floor":24,"key":"Blue Doll"},{"floor":28,"key":"Regal Pillow"},{"floor":31,"key":"Gremlin Horn"},{"floor":42,"key":"Bottled Lightning"},{"floor":43,"key":"War Paint"},{"floor":45,"key":"MealTicket"},{"floor":57,"key":"Unceasing Top"}],"event_choices":[{"damage_healed":0,"gold_gain":0,"player_choice":"Upgraded","damage_taken":0,"max_hp_gain":0,"max_hp_loss":0,"event_name":"Upgrade Shrine","floor":3,"gold_loss":0,"cards_upgraded":["animator:Sloth"]},{"damage_healed":0,"gold_gain":0,"player_choice":"Relic","damage_taken":0,"max_hp_gain":0,"max_hp_loss":0,"event_name":"Wheel of Change","floor":8,"gold_loss":0},{"damage_healed":0,"gold_gain":0,"player_choice":"Fought Bandits","damage_taken":0,"max_hp_gain":0,"max_hp_loss":0,"event_name":"Masked Bandits","floor":21,"gold_loss":0},{"cards_removed":["animator:Defend_GoblinSlayer"],"damage_healed":0,"gold_gain":0,"player_choice":"Removed Skill","damage_taken":0,"max_hp_gain":0,"max_hp_loss":0,"event_name":"Falling","floor":46,"gold_loss":0}],"is_beta":false,"boss_relics":[{"not_picked":["SacredBark","Honey Jar"],"picked":"Busted Crown"},{"not_picked":["halation:CatFaceCupcake","hubris:CrackedHourglass"],"picked":"Ring of Chaos"}],"items_purged_floors":[39,41],"is_endless":false,"potions_floor_spawned":[1,10,16,23,26,29,31,35,37],"killed_by":"The Heart","ascension_level":0}}