{"host":"91blwi3hgehj6ch9","time":1613162154,"event":{"mods":["2.2 Compatiblity","AchievementEnabler","BaseMod","Colored Map","DeckTracker","Keyboard Shortcuts","Minty Spire (QoL Compilation)","Permanent Neow","Quick Restart","StSLib","SuperFastMode","everything is the same but u backflip on backflip"],"gold_per_floor":[113,129,129,140,140,140,22,22,45,45,55,55,71,71,71,145,145,160,160,60,74,89,89,89,101,101,120,120,120,139,152,152,152,152],"floor_reached":33,"language":"KOR","playtime":1058,"items_purged":["Defend_G","Strike_G"],"score":454,"play_id":"e2f05762-bd50-40dd-aaae-3759ca7f40c0","local_time":"20210213053554","is_ascension_mode":true,"campfire_choices":[{"data":"Blade Dance","floor":6,"key":"SMITH"},{"data":"Neutralize","floor":10,"key":"SMITH"},{"data":"Blade Dance","floor":15,"key":"SMITH"},{"data":"Adrenaline","floor":23,"key":"SMITH"},{"data":"Backflip","floor":28,"key":"SMITH"},{"floor":32,"key":"REST"}],"circlet_count":0,"master_deck":["AscendersBane","Strike_G","Strike_G","Defend_G","Defend_G","Defend_G","Defend_G","Survivor","Neutralize+1","Heel Hook","Blade Dance+1","Backflip+1","Escape Plan","Blade Dance+1","Adrenaline+1","PiercingWail+1","Leg Sweep+1"],"relics":["Ring of the Snake","NeowsBlessing","Frozen Egg 2","WristBlade","WingedGreaves"],"acts_visited":["Exordium","TheCity"],"potions_floor_usage":[16,16,33,33],"damage_taken":[{"damage":0,"enemies":"Small Slimes","floor":1,"turns":1},{"damage":0,"enemies":"Cultist","floor":2,"turns":1},{"damage":0,"enemies":"2 Louse","floor":4,"turns":1},{"damage":14,"enemies":"Exordium Thugs","floor":11,"turns":5},{"damage":0,"enemies":"Large Slime","floor":13,"turns":4},{"damage":17,"enemies":"Hexaghost","floor":16,"turns":10},{"damage":0,"enemies":"2 Thieves","floor":18,"turns":3},{"damage":0,"enemies":"Chosen","floor":21,"turns":3},{"damage":19,"enemies":"Snake Plant","floor":22,"turns":6},{"damage":15,"enemies":"Shelled Parasite and Fungi","floor":25,"turns":3},{"damage":2,"enemies":"Snecko","floor":27,"turns":5},{"damage":0,"enemies":"3 Cultists","floor":30,"turns":4},{"damage":12,"enemies":"Snake Plant","floor":31,"turns":5},{"damage":31,"enemies":"Champ","floor":33,"turns":11}],"seed_played":"8493035951721396818","potions_obtained":[{"floor":1,"key":"AttackPotion"},{"floor":2,"key":"LiquidMemories"},{"floor":3,"key":"SteroidPotion"},{"floor":22,"key":"Ancient Potion"},{"floor":30,"key":"SpeedPotion"}],"is_trial":false,"path_per_floor":["M","M","?","M","?","R","$","T","T","R","M","$","M","$","R","B",null,"M","?","$","M","M","R","?","M","T","M","R","?","M","M","R","B"],"character_chosen":"THE_SILENT","items_purchased":["Escape Plan"],"campfire_rested":1,"item_purchase_floors":[7],"current_hp_per_floor":[59,59,59,59,59,59,59,59,59,59,45,45,45,45,45,28,57,57,57,57,57,38,38,38,23,23,21,21,21,21,9,28,0,0],"gold":152,"neow_bonus":"THREE_ENEMY_KILL","is_daily":false,"chose_seed":false,"campfire_upgraded":5,"win_rate":0.0,"timestamp":1613162154,"path_taken":["M","M","?","?","?","R","$","?","T","R","M","$","M","$","R","BOSS","M","?","$","M","?","R","?","M","T","?","R","?","?","M","R","BOSS"],"items_purchased_type":["Card"],"build_version":"2020-12-22","purchased_purges":2,"victory":false,"max_hp_per_floor":[66,66,66,66,66,66,66,66,66,66,66,66,66,66,66,66,66,66,66,66,66,66,66,66,66,66,66,66,66,66,66,66,66,66],"card_choices":[{"not_picked":["Flying Knee","Deadly Poison"],"picked":"Heel Hook","floor":1},{"not_picked":["Terror","Flechettes"],"picked":"Blade Dance","floor":2},{"not_picked":["Endless Agony","Outmaneuver"],"picked":"Backflip","floor":4},{"not_picked":["Dagger Spray","Choke"],"picked":"Blade Dance","floor":11},{"not_picked":["Quick Slash","Noxious Fumes+1","Poisoned Stab"],"picked":"SKIP","floor":13},{"not_picked":["Storm of Steel","Grand Finale"],"picked":"Adrenaline","floor":16},{"not_picked":["Dagger Throw+1","Dagger Spray","Dodge and Roll"],"picked":"SKIP","floor":18},{"not_picked":["Backflip","Leg Sweep"],"picked":"PiercingWail+1","floor":21},{"not_picked":["Dagger Throw","Slice","Sucker Punch"],"picked":"SKIP","floor":22},{"not_picked":["Bane+1","Outmaneuver"],"picked":"Leg Sweep","floor":25},{"not_picked":["Deflect","Sucker Punch","Backflip"],"picked":"SKIP","floor":27},{"not_picked":["Cloak And Dagger","Catalyst","Crippling Poison"],"picked":"SKIP","floor":30},{"not_picked":["Underhanded Strike","Dagger Spray+1","Bouncing Flask"],"picked":"SKIP","floor":31}],"player_experience":233447,"relics_obtained":[{"floor":8,"key":"Frozen Egg 2"},{"floor":26,"key":"WingedGreaves"}],"event_choices":[{"damage_healed":0,"gold_gain":0,"player_choice":"Got Potions","damage_taken":0,"max_hp_gain":0,"max_hp_loss":0,"event_name":"Lab","floor":3,"gold_loss":0},{"cards_removed":["Strike_G"],"damage_healed":0,"gold_gain":0,"player_choice":"Card Removal","damage_taken":0,"max_hp_gain":0,"max_hp_loss":0,"event_name":"Wheel of Change","floor":5,"gold_loss":0},{"cards_removed":["Strike_G"],"damage_healed":0,"gold_gain":0,"player_choice":"Offered Basic","damage_taken":0,"max_hp_gain":0,"max_hp_loss":0,"event_name":"Bonfire Elementals","floor":19,"gold_loss":0},{"damage_healed":0,"gold_gain":0,"player_choice":"Ignored","damage_taken":0,"max_hp_gain":0,"max_hp_loss":0,"event_name":"N\u0027loth","floor":24,"gold_loss":0},{"damage_healed":0,"gold_gain":0,"player_choice":"Upgraded","damage_taken":0,"max_hp_gain":0,"max_hp_loss":0,"event_name":"Upgrade Shrine","floor":29,"gold_loss":0,"cards_upgraded":["Leg Sweep"]}],"is_beta":false,"boss_relics":[{"not_picked":["SlaversCollar","Astrolabe"],"picked":"WristBlade"}],"items_purged_floors":[7,20],"is_endless":false,"potions_floor_spawned":[1,2,11,13,22,30],"killed_by":"Champ","ascension_level":18}}