{"host":"lg52aq764g9v2r4m","time":1613123795,"event":{"mods":["2.2 Compatiblity","BaseMod","Minty Spire (QoL Compilation)"],"gold_per_floor":[117,133,133,133,146,173,173,191,191,191,0,0,0,10,10,114,114,102,102,21,21,39,52,79,79,79,79,110,110,139,163,175,288,300,332,360,372,402,69,96,106,106,106,106,119,136,14,14,14,14],"floor_reached":51,"language":"ENG","playtime":5596,"items_purged":["Defend_R","Wild Strike"],"score":781,"play_id":"cb7b9f32-7074-4cb5-8bde-4d36e28d90c6","local_time":"20210212045635","is_ascension_mode":true,"campfire_choices":[{"data":"Armaments","floor":7,"key":"SMITH"},{"floor":12,"key":"REST"},{"floor":15,"key":"REST"},{"floor":29,"key":"REST"},{"floor":32,"key":"REST"},{"data":"Limit Break","floor":42,"key":"SMITH"},{"data":"Barricade","floor":44,"key":"SMITH"},{"data":"Corruption","floor":49,"key":"SMITH"}],"circlet_count":0,"master_deck":["Strike_R","Strike_R","Strike_R","Strike_R","Defend_R","Defend_R","Defend_R","Bash","Fire Breathing","Flex","Bash","Spot Weakness","Armaments+1","Corruption+1","Thunderclap","Limit Break+1","CurseOfTheBell","Pummel","Whirlwind","Uppercut","Intimidate","Twin Strike","Flame Barrier","Barricade+1","Pommel Strike","Heavy Blade+1","Heavy Blade+1","Flex+1","Limit Break","Flex","Metallicize","Thunderclap","Sword Boomerang+1","Pummel+1"],"relics":["Burning Blood","Thread and Needle","Matryoshka","Potion Belt","Shuriken","Pen Nib","Toy Ornithopter","Calling Bell","Anchor","Mummified Hand","Lizard Tail","Centennial Puzzle","Bag of Marbles","Enchiridion","Bag of Preparation","Bronze Scales","Ornamental Fan","MawBank","Philosopher\u0027s Stone","Membership Card","Self Forming Clay","Mango","PreservedInsect"],"acts_visited":["Exordium","TheCity","TheBeyond"],"potions_floor_usage":[6,6,14,18,24,28,28,28,38,38,40,40,40,40],"damage_taken":[{"damage":3,"enemies":"Small Slimes","floor":1,"turns":5},{"damage":0,"enemies":"Cultist","floor":2,"turns":3},{"damage":7,"enemies":"Jaw Worm","floor":5,"turns":3},{"damage":33,"enemies":"Gremlin Nob","floor":6,"turns":5},{"damage":11,"enemies":"Exordium Thugs","floor":8,"turns":6},{"damage":11,"enemies":"Large Slime","floor":14,"turns":6},{"damage":58,"enemies":"Hexaghost","floor":16,"turns":8},{"damage":11,"enemies":"2 Thieves","floor":18,"turns":4},{"damage":12,"enemies":"Shell Parasite","floor":22,"turns":3},{"damage":22,"enemies":"Cultist and Chosen","floor":23,"turns":5},{"damage":25,"enemies":"Gremlin Leader","floor":24,"turns":6},{"damage":41,"enemies":"Slavers","floor":28,"turns":5},{"damage":18,"enemies":"Gremlin Leader","floor":30,"turns":5},{"damage":6,"enemies":"Snecko","floor":31,"turns":4},{"damage":59,"enemies":"Automaton","floor":33,"turns":8},{"damage":21,"enemies":"3 Shapes","floor":35,"turns":3},{"damage":0,"enemies":"Orb Walker","floor":36,"turns":2},{"damage":17,"enemies":"Transient","floor":38,"turns":5},{"damage":9,"enemies":"Giant Head","floor":40,"turns":7},{"damage":10,"enemies":"Spire Growth","floor":41,"turns":4},{"damage":11,"enemies":"3 Darklings","floor":45,"turns":4},{"damage":9,"enemies":"Sphere and 2 Shapes","floor":46,"turns":4},{"damage":38,"enemies":"Time Eater","floor":50,"turns":5}],"seed_played":"-2217372204502936562","potions_obtained":[{"floor":1,"key":"Block Potion"},{"floor":5,"key":"Regen Potion"},{"floor":8,"key":"Explosive Potion"},{"floor":16,"key":"Weak Potion"},{"floor":22,"key":"Strength Potion"},{"floor":24,"key":"LiquidBronze"},{"floor":30,"key":"SneckoOil"},{"floor":33,"key":"SneckoOil"},{"floor":38,"key":"GamblersBrew"},{"floor":45,"key":"EssenceOfSteel"}],"is_trial":false,"path_per_floor":["M","M","?","?","M","E","R","M","T","?","$","R","$","M","R","B",null,"M","?","$","$","M","M","E","?","T","?","E","R","E","M","R","B",null,"M","M","?","M","$","E","M","R","T","R","M","M","$","$","R","B",null],"character_chosen":"IRONCLAD","items_purchased":["Toy Ornithopter","SpeedPotion","Whirlwind","Membership Card","EntropicBrew","Limit Break","Flex","Metallicize","PreservedInsect"],"campfire_rested":4,"item_purchase_floors":[11,11,20,39,39,39,39,39,47],"current_hp_per_floor":[59,65,58,58,57,42,42,37,37,30,30,54,54,54,78,26,80,75,75,75,75,69,53,39,23,23,11,31,55,43,43,67,14,80,65,71,71,70,70,77,73,73,87,87,82,79,79,79,79,47],"gold":14,"neow_bonus":"ONE_RARE_RELIC","is_daily":false,"chose_seed":false,"campfire_upgraded":4,"win_rate":0.0,"timestamp":1613123795,"path_taken":["M","M","?","?","?","E","R","?","T","?","$","R","$","M","R","BOSS","M","?","?","$","M","M","E","?","T","?","E","R","E","?","R","BOSS","M","M","?","M","?","E","?","R","T","R","M","M","?","$","R","BOSS"],"items_purchased_type":["Relic","Potion","Card","Relic","Potion","Card","Card","Card","Relic"],"build_version":"2020-12-22","purchased_purges":2,"victory":true,"max_hp_per_floor":[80,80,80,80,80,80,80,80,80,80,80,80,80,80,80,80,80,80,80,80,80,80,80,80,80,80,80,80,80,80,80,80,80,80,80,80,80,80,80,80,80,80,94,94,94,94,94,94,94,94],"card_choices":[{"not_picked":["Thunderclap","Warcry"],"picked":"Fire Breathing","floor":1},{"not_picked":["Pummel","Shrug It Off"],"picked":"Flex","floor":2},{"not_picked":["Anger","Cleave"],"picked":"Armaments","floor":5},{"not_picked":["Berserk","Body Slam"],"picked":"Corruption","floor":6},{"not_picked":["Twin Strike","Headbutt"],"picked":"Wild Strike","floor":8},{"not_picked":["Anger","Clothesline"],"picked":"Thunderclap","floor":14},{"not_picked":["Feed","Fiend Fire"],"picked":"Limit Break","floor":16},{"not_picked":["Armaments","Wild Strike"],"picked":"Pummel","floor":18},{"not_picked":["Anger","Dark Embrace","Clash"],"picked":"SKIP","floor":22},{"not_picked":["Cleave","Headbutt+1"],"picked":"Uppercut","floor":23},{"not_picked":["Metallicize","Clothesline"],"picked":"Intimidate","floor":24},{"not_picked":["Pummel","Reckless Charge","Anger"],"picked":"SKIP","floor":28},{"not_picked":["Spot Weakness","Wild Strike+1"],"picked":"Twin Strike","floor":30},{"not_picked":["Inflame","Barricade"],"picked":"Flame Barrier","floor":31},{"not_picked":["Bludgeon","Reaper"],"picked":"Barricade","floor":33},{"not_picked":["Clash+1","Combust+1"],"picked":"Pommel Strike","floor":35},{"not_picked":["Clash","Rage"],"picked":"Heavy Blade+1","floor":36},{"not_picked":["Dual Wield","Carnage"],"picked":"Flex+1","floor":38},{"not_picked":["Rage+1","Sever Soul"],"picked":"Thunderclap","floor":40},{"not_picked":["Cleave","Shrug It Off","Headbutt+1"],"picked":"SKIP","floor":41},{"not_picked":["Perfected Strike","Metallicize+1"],"picked":"Sword Boomerang+1","floor":45},{"not_picked":["Wild Strike","Body Slam"],"picked":"Pummel+1","floor":46}],"player_experience":73734,"relics_obtained":[{"floor":6,"key":"Matryoshka"},{"floor":9,"key":"Potion Belt"},{"floor":9,"key":"Shuriken"},{"floor":17,"key":"Anchor"},{"floor":17,"key":"Mummified Hand"},{"floor":17,"key":"Lizard Tail"},{"floor":19,"key":"Centennial Puzzle"},{"floor":24,"key":"Bag of Marbles"},{"floor":25,"key":"Enchiridion"},{"floor":26,"key":"Bag of Preparation"},{"floor":26,"key":"Bronze Scales"},{"floor":28,"key":"Ornamental Fan"},{"floor":30,"key":"MawBank"},{"floor":40,"key":"Self Forming Clay"},{"floor":43,"key":"Mango"}],"event_choices":[{"cards_removed":["Strike_R"],"damage_healed":0,"gold_gain":0,"player_choice":"Card Removal","damage_taken":7,"max_hp_gain":0,"max_hp_loss":0,"event_name":"Golden Wing","floor":3,"gold_loss":0},{"damage_healed":0,"gold_gain":0,"player_choice":"2 cards matched","damage_taken":0,"max_hp_gain":0,"max_hp_loss":0,"event_name":"Match and Keep!","floor":4,"gold_loss":0,"cards_obtained":["Bash","Spot Weakness"]},{"damage_healed":0,"gold_gain":0,"player_choice":"Success","damage_taken":7,"relics_obtained":["Pen Nib"],"max_hp_gain":0,"max_hp_loss":0,"event_name":"Scrap Ooze","floor":10,"gold_loss":0},{"damage_healed":0,"gold_gain":0,"player_choice":"Relic","damage_taken":0,"max_hp_gain":0,"max_hp_loss":0,"event_name":"Wheel of Change","floor":19,"gold_loss":0},{"damage_healed":0,"gold_gain":0,"player_choice":"Obtained Book","damage_taken":16,"max_hp_gain":0,"max_hp_loss":0,"event_name":"Cursed Tome","floor":25,"gold_loss":0},{"damage_healed":0,"gold_gain":0,"player_choice":"POTION ","damage_taken":12,"max_hp_gain":0,"max_hp_loss":0,"event_name":"Knowing Skull","floor":27,"potions_obtained":["LiquidBronze"],"gold_loss":0,"cards_obtained":[]},{"damage_healed":0,"gold_gain":0,"player_choice":"Copied","damage_taken":0,"max_hp_gain":0,"max_hp_loss":0,"event_name":"Duplicator","floor":37,"gold_loss":0,"cards_obtained":["Heavy Blade"]}],"is_beta":false,"boss_relics":[{"not_picked":["Busted Crown","Ectoplasm"],"picked":"Calling Bell"},{"not_picked":["Black Star","Snecko Eye"],"picked":"Philosopher\u0027s Stone"}],"items_purged_floors":[39,47],"is_endless":false,"potions_floor_spawned":[1,5,8,16,22,24,30,33,38,45],"ascension_level":2}}