{"host":"bgyhjzqafgkxdxsh","time":1613107715,"event":{"mods":["BaseMod","Colored Map","Minty Spire (QoL Compilation)","Relic Stats","StSLib","everything is the same but u backflip on backflip"],"gold_per_floor":[114,39,56,72,91,91,120,120,145,161,161,173,191,224,224,224,224],"floor_reached":16,"language":"ENG","playtime":606,"items_purged":["Decay"],"score":194,"play_id":"3a85b7f4-a44c-4f9f-8b3a-cd701e2990c0","local_time":"20210212152835","is_ascension_mode":true,"campfire_choices":[{"data":"Blur","floor":6,"key":"SMITH"},{"data":"PiercingWail","floor":8,"key":"SMITH"},{"data":"Adrenaline","floor":11,"key":"SMITH"},{"data":"Footwork","floor":15,"key":"SMITH"}],"circlet_count":0,"master_deck":["AscendersBane","Strike_G","Strike_G","Strike_G","Strike_G","Strike_G","Defend_G","Defend_G","Defend_G+1","Defend_G","Defend_G","Survivor","Neutralize","Corpse Explosion+1","Blur+1","Poisoned Stab","Well Laid Plans","Deadly Poison","PiercingWail+1","Adrenaline+1","Backflip","Footwork+1"],"relics":["Ring of the Snake","Blood Vial","War Paint","Lantern"],"acts_visited":["Exordium"],"potions_floor_usage":[12,13,14,16,16],"damage_taken":[{"damage":3,"enemies":"Cultist","floor":1,"turns":4},{"damage":0,"enemies":"2 Louse","floor":3,"turns":2},{"damage":10,"enemies":"Small Slimes","floor":4,"turns":4},{"damage":8,"enemies":"Exordium Thugs","floor":5,"turns":4},{"damage":11,"enemies":"3 Sentries","floor":7,"turns":5},{"damage":7,"enemies":"3 Louse","floor":10,"turns":2},{"damage":0,"enemies":"Blue Slaver","floor":12,"turns":4},{"damage":1,"enemies":"Red Slaver","floor":13,"turns":2},{"damage":10,"enemies":"Gremlin Nob","floor":14,"turns":4},{"damage":35,"enemies":"Slime Boss","floor":16,"turns":9}],"seed_played":"4982337021858571582","potions_obtained":[{"floor":1,"key":"Fruit Juice"},{"floor":10,"key":"AttackPotion"},{"floor":12,"key":"LiquidMemories"},{"floor":13,"key":"BlessingOfTheForge"},{"floor":14,"key":"ColorlessPotion"}],"is_trial":false,"path_per_floor":["M","$","M","M","M","R","E","R","T","M","R","M","M","E","R","B"],"character_chosen":"THE_SILENT","items_purchased":[],"campfire_rested":0,"item_purchase_floors":[],"current_hp_per_floor":[56,56,56,46,38,38,27,27,27,22,22,29,30,22,22,0,0],"gold":224,"neow_bonus":"THREE_RARE_CARDS","is_daily":false,"chose_seed":false,"campfire_upgraded":4,"win_rate":0.0,"timestamp":1613107715,"path_taken":["M","$","M","M","M","R","E","R","T","M","R","M","M","E","R","BOSS"],"items_purchased_type":[],"build_version":"2020-12-22","purchased_purges":1,"victory":false,"max_hp_per_floor":[66,66,66,66,66,66,66,66,66,66,66,71,71,71,71,71,71],"relic_stats":{"Blood Vial":10,"counters":[10,40],"War Paint":["Corpse Explosion","Defend_G"],"obtain_stats":[{"Blood Vial":7,"Lantern":14,"War Paint":9,"Ring of the Snake":0},{"Blood Vial":5,"Lantern":9,"War Paint":5,"Ring of the Snake":0},{"Blood Vial":19,"Lantern":31,"War Paint":19,"Ring of the Snake":0}],"Ring of the Snake":[20]},"card_choices":[{"not_picked":["Venomology","Doppelganger"],"picked":"Corpse Explosion","floor":0},{"not_picked":["Underhanded Strike","Acrobatics"],"picked":"Blur","floor":1},{"not_picked":["Underhanded Strike","Sucker Punch"],"picked":"Poisoned Stab","floor":3},{"not_picked":["Terror","Setup"],"picked":"Well Laid Plans","floor":4},{"not_picked":["Dagger Throw","Concentrate"],"picked":"Deadly Poison","floor":5},{"not_picked":["Skewer","Underhanded Strike"],"picked":"PiercingWail","floor":7},{"not_picked":["Blur","Prepared"],"picked":"Adrenaline","floor":10},{"not_picked":["Dagger Spray","Setup"],"picked":"Backflip","floor":12},{"not_picked":["Dagger Spray","Expertise"],"picked":"Footwork","floor":13},{"not_picked":["Endless Agony","Sucker Punch","Dagger Throw"],"picked":"SKIP","floor":14}],"player_experience":509579,"relics_obtained":[{"floor":7,"key":"Blood Vial"},{"floor":9,"key":"War Paint"},{"floor":14,"key":"Lantern"}],"event_choices":[],"is_beta":false,"boss_relics":[],"items_purged_floors":[2],"is_endless":false,"potions_floor_spawned":[1,10,12,13,14],"killed_by":"Slime Boss","ascension_level":14}}