{"host":"w8xisjf5mgmfjvmt","time":1613107132,"event":{"mods":["ATMod(°¢èªMod)","BaseMod","BetterRewards","Challenge The Spire","Conspire","Energized Spire","Filter the Spire","Minty Spire (QoL Compilation)","Quarter Circle Forward PUNCH!","Quick Restart","Relic Filter Mod","Relic Stats","Reliquary","Replay The Spire","Say the Spire","Shop Mod","Spicy Shops","StSLib","Thieving Mod","¡¾ÒÅÎï¿¨ÅÆ¡¿REMEMod","óô»ðÖ¸ÄÏ"],"gold_per_floor":[117,117,117,42,56,56,85,104,130,164,179,204,50,0,0,0,0],"floor_reached":16,"language":"ZHS","playtime":356,"items_purged":["Strike_R","Strike_R"],"score":286,"play_id":"82e6d961-28e9-4a2a-ae98-32e3a9fd14b3","local_time":"20210212131852","is_ascension_mode":true,"campfire_choices":[{"data":"Demon Form","floor":6.0,"key":"SMITH"},{"data":"Armaments","floor":15,"key":"SMITH"}],"circlet_count":0,"master_deck":["AscendersBane","Strike_R","Strike_R","Strike_R","Defend_R","Defend_R","Defend_R","Defend_R","Bash","AT_FamilyPortrait","Demon Form+1","Pommel Strike+1","Sword Boomerang","Havoc","REME_Scribble","Hemokinesis","Intimidate","Armaments+1"],"relics":["REME_ComplimentaryCards","AT_ATBox","Coffee Dripper","reliquary:Knoch","reliquary:TridentHead","Ancient Tea Set","reliquary:Stiletto","AT_SpeedBoots"],"acts_visited":["Exordium"],"potions_floor_usage":[16],"damage_taken":[{"damage":0.0,"enemies":"Small Slimes","floor":1.0,"turns":3.0},{"damage":4.0,"enemies":"Jaw Worm","floor":5.0,"turns":4.0},{"damage":0.0,"enemies":"Gremlin Nob","floor":7.0,"turns":2.0},{"damage":1.0,"enemies":"2 Louse","floor":8.0,"turns":2.0},{"damage":12.0,"enemies":"Lagavulin","floor":10.0,"turns":6.0},{"damage":9.0,"enemies":"Looter","floor":11.0,"turns":3.0},{"damage":16.0,"enemies":"3 Sentries","floor":12.0,"turns":4.0},{"damage":5,"enemies":"The Guardian","floor":16,"turns":2}],"seed_played":"5506997677607798088","potions_obtained":[{"floor":5.0,"key":"Adrenaline Potion"},{"floor":7.0,"key":"Block Potion"},{"floor":12.0,"key":"Weak Potion"}],"is_trial":false,"path_per_floor":["M","?","?","$","M","R","E","M","T","E","M","E","$","?","R","B"],"character_chosen":"IRONCLAD","items_purchased":["Armaments"],"campfire_rested":0,"item_purchase_floors":[13],"current_hp_per_floor":[68,68,42,42,38,38,38,37,37,27,20,6,6,6,6,4,4],"gold":0,"neow_bonus":"BOSS_RELIC","is_daily":false,"chose_seed":false,"campfire_upgraded":2,"win_rate":0.0,"timestamp":1613107132,"path_taken":["M","?","?","?","M","R","E","M","T","E","M","E","$","?","R","BOSS"],"items_purchased_type":["Card"],"build_version":"2020-12-22","purchased_purges":2,"victory":false,"max_hp_per_floor":[75,75,75,75,75,75,75,75,75,77,79,81,81,81,81,84,84],"relic_stats":{"counters":[8,26],"obtain_stats":[{"reliquary:TridentHead":7,"AT_SpeedBoots":12,"AT_ATBox":0,"reliquary:Stiletto":10,"Coffee Dripper":0,"reliquary:Knoch":3,"Ancient Tea Set":9,"Burning Blood":0,"REME_ComplimentaryCards":0},{"reliquary:TridentHead":3,"AT_SpeedBoots":7,"AT_ATBox":0,"reliquary:Stiletto":5,"Coffee Dripper":0,"reliquary:Knoch":1,"Ancient Tea Set":4,"Burning Blood":0,"REME_ComplimentaryCards":0},{"reliquary:TridentHead":9,"AT_SpeedBoots":24,"AT_ATBox":0,"reliquary:Stiletto":17,"Coffee Dripper":0,"reliquary:Knoch":3,"Ancient Tea Set":11,"Burning Blood":0,"REME_ComplimentaryCards":0}]},"card_choices":[{"not_picked":["Heavy Blade","Run Through"],"picked":"Pommel Strike","floor":1.0},{"not_picked":["Pommel Strike","Twin Strike"],"picked":"Sword Boomerang","floor":5.0},{"not_picked":["Run Through","Clothesline"],"picked":"Havoc","floor":7.0},{"not_picked":["Iron Wave","Combust"],"picked":"REME_Scribble","floor":8.0},{"not_picked":["Dropkick","Havoc","Sword Boomerang"],"picked":"SKIP","floor":10.0},{"not_picked":["Brutality","Rage"],"picked":"Hemokinesis","floor":11.0},{"not_picked":["Havoc","Warcry"],"picked":"Intimidate","floor":12.0}],"player_experience":1336581,"relics_obtained":[{"floor":7.0,"key":"reliquary:TridentHead"},{"floor":9.0,"key":"Ancient Tea Set"},{"floor":10.0,"key":"reliquary:Stiletto"},{"floor":12.0,"key":"AT_SpeedBoots"}],"event_choices":[{"damage_healed":0.0,"max_hp_gain":0.0,"max_hp_loss":0.0,"gold_gain":0.0,"event_name":"Scrap Ooze","player_choice":"Success","floor":3.0,"gold_loss":0.0,"damage_taken":26.0,"relics_obtained":["reliquary:Knoch"]},{"damage_healed":0,"gold_gain":0,"player_choice":"Left Gold","damage_taken":0,"max_hp_gain":0,"max_hp_loss":0,"event_name":"World of Goop","floor":14,"gold_loss":50}],"is_beta":false,"boss_relics":[],"items_purged_floors":[4,13],"is_endless":false,"potions_floor_spawned":[5,7,12],"killed_by":"The Guardian","ascension_level":20}}