{"host":"g2yp6paluzgljz05","time":1613145306,"event":{"mods":["BaseMod","Bestiary","Colored Powertips","DeckTracker","Highlight Path","Minty Spire (QoL Compilation)","Quick Restart"],"gold_per_floor":[111,111,123,1,13,45,45,45,45],"floor_reached":8,"language":"ENG","playtime":381,"items_purged":["Strike_B"],"score":67,"play_id":"d90a7c3e-6459-47ce-bbb8-c53db19bf533","local_time":"20210213025506","is_ascension_mode":true,"campfire_choices":[{"data":"Chaos","floor":7,"key":"SMITH"}],"circlet_count":0,"master_deck":["Strike_B","Defend_B","Defend_B","Defend_B","Defend_B","Zap","Dualcast","Chaos+1","Conserve Battery","Recycle","Coolheaded","Hello World"],"relics":["Cracked Core","Question Card"],"acts_visited":["Exordium"],"potions_floor_usage":[],"damage_taken":[{"damage":0,"enemies":"Cultist","floor":1,"turns":3},{"damage":5,"enemies":"Small Slimes","floor":3,"turns":3},{"damage":5,"enemies":"Jaw Worm","floor":5,"turns":3},{"damage":21,"enemies":"Lagavulin","floor":6,"turns":7},{"damage":7,"enemies":"Gremlin Nob","floor":8,"turns":3}],"seed_played":"-3606963654121960455","potions_obtained":[{"floor":1,"key":"SkillPotion"},{"floor":6,"key":"LiquidBronze"}],"is_trial":false,"path_per_floor":["M","?","M","$","M","E","R","E"],"character_chosen":"DEFECT","items_purchased":["Coolheaded"],"campfire_rested":0,"item_purchase_floors":[4],"current_hp_per_floor":[75,75,70,70,65,44,44,37,37],"gold":45,"neow_bonus":"TRANSFORM_TWO_CARDS","is_daily":false,"chose_seed":false,"campfire_upgraded":1,"win_rate":0.0,"timestamp":1613145306,"path_taken":["M","?","M","$","M","E","R","E"],"items_purchased_type":["Card"],"build_version":"2020-12-22","purchased_purges":1,"victory":false,"max_hp_per_floor":[75,75,75,75,75,75,75,75,75],"card_choices":[{"not_picked":["Compile Driver","Turbo","Sweeping Beam"],"picked":"SKIP","floor":1},{"not_picked":["Gash","Leap"],"picked":"Recycle","floor":3},{"not_picked":["Hologram","Steam"],"picked":"Hello World","floor":5},{"not_picked":["Force Field","Steam Power","Lockon"],"picked":"SKIP","floor":6}],"player_experience":364311,"relics_obtained":[{"floor":6,"key":"Question Card"}],"event_choices":[{"cards_removed":["Shame"],"damage_healed":0,"gold_gain":0,"player_choice":"Removed Curses","damage_taken":0,"max_hp_gain":0,"max_hp_loss":0,"event_name":"Fountain of Cleansing","floor":2,"gold_loss":0}],"is_beta":false,"boss_relics":[],"items_purged_floors":[4],"is_endless":false,"potions_floor_spawned":[1,6],"killed_by":"Gremlin Nob","ascension_level":4}}