{"host":"i1xfvbr0z23eel2z","time":1613106560,"event":{"mods":["2.2 Compatiblity","BaseMod","Colored Map","Curses Come First","Highlight Path","Minty Spire (QoL Compilation)","Permanent Neow","StSLib","Together in Spire"],"gold_per_floor":[119,69,69,87,87,87,103,103,103,116,127,162,180,211,211,306,306,317,337,337,31,44,70,70,84,111,123,154,195,307,418,430,539,551,580,592,129,141,141,141,174,174,174,174,19,19,47,95,95,95],"floor_reached":51,"language":"ENG","playtime":1392,"items_purged":[],"score":976,"play_id":"5844430f-e734-447b-b1e7-a115ebf46097","local_time":"20210212000920","is_ascension_mode":false,"campfire_choices":[{"data":"Bash","floor":6.0,"key":"SMITH"},{"data":"Twin Strike","floor":8.0,"key":"SMITH"},{"data":"Perfected Strike","floor":15,"key":"SMITH"},{"data":"Perfected Strike","floor":24,"key":"SMITH"},{"data":"Perfected Strike","floor":27,"key":"SMITH"},{"data":"Inflame","floor":32,"key":"SMITH"},{"floor":40,"key":"REST"},{"data":"Juggernaut","floor":42,"key":"SMITH"},{"data":"Deep Breath","floor":46,"key":"SMITH"},{"data":"Cleave","floor":49,"key":"SMITH"}],"circlet_count":0,"master_deck":["Strike_R","Strike_R","Strike_R","Strike_R","Strike_R","Defend_R","Defend_R","Bash+1","Twin Strike+1","Perfected Strike+1","Perfected Strike+1","Cleave+1","Inflame+1","Perfected Strike+1","Perfected Strike+1","Perfected Strike+1","Cleave+1","Fiend Fire+1","Anger+1","Perfected Strike+1","Whirlwind+1","Perfected Strike+1","Twin Strike+1","Pommel Strike+1","Reaper+1","Pommel Strike+1","Perfected Strike+1","Deep Breath+1","Pommel Strike+1","Juggernaut+1","Perfected Strike+1","Clash+1"],"relics":["Burning Blood","Strawberry","Matryoshka","Molten Egg 2","Anchor","Black Star","Happy Flower","Vajra","Oddly Smooth Stone","Ancient Tea Set","MawBank","PreservedInsect","Centennial Puzzle","Juzu Bracelet","Mango","Bottled Tornado","Philosopher\u0027s Stone","Lantern","DollysMirror","Dream Catcher","Lizard Tail","Bronze Scales","Paper Frog","HornCleat","Lee\u0027s Waffle","Blood Vial","Bag of Preparation","Thread and Needle"],"acts_visited":["TheCity","TheBeyond"],"potions_floor_usage":[41],"damage_taken":[{"damage":6.0,"enemies":"Jaw Worm","floor":1.0,"turns":2.0},{"damage":0.0,"enemies":"Small Slimes","floor":4.0,"turns":1.0},{"damage":0.0,"enemies":"2 Louse","floor":7.0,"turns":1.0},{"damage":0.0,"enemies":"2 Fungi Beasts","floor":10.0,"turns":1.0},{"damage":0.0,"enemies":"Looter","floor":11.0,"turns":1.0},{"damage":0,"enemies":"Lagavulin","floor":12,"turns":2},{"damage":0,"enemies":"Large Slime","floor":13,"turns":1},{"damage":0,"enemies":"Gremlin Nob","floor":14,"turns":2},{"damage":33,"enemies":"The Guardian","floor":16,"turns":4},{"damage":0,"enemies":"2 Thieves","floor":18,"turns":2},{"damage":0,"enemies":"Spheric Guardian","floor":19,"turns":1},{"damage":0,"enemies":"3 Cultists","floor":22,"turns":2},{"damage":0,"enemies":"Gremlin Leader","floor":23,"turns":1},{"damage":0,"enemies":"Snake Plant","floor":25,"turns":2},{"damage":0,"enemies":"Snecko","floor":28,"turns":2},{"damage":2,"enemies":"Slavers","floor":29,"turns":2},{"damage":3,"enemies":"Colosseum Slavers","floor":30,"turns":2},{"damage":0,"enemies":"Colosseum Nobs","floor":30,"turns":2},{"damage":25,"enemies":"Collector","floor":33,"turns":3},{"damage":0,"enemies":"Orb Walker","floor":35,"turns":1},{"damage":26,"enemies":"3 Shapes","floor":38,"turns":1},{"damage":14,"enemies":"Giant Head","floor":41,"turns":3},{"damage":0,"enemies":"Nemesis","floor":47,"turns":1},{"damage":17,"enemies":"2 Orb Walkers","floor":48,"turns":2},{"damage":25,"enemies":"Awakened One","floor":50,"turns":3}],"seed_played":"-2405585511484680734","potions_obtained":[{"floor":4.0,"key":"AttackPotion"},{"floor":10.0,"key":"ColorlessPotion"},{"floor":11.0,"key":"Swift Potion"},{"floor":33,"key":"DistilledChaos"},{"floor":38,"key":"Fire Potion"},{"floor":47,"key":"Regen Potion"}],"is_trial":false,"path_per_floor":["M","?","?","M","?","R","M","R","T","M","M","E","M","E","R","B",null,"M","M","?","$","M","E","R","M","T","R","M","E","?","?","R","B",null,"M","?","$","M","?","R","E","R","T","?","$","R","E","?","R","B",null],"character_chosen":"IRONCLAD","items_purchased":["Happy Flower","Vajra","Pommel Strike+1","Lantern","DollysMirror","Dream Catcher","Lee\u0027s Waffle"],"campfire_rested":1,"item_purchase_floors":[21,21,37,37,37,37,45],"current_hp_per_floor":[80,80,85,85,85,85,91,91,91,92,92,92,92,92,92,65,92,92,92,92,92,92,92,92,92,92,92,92,92,106,106,106,87,106,106,106,106,86,86,106,98,98,98,98,108,108,108,97,97,80],"gold":95,"neow_bonus":"THREE_CARDS","is_daily":false,"chose_seed":false,"campfire_upgraded":9,"win_rate":0.0,"timestamp":1613106560,"path_taken":["M","?","?","M","?","R","M","R","T","M","M","E","M","E","R","BOSS","M","M","?","$","M","E","R","M","T","R","M","E","?","?","R","BOSS","M","?","$","M","?","R","E","R","T","?","?","R","E","?","R","BOSS"],"items_purchased_type":["Relic","Relic","Card","Relic","Relic","Relic","Relic"],"build_version":"2020-12-22","purchased_purges":0,"victory":true,"max_hp_per_floor":[80,80,85,85,92,92,92,92,92,92,92,92,92,92,92,92,92,92,92,92,92,92,92,92,92,92,92,92,92,106,106,106,106,106,106,106,106,106,106,106,106,106,106,101,108,108,108,108,108,108],"card_choices":[{"not_picked":["Sword Boomerang","Shrug It Off"],"picked":"Twin Strike","floor":0.0},{"not_picked":["True Grit","Shockwave"],"picked":"Perfected Strike","floor":1.0},{"not_picked":["Rupture","Armaments"],"picked":"Perfected Strike","floor":4.0},{"not_picked":["Bludgeon","Inflame"],"picked":"Cleave","floor":7.0},{"not_picked":["Cleave","Dark Embrace"],"picked":"Inflame","floor":10.0},{"not_picked":["Cleave","Clothesline"],"picked":"Perfected Strike","floor":11.0},{"not_picked":["True Grit","Shockwave"],"picked":"Perfected Strike+1","floor":12},{"not_picked":["Rupture","Armaments"],"picked":"Perfected Strike+1","floor":13},{"not_picked":["Bludgeon+1","Inflame"],"picked":"Cleave+1","floor":14},{"not_picked":["Brutality","Demon Form"],"picked":"Fiend Fire+1","floor":16},{"not_picked":["Pummel+1","Iron Wave+1"],"picked":"Anger+1","floor":18},{"not_picked":["Inflame","Warcry","Armaments"],"picked":"SKIP","floor":19},{"not_picked":["Body Slam+1","Carnage+1"],"picked":"Whirlwind+1","floor":22},{"not_picked":["Thunderclap+1","Seeing Red","Power Through+1"],"picked":"SKIP","floor":23},{"not_picked":["Shrug It Off","True Grit"],"picked":"Perfected Strike+1","floor":25},{"not_picked":["Clash+1","Body Slam+1","Battle Trance"],"picked":"SKIP","floor":28},{"not_picked":["Berserk","Flex"],"picked":"Twin Strike+1","floor":29},{"not_picked":["Flex","Inflame"],"picked":"Pommel Strike+1","floor":30},{"not_picked":["Corruption","Demon Form"],"picked":"Reaper+1","floor":33},{"not_picked":["Hemokinesis+1","Pummel+1","Anger+1"],"picked":"SKIP","floor":35},{"not_picked":["True Grit+1","Searing Blow+1","Clothesline+1"],"picked":"SKIP","floor":38},{"not_picked":["Purity","Flash of Steel+1"],"picked":"Deep Breath","floor":39},{"not_picked":["Intimidate+1","Bloodletting+1"],"picked":"Pommel Strike+1","floor":40},{"not_picked":["Burning Pact","Shrug It Off"],"picked":"Juggernaut","floor":41},{"not_picked":["Flex","Thunderclap+1"],"picked":"Perfected Strike+1","floor":47},{"not_picked":["Fire Breathing+1","Rampage+1"],"picked":"Clash+1","floor":48}],"player_experience":98216,"relics_obtained":[{"floor":9.0,"key":"Matryoshka"},{"floor":12,"key":"Molten Egg 2"},{"floor":14,"key":"Anchor"},{"floor":23,"key":"Oddly Smooth Stone"},{"floor":23,"key":"Ancient Tea Set"},{"floor":26,"key":"MawBank"},{"floor":26,"key":"PreservedInsect"},{"floor":29,"key":"Centennial Puzzle"},{"floor":29,"key":"Juzu Bracelet"},{"floor":30,"key":"Mango"},{"floor":30,"key":"Bottled Tornado"},{"floor":41,"key":"Lizard Tail"},{"floor":41,"key":"Bronze Scales"},{"floor":43,"key":"Paper Frog"},{"floor":43,"key":"HornCleat"},{"floor":47,"key":"Blood Vial"},{"floor":47,"key":"Bag of Preparation"},{"floor":48,"key":"Thread and Needle"}],"event_choices":[{"cards_removed":["Defend_R"],"damage_healed":0.0,"max_hp_gain":0.0,"max_hp_loss":0.0,"gold_gain":0.0,"event_name":"The Cleric","player_choice":"Card Removal","floor":2.0,"gold_loss":50.0,"damage_taken":0.0},{"damage_healed":0.0,"max_hp_gain":5.0,"max_hp_loss":0.0,"gold_gain":0.0,"event_name":"Big Fish","player_choice":"Donut","floor":3.0,"gold_loss":0.0,"damage_taken":0.0},{"damage_healed":0.0,"max_hp_gain":0.0,"max_hp_loss":0.0,"gold_gain":0.0,"event_name":"Scrap Ooze","player_choice":"Success","floor":5.0,"gold_loss":0.0,"damage_taken":7.0,"relics_obtained":["Strawberry"]},{"damage_healed":0,"gold_gain":0,"player_choice":"Read","damage_taken":0,"max_hp_gain":0,"max_hp_loss":0,"event_name":"The Library","floor":20,"gold_loss":0,"cards_obtained":["Perfected Strike"]},{"damage_healed":0,"gold_gain":0,"player_choice":"Fight","damage_taken":0,"max_hp_gain":0,"max_hp_loss":0,"event_name":"Colosseum","floor":30,"gold_loss":0},{"damage_healed":0,"gold_gain":0,"player_choice":"Fought Nobs","damage_taken":0,"max_hp_gain":0,"max_hp_loss":0,"event_name":"Colosseum","floor":30,"gold_loss":0},{"damage_healed":0,"gold_gain":99,"player_choice":"Stole From Cult","damage_taken":0,"max_hp_gain":0,"max_hp_loss":0,"event_name":"Nest","floor":31,"gold_loss":0},{"cards_removed":["Defend_R"],"damage_healed":0,"gold_gain":0,"player_choice":"Removed Skill","damage_taken":0,"max_hp_gain":0,"max_hp_loss":0,"event_name":"Falling","floor":36,"gold_loss":0},{"damage_healed":0,"gold_gain":0,"player_choice":"Memory 1","damage_taken":0,"max_hp_gain":0,"max_hp_loss":0,"event_name":"SensoryStone","floor":39,"gold_loss":0},{"damage_healed":0,"gold_gain":0,"player_choice":"Max HP","damage_taken":0,"max_hp_gain":0,"max_hp_loss":5,"event_name":"Winding Halls","floor":44,"gold_loss":0},{"damage_healed":0,"gold_gain":0,"player_choice":"Fight","damage_taken":0,"max_hp_gain":0,"max_hp_loss":0,"event_name":"Mysterious Sphere","floor":48,"gold_loss":0}],"is_beta":false,"boss_relics":[{"not_picked":["SlaversCollar","Runic Pyramid"],"picked":"Black Star"},{"not_picked":["Fusion Hammer","Calling Bell"],"picked":"Philosopher\u0027s Stone"}],"items_purged_floors":[],"is_endless":false,"potions_floor_spawned":[4,10,11,13,16,18,19,28,29,33,38,47],"ascension_level":0}}