{"host":"ly20tmf9be7b85hl","time":1613121012,"event":{"mods":["BaseMod","Colored Map","Keyboard Shortcuts","Minty Spire (QoL Compilation)","Permanent Neow","Quick Restart","SuperFastMode"],"gold_per_floor":[117,128,128,128,138,165,165,181,233,249,16,0,0,16,16,16,16],"floor_reached":16,"language":"KOR","playtime":2003,"items_purged":["Strike_G"],"score":204,"play_id":"e7de0979-92bb-445f-95ad-2eb4bad3de72","local_time":"20210212181012","is_ascension_mode":true,"campfire_choices":[{"data":"Calculated Gamble","floor":7,"key":"SMITH"},{"data":"Footwork","floor":15,"key":"SMITH"}],"circlet_count":0,"master_deck":["AscendersBane","Strike_G","Strike_G","Strike_G","Defend_G","Defend_G","Defend_G","Defend_G","Survivor","Neutralize","Calculated Gamble+1","Footwork+1","Crippling Poison","Reflex","Backflip","Deadly Poison","Reflex","Escape Plan","Noxious Fumes","Dagger Throw"],"relics":["Coffee Dripper","Paper Crane","Blood Vial"],"acts_visited":["Exordium"],"potions_floor_usage":[6,10,10,16],"damage_taken":[{"damage":4,"enemies":"Small Slimes","floor":1,"turns":5},{"damage":3,"enemies":"2 Louse","floor":2,"turns":4},{"damage":0,"enemies":"Jaw Worm","floor":5,"turns":8},{"damage":39,"enemies":"Lagavulin","floor":6,"turns":9},{"damage":0,"enemies":"Blue Slaver","floor":8,"turns":5},{"damage":5,"enemies":"3 Louse","floor":10,"turns":4},{"damage":0,"enemies":"Lots of Slimes","floor":14,"turns":4},{"damage":10,"enemies":"Hexaghost","floor":16,"turns":9}],"seed_played":"5482407073046249392","potions_obtained":[{"floor":1,"key":"GamblersBrew"},{"floor":2,"key":"Poison Potion"},{"floor":6,"key":"LiquidMemories"},{"floor":10,"key":"Strength Potion"}],"is_trial":false,"path_per_floor":["M","M","?","?","M","E","R","M","T","M","$","?","$","M","R","B"],"character_chosen":"THE_SILENT","items_purchased":["Escape Plan","Noxious Fumes"],"campfire_rested":0,"item_purchase_floors":[11,11],"current_hp_per_floor":[55,52,52,45,45,6,6,6,6,3,3,3,3,5,5,0,0],"gold":16,"neow_bonus":"BOSS_RELIC","is_daily":false,"chose_seed":false,"campfire_upgraded":2,"win_rate":0.0,"timestamp":1613121012,"path_taken":["M","M","?","?","M","E","R","M","T","M","$","?","$","?","R","BOSS"],"items_purchased_type":["Card","Card"],"build_version":"2020-12-22","purchased_purges":1,"victory":false,"max_hp_per_floor":[66,66,66,66,66,66,66,66,66,66,66,66,66,66,66,66,66],"card_choices":[{"not_picked":["Catalyst","Prepared"],"picked":"Calculated Gamble","floor":1},{"not_picked":["Dash","Slice"],"picked":"Footwork","floor":2},{"not_picked":["Slice","Crippling Poison"],"picked":"Reflex","floor":5},{"not_picked":["Sucker Punch","Deadly Poison"],"picked":"Backflip","floor":6},{"not_picked":["Backflip","Poisoned Stab"],"picked":"Deadly Poison","floor":8},{"not_picked":["Expertise","Cloak And Dagger"],"picked":"Reflex","floor":10},{"not_picked":["Bane","Footwork"],"picked":"Dagger Throw","floor":14}],"player_experience":862985,"relics_obtained":[{"floor":6,"key":"Paper Crane"},{"floor":9,"key":"Blood Vial"}],"event_choices":[{"damage_healed":0,"gold_gain":0,"cards_transformed":["Strike_G"],"player_choice":"Change","damage_taken":0,"max_hp_gain":0,"max_hp_loss":0,"event_name":"Living Wall","floor":3,"gold_loss":0,"cards_obtained":["Crippling Poison"]},{"cards_removed":["Defend_G"],"damage_healed":0,"gold_gain":0,"player_choice":"Card Removal","damage_taken":7,"max_hp_gain":0,"max_hp_loss":0,"event_name":"Golden Wing","floor":4,"gold_loss":0},{"damage_healed":0,"gold_gain":0,"player_choice":"Left Gold","damage_taken":0,"max_hp_gain":0,"max_hp_loss":0,"event_name":"World of Goop","floor":12,"gold_loss":16}],"is_beta":false,"boss_relics":[],"items_purged_floors":[11],"is_endless":false,"potions_floor_spawned":[1,2,6,10],"killed_by":"Hexaghost","ascension_level":20}}