{"host":"n95r2z13dwkl182w","time":1613144367,"event":{"mods":["2.2 Compatiblity","AchievementEnabler","BaseMod","Colored Map","Hermit","Marisa£¨Ùöéë¡¡Øª×âÞÞ£©","Minty Spire (QoL Compilation)","StSLib","SuperFastMode","The Poker Player","everything is the same but u backflip on backflip"],"gold_per_floor":[109,184,184,38,49,49,80,94,94,269,194,194,219,233,233,338,338,353,353,30,46,46,46,76,76,76,94,108,124,124,135,135,135,135],"floor_reached":33,"language":"KOR","playtime":1495,"items_purged":["Doubt"],"score":290,"play_id":"22731943-ba86-40be-8d2b-83106cbeb835","local_time":"20210213003927","is_ascension_mode":false,"campfire_choices":[{"data":"hermit:CalledShot","floor":6.0,"key":"SMITH"},{"data":"hermit:Enervate","floor":12.0,"key":"SMITH"},{"floor":15.0,"key":"REST"},{"data":"hermit:EyeOfTheStorm","floor":23.0,"key":"SMITH"},{"floor":25.0,"key":"REST"},{"data":"hermit:Snapshot","floor":32.0,"key":"SMITH"}],"circlet_count":0,"master_deck":["hermit:Strike_Hermit","hermit:Strike_Hermit","hermit:Strike_Hermit","hermit:Strike_Hermit","hermit:Defend_Hermit","hermit:Defend_Hermit","hermit:Defend_Hermit","hermit:Defend_Hermit","hermit:Snapshot+1","hermit:Covet","hermit:Misfire","hermit:CalledShot+1","hermit:Enervate+1","hermit:Glare","hermit:RoundhouseKick+1","hermit:EyeOfTheStorm+1","hermit:Malice","hermit:TakeCover"],"relics":["hermit:ClaspedLocket","NeowsBlessing","Ornamental Fan","Regal Pillow","Sundial","Darkstone Periapt","Odd Mushroom","hermit:Spyglass","FaceOfCleric","hermit:Horseshoe","Shuriken","MutagenicStrength"],"acts_visited":["Exordium","TheCity"],"potions_floor_usage":[33,33,33],"damage_taken":[{"damage":0.0,"enemies":"Small Slimes","floor":1.0,"turns":1.0},{"damage":0.0,"enemies":"Jaw Worm","floor":5.0,"turns":1.0},{"damage":0.0,"enemies":"3 Sentries","floor":7.0,"turns":1.0},{"damage":0.0,"enemies":"2 Louse","floor":8.0,"turns":2.0},{"damage":17.0,"enemies":"The Mushroom Lair","floor":13.0,"turns":4.0},{"damage":0.0,"enemies":"Blue Slaver","floor":14.0,"turns":3.0},{"damage":51.0,"enemies":"Hexaghost","floor":16.0,"turns":10.0},{"damage":1.0,"enemies":"Spheric Guardian","floor":18.0,"turns":3.0},{"damage":12.0,"enemies":"2 Thieves","floor":21.0,"turns":4.0},{"damage":21.0,"enemies":"Book of Stabbing","floor":24.0,"turns":5.0},{"damage":9.0,"enemies":"Shelled Parasite and Fungi","floor":27.0,"turns":5.0},{"damage":0.0,"enemies":"Cultist and Chosen","floor":28.0,"turns":5.0},{"damage":4.0,"enemies":"Snake Plant","floor":29.0,"turns":4.0},{"damage":11.0,"enemies":"Centurion and Healer","floor":31.0,"turns":4.0},{"damage":70,"enemies":"Automaton","floor":33,"turns":8}],"seed_played":"4757836720382591579","potions_obtained":[{"floor":8.0,"key":"LiquidMemories"},{"floor":13.0,"key":"SpeedPotion"},{"floor":16.0,"key":"SneckoOil"},{"floor":28.0,"key":"EssenceOfSteel"},{"floor":29.0,"key":"EssenceOfSteel"},{"floor":31.0,"key":"SkillPotion"}],"is_trial":false,"path_per_floor":["M","?","?","$","M","R","E","M","T","?","$","R","?","M","R","B",null,"M","?","$","M","?","R","E","R","T","M","M","M","?","M","R","B"],"character_chosen":"HERMIT","items_purchased":["Regal Pillow","hermit:Spyglass","hermit:Malice"],"campfire_rested":2,"item_purchase_floors":[4,20,20],"current_hp_per_floor":[75,64,57,57,57,57,57,57,57,63,63,63,46,46,81,30,81,80,80,80,68,68,68,48,82,82,74,75,72,72,62,62,0,0],"gold":135,"neow_bonus":"THREE_ENEMY_KILL","is_daily":false,"chose_seed":false,"campfire_upgraded":4,"win_rate":0.0,"timestamp":1613144367,"path_taken":["M","?","?","?","M","R","E","?","T","?","$","R","?","M","R","BOSS","M","?","?","M","?","R","E","R","T","M","M","?","?","M","R","BOSS"],"items_purchased_type":["Relic","Relic","Card"],"build_version":"2020-12-22","purchased_purges":1,"victory":false,"max_hp_per_floor":[75,75,75,75,75,75,75,75,75,81,81,81,81,81,81,81,81,81,81,81,81,81,81,82,82,82,83,84,85,85,86,86,86,86],"card_choices":[{"not_picked":["hermit:Roulette","hermit:BodyArmor"],"picked":"hermit:Misfire","floor":1.0},{"not_picked":["hermit:Desperado","hermit:Maintenance"],"picked":"hermit:CalledShot","floor":5.0},{"not_picked":["hermit:HighNoon","hermit:Ricochet","hermit:NoHoldsBarred"],"picked":"SKIP","floor":7.0},{"not_picked":["hermit:Desperado","hermit:BodyArmor"],"picked":"hermit:Enervate","floor":8.0},{"not_picked":["hermit:Desperado","hermit:Grudge"],"picked":"hermit:Glare","floor":14.0},{"not_picked":["hermit:HighNoon","hermit:Magnum"],"picked":"hermit:RoundhouseKick","floor":16.0},{"not_picked":["hermit:BodyArmor","hermit:Deadeye"],"picked":"hermit:EyeOfTheStorm","floor":18.0},{"not_picked":["hermit:Cheat+1","hermit:Determination","hermit:Ricochet"],"picked":"SKIP","floor":21.0},{"not_picked":["hermit:Determination","hermit:Headshot"],"picked":"hermit:TakeCover","floor":24.0},{"not_picked":["hermit:HighCaliber","hermit:Maintenance","hermit:Spite"],"picked":"SKIP","floor":27.0},{"not_picked":["hermit:Desperado","hermit:LowProfile","hermit:Roulette+1"],"picked":"SKIP","floor":28.0},{"not_picked":["hermit:Quickdraw","hermit:HoleUp","hermit:CalledShot"],"picked":"SKIP","floor":29.0},{"not_picked":["hermit:Headshot","hermit:SprayPray","hermit:ItchyTrigger"],"picked":"SKIP","floor":31.0}],"player_experience":79086,"relics_obtained":[{"floor":7.0,"key":"Sundial"},{"floor":9.0,"key":"Darkstone Periapt"},{"floor":13.0,"key":"Odd Mushroom"},{"floor":24.0,"key":"hermit:Horseshoe"},{"floor":26.0,"key":"Shuriken"}],"event_choices":[{"damage_healed":0.0,"max_hp_gain":0.0,"max_hp_loss":0.0,"gold_gain":75.0,"event_name":"World of Goop","player_choice":"Gather Gold","floor":2.0,"gold_loss":0.0,"damage_taken":11.0},{"damage_healed":0.0,"max_hp_gain":0.0,"max_hp_loss":0.0,"gold_gain":0.0,"event_name":"Scrap Ooze","player_choice":"Success","floor":3.0,"gold_loss":0.0,"damage_taken":7.0,"relics_obtained":["Ornamental Fan"]},{"damage_healed":0.0,"max_hp_gain":0.0,"max_hp_loss":0.0,"gold_gain":175.0,"event_name":"Liars Game","player_choice":"AGREE","floor":10.0,"gold_loss":0.0,"damage_taken":0.0,"cards_obtained":["Doubt"]},{"damage_healed":0.0,"max_hp_gain":0.0,"max_hp_loss":0.0,"gold_gain":0.0,"event_name":"Mushrooms","player_choice":"Fought Mushrooms","floor":13.0,"gold_loss":0.0,"damage_taken":0.0},{"damage_healed":0.0,"max_hp_gain":0.0,"max_hp_loss":0.0,"gold_gain":0.0,"event_name":"Upgrade Shrine","player_choice":"Upgraded","floor":19.0,"gold_loss":0.0,"damage_taken":0.0,"cards_upgraded":["hermit:RoundhouseKick"]},{"damage_healed":0.0,"max_hp_gain":0.0,"max_hp_loss":0.0,"gold_gain":0.0,"event_name":"FaceTrader","player_choice":"Trade","floor":22.0,"gold_loss":0.0,"damage_taken":0.0,"relics_obtained":["FaceOfCleric"]},{"damage_healed":0.0,"max_hp_gain":0.0,"max_hp_loss":0.0,"gold_gain":0.0,"event_name":"Drug Dealer","player_choice":"Inject Mutagens","floor":30.0,"gold_loss":0.0,"damage_taken":0.0,"relics_obtained":["MutagenicStrength"]}],"is_beta":false,"boss_relics":[{"not_picked":["Snecko Eye","Sozu"],"picked":"hermit:ClaspedLocket"}],"items_purged_floors":[11],"is_endless":false,"potions_floor_spawned":[8,13,16,28,29,31],"killed_by":"Automaton","ascension_level":0}}