{"host":"jz4ul6vrcxqkcr33","time":1613163331,"event":{"mods":["BaseMod","Minty Spire (QoL Compilation)","StSLib"],"gold_per_floor":[164,164,164,183,202,237,237,248,248,248,248,198,198,216,216,319,319,329,329,329,329,329],"floor_reached":21,"language":"ENG","playtime":686,"items_purged":[],"score":257,"play_id":"aeee0f32-d554-4713-92e5-c97937fb01aa","local_time":"20210212155531","is_ascension_mode":true,"campfire_choices":[{"floor":7.0,"key":"REST"},{"data":"Go for the Eyes","floor":11.0,"key":"SMITH"},{"data":"Biased Cognition","floor":15.0,"key":"SMITH"}],"circlet_count":0,"master_deck":["Strike_B+1","Defend_B","Defend_B","Defend_B","Defend_B","Zap+1","Dualcast","Glacier","Beam Cell+1","Go for the Eyes+1","Conserve Battery","Cold Snap","Double Energy","Conserve Battery","Biased Cognition+1","Multi-Cast","Ball Lightning"],"relics":["Tiny House","Bottled Flame","Gambling Chip","Inserter"],"acts_visited":["Exordium","TheCity"],"potions_floor_usage":[16],"damage_taken":[{"damage":1.0,"enemies":"Jaw Worm","floor":1.0,"turns":4.0},{"damage":0.0,"enemies":"Small Slimes","floor":4.0,"turns":4.0},{"damage":0.0,"enemies":"2 Louse","floor":5.0,"turns":4.0},{"damage":7.0,"enemies":"3 Sentries","floor":6.0,"turns":9.0},{"damage":0.0,"enemies":"2 Fungi Beasts","floor":8.0,"turns":4.0},{"damage":0.0,"enemies":"Exordium Thugs","floor":14.0,"turns":6.0},{"damage":20,"enemies":"Hexaghost","floor":16,"turns":13},{"damage":5,"enemies":"Chosen","floor":18,"turns":8},{"damage":0,"enemies":"3 Byrds","floor":21,"turns":2}],"seed_played":"162903520894222963","potions_obtained":[{"floor":0.0,"key":"Ancient Potion"},{"floor":4.0,"key":"AttackPotion"},{"floor":14.0,"key":"LiquidBronze"},{"floor":16,"key":"EssenceOfSteel"}],"is_trial":false,"path_per_floor":["M","?","?","M","M","E","R","M","T","?","R","?","?","M","R","B",null,"M","?","?","M"],"character_chosen":"DEFECT","items_purchased":[],"campfire_rested":1,"item_purchase_floors":[],"current_hp_per_floor":[72,72,56,56,56,49,73,73,73,73,73,73,73,73,73,53,73,68,53,47,47,47],"gold":329,"neow_bonus":"BOSS_RELIC","is_daily":false,"chose_seed":false,"campfire_upgraded":2,"win_rate":0.0,"timestamp":1613163331,"path_taken":["M","?","?","M","M","E","R","M","T","?","R","?","?","M","R","BOSS","M","?","?","M"],"items_purchased_type":[],"build_version":"2020-12-13","purchased_purges":0,"victory":false,"max_hp_per_floor":[80,80,80,80,80,80,80,80,80,80,80,80,80,80,80,80,80,80,85,85,85,85],"card_choices":[{"not_picked":["Hologram","Coolheaded"],"picked":"Glacier","floor":0.0},{"not_picked":["Blizzard","Conserve Battery"],"picked":"Beam Cell","floor":1.0},{"not_picked":["Redo","Scrape"],"picked":"Go for the Eyes","floor":4.0},{"not_picked":["Recycle","Fusion"],"picked":"Conserve Battery","floor":5.0},{"not_picked":["Loop","Heatsinks"],"picked":"Cold Snap","floor":6.0},{"not_picked":["Compile Driver","Beam Cell"],"picked":"Double Energy","floor":8.0},{"not_picked":["Compile Driver","Rebound"],"picked":"Biased Cognition","floor":14.0},{"not_picked":["Creative AI","All For One"],"picked":"Multi-Cast","floor":16},{"not_picked":["Streamline","Stack"],"picked":"Ball Lightning","floor":18}],"player_experience":230966,"relics_obtained":[{"floor":6.0,"key":"Bottled Flame"},{"floor":9.0,"key":"Gambling Chip"}],"event_choices":[{"damage_healed":0.0,"max_hp_gain":0.0,"max_hp_loss":0.0,"gold_gain":0.0,"event_name":"Liars Game","player_choice":"Ignored","floor":2.0,"gold_loss":0.0,"damage_taken":0.0},{"damage_healed":0.0,"max_hp_gain":0.0,"max_hp_loss":0.0,"gold_gain":0.0,"event_name":"Shining Light","player_choice":"Entered Light","floor":3.0,"gold_loss":0.0,"damage_taken":16.0,"cards_upgraded":["Beam Cell","Strike_B"]},{"damage_healed":0.0,"max_hp_gain":0.0,"max_hp_loss":0.0,"gold_gain":0.0,"cards_transformed":["Strike_B"],"event_name":"Living Wall","player_choice":"Change","floor":10.0,"gold_loss":0.0,"damage_taken":0.0,"cards_obtained":["Conserve Battery"]},{"cards_removed":["Strike_B"],"damage_healed":0.0,"max_hp_gain":0.0,"max_hp_loss":0.0,"gold_gain":0.0,"event_name":"The Cleric","player_choice":"Card Removal","floor":12.0,"gold_loss":50.0,"damage_taken":0.0},{"cards_removed":["Strike_B"],"damage_healed":0.0,"max_hp_gain":0.0,"max_hp_loss":0.0,"gold_gain":0.0,"event_name":"Bonfire Elementals","player_choice":"Offered Basic","floor":13.0,"gold_loss":0.0,"damage_taken":0.0},{"damage_healed":0,"gold_gain":0,"player_choice":"Shed Blood","damage_taken":20,"max_hp_gain":5,"max_hp_loss":0,"event_name":"Forgotten Altar","floor":19,"gold_loss":0},{"damage_healed":0,"gold_gain":0,"player_choice":"","damage_taken":6,"max_hp_gain":0,"max_hp_loss":0,"event_name":"Knowing Skull","floor":20,"potions_obtained":[],"gold_loss":0,"cards_obtained":[]}],"is_beta":false,"boss_relics":[{"not_picked":["Snecko Eye","Astrolabe"],"picked":"Inserter"}],"items_purged_floors":[],"is_endless":false,"potions_floor_spawned":[4,14,16],"killed_by":"3 Byrds","ascension_level":9}}