{"host":"hrvs05np4ys7itky","time":1613098062,"event":{"mods":["BaseMod","Colored Map","Colored Powertips","Downfall","Emptier Cage","Hermit","Highlight Path","Minty Spire (QoL Compilation)","Permanent Neow","Rare Cards Sparkle","Relic Stats","Replay The Spire","StSLib","everything is the same but u backflip on backflip"],"gold_per_floor":[115,65,42,59,74,101,114,114,114,33,33,48,60,60,60,137,137,149,165,165,66,66,100,116,116,116,116,150,150,175,216,216,216,216],"floor_reached":33,"language":"ENG","playtime":1616,"items_purged":["Strike_R"],"score":541,"play_id":"38f7d218-45dd-42b7-8786-ce928acaec3d","local_time":"20210211214742","is_ascension_mode":true,"campfire_choices":[{"data":"Whirlwind","floor":8.0,"key":"SMITH"},{"data":"Flex","floor":11.0,"key":"SMITH"},{"data":"Clothesline","floor":15.0,"key":"SMITH"},{"data":"Sentinel","floor":25.0,"key":"SMITH"},{"data":"Bash","floor":27.0,"key":"SMITH"},{"floor":32.0,"key":"DIG"}],"circlet_count":0,"master_deck":["AscendersBane","Strike_R+1","Strike_R+1","Strike_R+1","Defend_R+1","Defend_R+1","Defend_R+1","Bash+1","Sword Boomerang+1","Shrug It Off+1","Rupture","Clothesline+1","Whirlwind+1","Flex+1","Battle Trance+1","ReplayTheSpireMod:LeadingStrike+1","Corruption","Sentinel+1","True Grit+1","Evolve+1","Flame Barrier","Pot Of Greed","Pot Of Greed","Spot Weakness"],"relics":["Burning Blood","Ancient Tea Set","Gremlin Horn","Snecko Eye","Ring of Hypnosis","ReplayTheSpireMod:Ring of Challenge","Whetstone","Question Card","War Paint","Grinning Jar","Red Mask","Replay:WaspNest"],"acts_visited":["Exordium","TheCity"],"potions_floor_usage":[],"damage_taken":[{"damage":3.0,"enemies":"2 Louse","floor":1.0,"turns":4.0},{"damage":12.0,"enemies":"Small Slimes","floor":4.0,"turns":4.0},{"damage":2.0,"enemies":"Jaw Worm","floor":5.0,"turns":4.0},{"damage":25.0,"enemies":"Lagavulin","floor":6.0,"turns":6.0},{"damage":5.0,"enemies":"3 Louse","floor":7.0,"turns":5.0},{"damage":3.0,"enemies":"Looter","floor":12.0,"turns":3.0},{"damage":0.0,"enemies":"2 Fungi Beasts","floor":13.0,"turns":1.0},{"damage":45.0,"enemies":"Hexaghost","floor":16.0,"turns":11.0},{"damage":10.0,"enemies":"2 Thieves","floor":18.0,"turns":3.0},{"damage":0.0,"enemies":"3 Byrds","floor":19.0,"turns":3.0},{"damage":0.0,"enemies":"Gremlin Leader","floor":23.0,"turns":4.0},{"damage":16.0,"enemies":"Sentry and Sphere","floor":24.0,"turns":4.0},{"damage":4.0,"enemies":"Replay:Snechameleon","floor":28.0,"turns":3.0},{"damage":15.0,"enemies":"Slavers","floor":30.0,"turns":5.0},{"damage":30.0,"enemies":"Masked Bandits","floor":31.0,"turns":2.0},{"damage":0,"enemies":"Collector","floor":33,"turns":1}],"seed_played":"-4336016694943786137","potions_obtained":[{"floor":1.0,"key":"champ:CounterPotion"},{"floor":12.0,"key":"Explosive Potion"},{"floor":13.0,"key":"Reflective Coating"},{"floor":16.0,"key":"Weak Potion"},{"floor":28.0,"key":"Weak Potion"},{"floor":31.0,"key":"Dexterity Potion"}],"is_trial":false,"path_per_floor":["M","?","$","M","M","E","M","R","T","$","R","M","M","?","R","B",null,"M","M","?","$","?","E","M","R","T","R","E","?","E","?","R_BF","B"],"character_chosen":"IRONCLAD","items_purchased":["Shrug It Off","Battle Trance","True Grit"],"campfire_rested":0,"item_purchase_floors":[3,10,21],"current_hp_per_floor":[75,75,75,69,73,54,55,55,55,55,55,58,64,64,64,25,66,62,68,68,68,68,74,64,64,64,64,66,66,57,33,33,33,33],"gold":216,"neow_bonus":"REMOVE_CARD","is_daily":false,"chose_seed":false,"campfire_upgraded":5,"win_rate":0.0,"timestamp":1613098062,"path_taken":["M","?","$","M","M","E","M","R","T","$","R","M","M","?","R","BOSS","M","M","?","$","?","E","M","R","T","R","E","?","E","?","R_BF","BOSS"],"items_purchased_type":["Card","Card","Card"],"build_version":"2020-12-22","purchased_purges":1,"victory":false,"max_hp_per_floor":[80,80,80,80,80,80,80,80,80,80,80,80,80,80,80,80,80,80,80,80,80,80,80,80,80,80,80,80,80,80,80,80,80,80],"relic_stats":{"Gremlin Horn":[11,12],"counters":[16,62],"Snecko Eye":[48,47,40,44],"Whetstone":["ReplayTheSpireMod:LeadingStrike","Sword Boomerang"],"War Paint":["Shrug It Off","True Grit"],"Question Card":3,"obtain_stats":[{"Gremlin Horn":9,"Ring of Hypnosis":20,"Snecko Eye":17,"Replay:WaspNest":32,"Red Mask":31,"Whetstone":23,"ReplayTheSpireMod:Ring of Challenge":20,"War Paint":28,"Grinning Jar":30,"Ancient Tea Set":6,"Question Card":26,"Burning Blood":0},{"Gremlin Horn":5,"Ring of Hypnosis":10,"Snecko Eye":8,"Replay:WaspNest":15,"Red Mask":15,"Whetstone":11,"ReplayTheSpireMod:Ring of Challenge":10,"War Paint":13,"Grinning Jar":14,"Ancient Tea Set":4,"Question Card":12,"Burning Blood":0},{"Gremlin Horn":23,"Ring of Hypnosis":44,"Snecko Eye":38,"Replay:WaspNest":62,"Red Mask":62,"Whetstone":48,"ReplayTheSpireMod:Ring of Challenge":44,"War Paint":55,"Grinning Jar":60,"Ancient Tea Set":18,"Question Card":52,"Burning Blood":0}],"Burning Blood":90},"card_choices":[{"not_picked":["Pommel Strike","Thunderclap"],"picked":"Sword Boomerang","floor":1.0},{"not_picked":["Havoc","Replay:Undeath\u0027s Touch"],"picked":"Rupture","floor":4.0},{"not_picked":["Warcry","Flex"],"picked":"Clothesline","floor":5.0},{"not_picked":["Warcry","True Grit"],"picked":"Whirlwind","floor":6.0},{"not_picked":["Clothesline","Iron Wave"],"picked":"Flex","floor":7.0},{"not_picked":["Second Wind","Run Through"],"picked":"ReplayTheSpireMod:LeadingStrike","floor":12.0},{"not_picked":["Headbutt","Thunderclap","Twin Strike"],"picked":"SKIP","floor":13.0},{"not_picked":["Impervious","Feed"],"picked":"Corruption","floor":16.0},{"not_picked":["Blood for Blood","Warcry"],"picked":"Sentinel","floor":18.0},{"not_picked":["Evolve","Iron Wave","Clothesline"],"picked":"SKIP","floor":19.0},{"not_picked":["Run Through","Second Wind","Havoc"],"picked":"SKIP","floor":23.0},{"not_picked":["Pommel Strike","Fiend Fire"],"picked":"Evolve+1","floor":24.0},{"not_picked":["Anger","Replay:Undeath\u0027s Touch","True Grit"],"picked":"Flame Barrier","floor":28.0},{"not_picked":["Replay:Undeath\u0027s Touch","Sever Soul","Shrug It Off","Twin Strike"],"picked":"SKIP","floor":30.0},{"not_picked":["Battle Trance+1","Entrench+1","Perfected Strike"],"picked":"Spot Weakness","floor":31.0}],"player_experience":1057736,"relics_obtained":[{"floor":6.0,"key":"Ancient Tea Set"},{"floor":9.0,"key":"Gremlin Horn"},{"floor":20.0,"key":"Ring of Hypnosis"},{"floor":20.0,"key":"ReplayTheSpireMod:Ring of Challenge"},{"floor":23.0,"key":"Whetstone"},{"floor":26.0,"key":"Question Card"},{"floor":28.0,"key":"War Paint"},{"floor":30.0,"key":"Grinning Jar"},{"floor":31.0,"key":"Red Mask"},{"floor":32.0,"key":"Replay:WaspNest"}],"event_choices":[{"cards_removed":["Strike_R"],"damage_healed":0.0,"max_hp_gain":0.0,"max_hp_loss":0.0,"gold_gain":0.0,"event_name":"The Cleric","player_choice":"Card Removal","floor":2.0,"gold_loss":50.0,"damage_taken":0.0},{"damage_healed":0.0,"max_hp_gain":0.0,"max_hp_loss":0.0,"gold_gain":0.0,"event_name":"Back to Basics","player_choice":"Simplicity","floor":22.0,"gold_loss":0.0,"damage_taken":0.0,"cards_upgraded":["Strike_R","Strike_R","Strike_R","Defend_R","Defend_R","Defend_R"]},{"damage_healed":0.0,"max_hp_gain":0.0,"max_hp_loss":0.0,"gold_gain":0.0,"event_name":"Vampires","player_choice":"Ignored","floor":29.0,"gold_loss":0.0,"damage_taken":0.0},{"damage_healed":0.0,"max_hp_gain":0.0,"max_hp_loss":0.0,"gold_gain":0.0,"event_name":"Masked Bandits","player_choice":"Fought Bandits","floor":31.0,"gold_loss":0.0,"damage_taken":0.0}],"is_beta":false,"boss_relics":[{"not_picked":["Black Blood","SacredBark"],"picked":"Snecko Eye"}],"items_purged_floors":[21],"is_endless":false,"potions_floor_spawned":[1,12,13,16,28,31],"killed_by":"Collector","ascension_level":13}}