{"host":"yml0ux6c8lqydjlc","time":1613098727,"event":{"mods":["Aspiration","BaseMod","Conspire","Downfall","Hermit","Jedi Mod","Minty Spire (QoL Compilation)","Robot Space Explorer","StSLib"],"gold_per_floor":[111,125,140,140,153,153,103,103,129,140,25,44,79,96,96,193,193,213,224,224,224,224,224],"floor_reached":22,"language":"ENG","playtime":5159,"items_purged":["Strike_R"],"score":188,"play_id":"990a2c6c-3332-490d-a54c-14b97aea05e6","local_time":"20210211215847","is_ascension_mode":false,"campfire_choices":[{"data":"jedi:harder","floor":6.0,"key":"SMITH"},{"floor":15.0,"key":"REST"}],"circlet_count":0,"master_deck":["Strike_R","Strike_R","Defend_R+1","Defend_R","Defend_R","Bash","jedi:fear+1","Iron Wave+1","Infernal Blade","jedi:harder+1","Shrug It Off","Rage","Rampage","Pommel Strike","Anger","Limit Break","Iron Wave","Twin Strike+1"],"relics":["Burning Blood","Nunchaku","Anchor","Empty Cage"],"acts_visited":["Exordium","TheCity"],"potions_floor_usage":[],"damage_taken":[{"damage":3.0,"enemies":"Cultist","floor":1.0,"turns":5.0},{"damage":6.0,"enemies":"2 Louse","floor":2.0,"turns":4.0},{"damage":7.0,"enemies":"conspire:RoseBush","floor":3.0,"turns":3.0},{"damage":6.0,"enemies":"2 Fungi Beasts","floor":5.0,"turns":3.0},{"damage":6.0,"enemies":"Gremlin Gang","floor":10.0,"turns":5.0},{"damage":13.0,"enemies":"Large Slime","floor":12.0,"turns":6.0},{"damage":11.0,"enemies":"Gremlin Nob","floor":13.0,"turns":4.0},{"damage":7.0,"enemies":"Looter","floor":14.0,"turns":3.0},{"damage":49.0,"enemies":"Slime Boss","floor":16.0,"turns":11.0},{"damage":33.0,"enemies":"3 Byrds","floor":18.0,"turns":7.0},{"damage":31.0,"enemies":"Chosen","floor":19.0,"turns":5.0},{"damage":48,"enemies":"3 Cultists","floor":22,"turns":6}],"seed_played":"3348779050363575139","potions_obtained":[{"floor":1.0,"key":"Weak Potion"},{"floor":10.0,"key":"FearPotion"},{"floor":13.0,"key":"FearPotion"},{"floor":14.0,"key":"Swift Potion"}],"is_trial":false,"path_per_floor":["M","M","M","?","M","R","?","?","T","M","$","M","E","M","R","B",null,"M","M","?","?","M"],"character_chosen":"IRONCLAD","items_purchased":["Rage"],"campfire_rested":1,"item_purchase_floors":[11],"current_hp_per_floor":[88,88,87,69,69,69,69,69,69,69,69,62,57,56,82,39,88,61,36,36,36,0,0],"gold":224,"neow_bonus":"TEN_PERCENT_HP_BONUS","is_daily":false,"chose_seed":false,"campfire_upgraded":1,"win_rate":0.0,"timestamp":1613098727,"path_taken":["M","M","?","?","M","R","?","?","T","M","$","?","E","M","R","BOSS","M","M","?","?","M"],"items_purchased_type":["Card"],"build_version":"2020-12-22","purchased_purges":1,"victory":false,"max_hp_per_floor":[88,88,88,88,88,88,88,88,88,88,88,88,88,88,88,88,88,88,88,88,88,88,88],"card_choices":[{"not_picked":["Spot Weakness","Reckless Charge"],"picked":"jedi:fear","floor":1.0},{"not_picked":["Armaments","Blood for Blood"],"picked":"Iron Wave","floor":2.0},{"not_picked":["Thunderclap","Armaments"],"picked":"Infernal Blade","floor":3.0},{"not_picked":["Rage","Pommel Strike"],"picked":"jedi:harder","floor":5.0},{"not_picked":["Headbutt","Sword Boomerang"],"picked":"Shrug It Off","floor":10.0},{"not_picked":["Twin Strike","Rupture"],"picked":"Rampage","floor":12.0},{"not_picked":["Intimidate","Heavy Blade"],"picked":"Pommel Strike","floor":13.0},{"not_picked":["Flex","Headbutt"],"picked":"Anger","floor":14.0},{"not_picked":["jedi:strikingstrike","Impervious"],"picked":"Limit Break","floor":16.0},{"not_picked":["Thunderclap","Headbutt"],"picked":"Iron Wave","floor":18.0},{"not_picked":["Iron Wave","Sword Boomerang"],"picked":"Twin Strike+1","floor":19.0}],"player_experience":53108,"relics_obtained":[{"floor":9.0,"key":"Nunchaku"},{"floor":13.0,"key":"Anchor"}],"event_choices":[{"damage_healed":0.0,"max_hp_gain":0.0,"max_hp_loss":0.0,"gold_gain":0.0,"event_name":"Shining Light","player_choice":"Entered Light","floor":4.0,"gold_loss":0.0,"damage_taken":18.0,"cards_upgraded":["Iron Wave","Defend_R"]},{"cards_removed":["Strike_R"],"damage_healed":0.0,"max_hp_gain":0.0,"max_hp_loss":0.0,"gold_gain":0.0,"event_name":"The Cleric","player_choice":"Card Removal","floor":7.0,"gold_loss":50.0,"damage_taken":0.0},{"damage_healed":0.0,"max_hp_gain":0.0,"max_hp_loss":0.0,"gold_gain":0.0,"event_name":"Upgrade Shrine","player_choice":"Upgraded","floor":8.0,"gold_loss":0.0,"damage_taken":0.0,"cards_upgraded":["jedi:fear"]},{"damage_healed":0.0,"max_hp_gain":0.0,"max_hp_loss":0.0,"gold_gain":0.0,"event_name":"conspire:Investor","player_choice":"Leave","floor":21.0,"gold_loss":0.0,"damage_taken":0.0}],"is_beta":false,"boss_relics":[{"not_picked":["aspiration:FutureDiary","Coffee Dripper"],"picked":"Empty Cage"}],"items_purged_floors":[11],"is_endless":false,"potions_floor_spawned":[1,10,13,14],"killed_by":"3 Cultists","ascension_level":0}}