{"host":"xvcswx52z80fmg13","time":1613157788,"event":{"mods":["BaseMod","Colored Map","Colored Powertips","Highlight Path","Minty Spire (QoL Compilation)"],"gold_per_floor":[113,131,206,381,400,400,418,433,510,540,540,556,221,232,232,329,329,349,349,105,132,132,159,159,185,185,197,214,214,227,21,21,119,119,136,148,5,5,5,5,38,38,38,38,260,273,273,293,293,293,293,293,2,33,33],"floor_reached":56,"language":"ENG","playtime":3605,"items_purged":["Defend_G","Defend_G"],"score":1240,"play_id":"36c917eb-6253-437a-aabb-0d27def64a6e","local_time":"20210212152308","is_ascension_mode":false,"campfire_choices":[{"data":"Leg Sweep","floor":6,"key":"SMITH"},{"data":"Strike_G","floor":11,"key":"PURGE"},{"data":"Doubt","floor":15,"key":"PURGE"},{"data":"Finisher","floor":24,"key":"SMITH"},{"data":"Unload","floor":29,"key":"SMITH"},{"floor":32,"key":"REST"},{"data":"1","floor":40,"key":"LIFT"},{"data":"2","floor":42,"key":"LIFT"},{"floor":44,"key":"RECALL"},{"data":"3","floor":47,"key":"LIFT"},{"data":"Backstab","floor":49,"key":"SMITH"},{"data":"Blade Dance","floor":52,"key":"SMITH"}],"circlet_count":0,"master_deck":["Strike_G+1","Strike_G+1","Strike_G+1","Defend_G+1","Defend_G+1","Survivor","Neutralize","Leg Sweep+1","Infinite Blades","Cloak And Dagger","Blade Dance","Backstab+1","Finisher+1","Good Instincts","Flying Knee","Flying Knee","Unload+1","Good Instincts","Blade Dance+1","Calculated Gamble+1","After Image","After Image","Cloak And Dagger+1","Envenom"],"relics":["Ring of the Snake","Pantograph","Peace Pipe","PreservedInsect","SlaversCollar","MutagenicStrength","Membership Card","Red Mask","Bag of Marbles","Pen Nib","Ninja Scroll","Sling","Empty Cage","Girya","MealTicket","Torii","Snake Skull","Unceasing Top","Calipers"],"acts_visited":["Exordium","TheCity","TheBeyond","TheEnding"],"potions_floor_usage":[7,10,12,16,16,21,36,36,36,36,55,55,55],"damage_taken":[{"damage":0,"enemies":"Small Slimes","floor":1,"turns":7},{"damage":0,"enemies":"Jaw Worm","floor":2,"turns":4},{"damage":0,"enemies":"2 Louse","floor":5,"turns":2},{"damage":0,"enemies":"Looter","floor":7,"turns":1},{"damage":4,"enemies":"Exordium Thugs","floor":8,"turns":5},{"damage":28,"enemies":"Gremlin Nob","floor":10,"turns":4},{"damage":5,"enemies":"Large Slime","floor":12,"turns":8},{"damage":0,"enemies":"Exordium Wildlife","floor":14,"turns":3},{"damage":9,"enemies":"Hexaghost","floor":16,"turns":8},{"damage":11,"enemies":"Chosen","floor":18,"turns":5},{"damage":9,"enemies":"Masked Bandits","floor":21,"turns":4},{"damage":4,"enemies":"Book of Stabbing","floor":23,"turns":3},{"damage":0,"enemies":"Gremlin Leader","floor":25,"turns":1},{"damage":4,"enemies":"3 Byrds","floor":27,"turns":5},{"damage":1,"enemies":"Centurion and Healer","floor":28,"turns":3},{"damage":13,"enemies":"3 Cultists","floor":30,"turns":4},{"damage":65,"enemies":"Champ","floor":33,"turns":12},{"damage":0,"enemies":"3 Shapes","floor":35,"turns":2},{"damage":10,"enemies":"3 Darklings","floor":36,"turns":5},{"damage":0,"enemies":"Nemesis","floor":41,"turns":1},{"damage":0,"enemies":"Spire Growth","floor":46,"turns":1},{"damage":0,"enemies":"Sphere and 2 Shapes","floor":48,"turns":2},{"damage":17,"enemies":"Time Eater","floor":50,"turns":8},{"damage":0,"enemies":"Shield and Spear","floor":54,"turns":2},{"damage":37,"enemies":"The Heart","floor":55,"turns":6}],"seed_played":"5413960986539115931","potions_obtained":[{"floor":1,"key":"SteroidPotion"},{"floor":5,"key":"AttackPotion"},{"floor":10,"key":"Block Potion"},{"floor":12,"key":"Strength Potion"},{"floor":14,"key":"Block Potion"},{"floor":18,"key":"SteroidPotion"},{"floor":25,"key":"LiquidBronze"},{"floor":30,"key":"FearPotion"},{"floor":33,"key":"EntropicBrew"},{"floor":38,"key":"BlessingOfTheForge"},{"floor":38,"key":"DuplicationPotion"}],"is_trial":false,"path_per_floor":["M","M","?","?","M","R","M","M","T","E","R","M","$","M","R","B",null,"M","?","$","?","?","E","R","E","T","M","M","R","M","$","R","B",null,"M","M","$","?","$","R","E","R","T","R","?","M","R","M","R","B",null,"R","$","E","B",null],"character_chosen":"THE_SILENT","items_purchased":["Good Instincts","Flying Knee","PreservedInsect","Membership Card","Good Instincts","Ninja Scroll","Sling","Girya","Envenom","Snake Skull","Unceasing Top"],"campfire_rested":1,"item_purchase_floors":[13,13,13,20,20,31,31,37,53,53,53],"current_hp_per_floor":[70,70,59,59,59,59,59,55,55,27,27,22,22,22,22,38,70,59,59,59,50,50,46,46,46,46,42,41,41,28,28,49,5,70,70,60,60,60,60,60,60,60,60,60,60,60,60,60,60,53,70,70,70,70,33],"gold":33,"neow_bonus":"THREE_CARDS","is_daily":false,"chose_seed":false,"campfire_upgraded":5,"win_rate":0.0,"timestamp":1613157788,"path_taken":["M","M","?","?","M","R","M","M","T","E","R","M","$","M","R","BOSS","M","?","$","?","?","E","R","E","T","M","M","R","M","$","R","BOSS","M","M","$","?","?","R","E","R","T","R","?","?","R","M","R","BOSS","R","$","E","BOSS"],"items_purchased_type":["Card","Card","Relic","Relic","Card","Relic","Relic","Relic","Card","Relic","Relic"],"build_version":"2020-12-22","purchased_purges":2,"victory":true,"max_hp_per_floor":[70,70,70,70,70,70,70,70,70,70,70,70,70,70,70,70,70,70,70,70,70,70,70,70,70,70,70,70,70,70,70,70,70,70,70,70,70,70,70,70,70,70,70,70,70,70,70,70,70,70,70,70,70,70,70],"card_choices":[{"not_picked":["Dodge and Roll","Sucker Punch"],"picked":"Leg Sweep","floor":0},{"not_picked":["Sucker Punch","Heel Hook"],"picked":"Infinite Blades","floor":1},{"not_picked":["Slice","Sucker Punch"],"picked":"Cloak And Dagger","floor":2},{"not_picked":["Distraction","Bane"],"picked":"Blade Dance","floor":5},{"not_picked":["Masterful Stab","Flechettes"],"picked":"Backstab","floor":7},{"not_picked":["Concentrate","Sucker Punch"],"picked":"Finisher","floor":8},{"not_picked":["Acrobatics","Malaise","Dash"],"picked":"SKIP","floor":10},{"not_picked":["Dagger Spray","Quick Slash","Outmaneuver"],"picked":"SKIP","floor":12},{"not_picked":["PiercingWail","Cloak And Dagger"],"picked":"Flying Knee","floor":14},{"not_picked":["Burst","Night Terror"],"picked":"Unload","floor":16},{"not_picked":["Crippling Poison","Tactician+1","Bane"],"picked":"SKIP","floor":18},{"not_picked":["Eviscerate+1","Underhanded Strike"],"picked":"Blade Dance","floor":21},{"not_picked":["Setup","Flechettes+1","Bane+1"],"picked":"SKIP","floor":23},{"not_picked":["Quick Slash","Prepared","PiercingWail+1"],"picked":"SKIP","floor":25},{"not_picked":["Quick Slash","Flying Knee","Acrobatics"],"picked":"SKIP","floor":27},{"not_picked":["PiercingWail+1","Sucker Punch"],"picked":"Calculated Gamble+1","floor":28},{"not_picked":["Blur","Acrobatics"],"picked":"After Image","floor":30},{"not_picked":["Grand Finale","Night Terror"],"picked":"After Image","floor":33},{"not_picked":["Slice+1","Riddle With Holes","Deadly Poison"],"picked":"SKIP","floor":35},{"not_picked":["Dagger Throw+1","Predator+1"],"picked":"Cloak And Dagger+1","floor":36},{"not_picked":["Slice","Acrobatics","Bane+1"],"picked":"SKIP","floor":41},{"not_picked":["Deadly Poison+1","Tools of the Trade","Concentrate"],"picked":"SKIP","floor":46},{"not_picked":["Underhanded Strike","Bouncing Flask","Dagger Spray+1"],"picked":"SKIP","floor":48},{"not_picked":["Underhanded Strike","Bouncing Flask","Dagger Spray+1"],"picked":"SKIP","floor":48},{"not_picked":["Dash","Dodge and Roll+1","Deadly Poison+1"],"picked":"SKIP","floor":54}],"player_experience":1319865,"relics_obtained":[{"floor":9,"key":"Pantograph"},{"floor":10,"key":"Peace Pipe"},{"floor":21,"key":"Red Mask"},{"floor":23,"key":"Bag of Marbles"},{"floor":25,"key":"Pen Nib"},{"floor":41,"key":"MealTicket"},{"floor":43,"key":"Torii"},{"floor":54,"key":"Calipers"}],"event_choices":[{"damage_healed":0,"gold_gain":75,"player_choice":"Gather Gold","damage_taken":11,"max_hp_gain":0,"max_hp_loss":0,"event_name":"World of Goop","floor":3,"gold_loss":0},{"damage_healed":0,"gold_gain":175,"player_choice":"AGREE","damage_taken":0,"max_hp_gain":0,"max_hp_loss":0,"event_name":"Liars Game","floor":4,"gold_loss":0,"cards_obtained":["Doubt"]},{"damage_healed":0,"gold_gain":0,"player_choice":"Inject Mutagens","damage_taken":0,"relics_obtained":["MutagenicStrength"],"max_hp_gain":0,"max_hp_loss":0,"event_name":"Drug Dealer","floor":19,"gold_loss":0},{"damage_healed":0,"gold_gain":0,"player_choice":"Fought Bandits","damage_taken":0,"max_hp_gain":0,"max_hp_loss":0,"event_name":"Masked Bandits","floor":21,"gold_loss":0},{"damage_healed":0,"gold_gain":0,"player_choice":"Simplicity","damage_taken":0,"max_hp_gain":0,"max_hp_loss":0,"event_name":"Back to Basics","floor":22,"gold_loss":0,"cards_upgraded":["Strike_G","Strike_G","Strike_G","Strike_G","Defend_G","Defend_G","Defend_G"]},{"damage_healed":0,"gold_gain":0,"player_choice":"Got Potions","damage_taken":0,"max_hp_gain":0,"max_hp_loss":0,"event_name":"Lab","floor":38,"gold_loss":0},{"damage_healed":0,"gold_gain":222,"player_choice":"Wore Mask","damage_taken":0,"max_hp_gain":0,"max_hp_loss":0,"event_name":"Tomb of Lord Red Mask","floor":45,"gold_loss":0}],"is_beta":false,"boss_relics":[{"not_picked":["HoveringKite","Runic Pyramid"],"picked":"SlaversCollar"},{"not_picked":["Snecko Eye","Pandora\u0027s Box"],"picked":"Empty Cage"}],"items_purged_floors":[13,20],"is_endless":false,"potions_floor_spawned":[1,5,10,12,14,18,25,30,33,46],"ascension_level":0}}