{"host":"bpnwh7vpv9k3tssc","time":1613139539,"event":{"mods":["BaseMod","Colored Map","Colored Powertips","Curses Come First","Highlight Path","Minty Spire (QoL Compilation)","Quick Restart","Random Character Button","Relic Sorter","StSLib"],"gold_per_floor":[163,163,163,176,176,176,187,221,298,332,359,389,401,424,436,545,557,579,591,613,625,650,688,700,744,781,793,823,861,873,885,885],"floor_reached":31,"language":"ENG","playtime":1150,"items_purged":[],"score":391,"play_id":"1c23f923-d00d-4ce9-9279-fb7b68933379","local_time":"20210212151859","is_ascension_mode":true,"campfire_choices":[{"data":"BowlingBash","floor":6,"key":"SMITH"},{"data":"Tantrum","floor":15,"key":"SMITH"},{"floor":27,"key":"REST"}],"circlet_count":0,"master_deck":["Strike_P","Strike_P+1","Strike_P","Strike_P","Defend_P","Defend_P+1","Defend_P","Defend_P","Eruption+1","Vigilance","BowlingBash+1","Swivel+1","Tantrum+1","Indignation","LikeWater","WreathOfFlame+1","DeceiveReality+1","FlurryOfBlows","Prostrate+1","Establishment","FearNoEvil+1","Prostrate+1","Pray+1","Omniscience+1","Prostrate+1","Decay","Perseverance+1","Evaluate+1","ClearTheMind+1","RitualDagger"],"relics":["Tiny House","PreservedInsect","CaptainsWheel","Toxic Egg 2","MawBank","Black Star","Bag of Marbles","Mercury Hourglass","Regal Pillow","Orichalcum","Meat on the Bone","Bag of Preparation"],"acts_visited":["Exordium","TheCity"],"potions_floor_usage":[16,23,25,25,29],"damage_taken":[{"damage":5,"enemies":"Small Slimes","floor":1,"turns":4},{"damage":0,"enemies":"2 Louse","floor":4,"turns":3},{"damage":0,"enemies":"Cultist","floor":7,"turns":2},{"damage":17,"enemies":"Lagavulin","floor":8,"turns":3},{"damage":7,"enemies":"3 Sentries","floor":10,"turns":3},{"damage":0,"enemies":"2 Fungi Beasts","floor":11,"turns":2},{"damage":1,"enemies":"Blue Slaver","floor":12,"turns":3},{"damage":3,"enemies":"Looter","floor":14,"turns":3},{"damage":19,"enemies":"The Guardian","floor":16,"turns":5},{"damage":18,"enemies":"Spheric Guardian","floor":18,"turns":8},{"damage":17,"enemies":"2 Thieves","floor":20,"turns":5},{"damage":18,"enemies":"3 Cultists","floor":22,"turns":6},{"damage":22,"enemies":"Gremlin Leader","floor":23,"turns":4},{"damage":0,"enemies":"Book of Stabbing","floor":25,"turns":4},{"damage":15,"enemies":"Centurion and Healer","floor":28,"turns":5},{"damage":0,"enemies":"Gremlin Leader","floor":29,"turns":5},{"damage":19,"enemies":"Snake Plant","floor":31,"turns":4}],"seed_played":"272720061508647182","potions_obtained":[{"floor":0,"key":"EssenceOfSteel"},{"floor":11,"key":"SneckoOil"},{"floor":12,"key":"Swift Potion"},{"floor":20,"key":"SkillPotion"},{"floor":23,"key":"BottledMiracle"},{"floor":28,"key":"BlessingOfTheForge"}],"is_trial":false,"path_per_floor":["M","?","?","M","?","R","M","E","T","E","M","M","?","M","R","B",null,"M","?","M","$","M","E","?","E","T","R","M","E","?","M"],"character_chosen":"WATCHER","items_purchased":[],"campfire_rested":1,"item_purchase_floors":[],"current_hp_per_floor":[72,57,54,54,54,54,54,37,37,30,30,29,54,51,51,32,77,59,59,42,42,24,2,2,2,2,40,25,25,19,0,0],"gold":885,"neow_bonus":"BOSS_RELIC","is_daily":false,"chose_seed":false,"campfire_upgraded":2,"win_rate":0.0,"timestamp":1613139539,"path_taken":["M","?","?","M","?","R","?","E","T","E","M","M","?","M","R","BOSS","M","?","M","$","M","E","?","E","T","R","M","E","?","M"],"items_purchased_type":[],"build_version":"2020-12-22","purchased_purges":0,"victory":false,"max_hp_per_floor":[77,77,77,77,77,77,77,77,77,77,77,77,77,77,77,77,77,77,77,77,77,77,77,77,77,77,77,77,77,77,77,77],"card_choices":[{"not_picked":["CrushJoints","SashWhip"],"picked":"BowlingBash","floor":0},{"not_picked":["EmptyBody","Collect"],"picked":"Swivel","floor":1},{"not_picked":["BowlingBash","Sanctity"],"picked":"Tantrum","floor":4},{"not_picked":["Perseverance","CutThroughFate"],"picked":"Indignation","floor":7},{"not_picked":["Perseverance","JustLucky"],"picked":"LikeWater","floor":8},{"not_picked":["Nirvana","Conclude"],"picked":"WreathOfFlame+1","floor":10},{"not_picked":["JustLucky","ThirdEye+1"],"picked":"DeceiveReality+1","floor":11},{"not_picked":["Conclude","EmptyBody+1"],"picked":"FlurryOfBlows","floor":12},{"not_picked":["Conclude","Blasphemy+1"],"picked":"Prostrate+1","floor":14},{"not_picked":["SpiritShield+1","Scrawl+1"],"picked":"Establishment","floor":16},{"not_picked":["FlurryOfBlows","ClearTheMind+1"],"picked":"FearNoEvil+1","floor":18},{"not_picked":["Halt+1","Wireheading+1"],"picked":"Pray+1","floor":20},{"not_picked":["Halt+1","EmptyFist+1"],"picked":"Omniscience+1","floor":22},{"not_picked":["BowlingBash","Conclude"],"picked":"Prostrate+1","floor":23},{"not_picked":["Vengeance+1","CutThroughFate+1"],"picked":"Perseverance+1","floor":25},{"not_picked":["FlurryOfBlows","BowlingBash"],"picked":"Evaluate+1","floor":28},{"not_picked":["Ragnarok","FlyingSleeves"],"picked":"ClearTheMind+1","floor":29}],"player_experience":379259,"relics_obtained":[{"floor":8,"key":"CaptainsWheel"},{"floor":9,"key":"Toxic Egg 2"},{"floor":10,"key":"MawBank"},{"floor":23,"key":"Bag of Marbles"},{"floor":23,"key":"Mercury Hourglass"},{"floor":25,"key":"Regal Pillow"},{"floor":25,"key":"Orichalcum"},{"floor":29,"key":"Meat on the Bone"},{"floor":29,"key":"Bag of Preparation"}],"event_choices":[{"damage_healed":0,"gold_gain":0,"player_choice":"Entered Light","damage_taken":15,"max_hp_gain":0,"max_hp_loss":0,"event_name":"Shining Light","floor":2,"gold_loss":0,"cards_upgraded":["Defend_P","Swivel"]},{"damage_healed":0,"gold_gain":0,"player_choice":"Success","damage_taken":3,"relics_obtained":["PreservedInsect"],"max_hp_gain":0,"max_hp_loss":0,"event_name":"Scrap Ooze","floor":3,"gold_loss":0},{"damage_healed":0,"gold_gain":0,"player_choice":"Forge","damage_taken":0,"max_hp_gain":0,"max_hp_loss":0,"event_name":"Accursed Blacksmith","floor":5,"gold_loss":0,"cards_upgraded":["Eruption"]},{"damage_healed":25,"gold_gain":0,"player_choice":"Banana","damage_taken":0,"max_hp_gain":0,"max_hp_loss":0,"event_name":"Big Fish","floor":13,"gold_loss":0},{"damage_healed":0,"gold_gain":0,"player_choice":"Read","damage_taken":0,"max_hp_gain":0,"max_hp_loss":0,"event_name":"The Library","floor":19,"gold_loss":0,"cards_obtained":["Prostrate"]},{"damage_healed":0,"gold_gain":0,"player_choice":"Smashed Altar","damage_taken":0,"max_hp_gain":0,"max_hp_loss":0,"event_name":"Forgotten Altar","floor":24,"gold_loss":0,"cards_obtained":["Decay"]},{"damage_healed":0,"gold_gain":0,"player_choice":"Joined the Cult","damage_taken":6,"max_hp_gain":0,"max_hp_loss":0,"event_name":"Nest","floor":30,"gold_loss":0,"cards_obtained":["RitualDagger"]}],"is_beta":false,"boss_relics":[{"not_picked":["Sozu","Cursed Key"],"picked":"Black Star"}],"items_purged_floors":[],"is_endless":false,"potions_floor_spawned":[11,12,14,20,23,28],"killed_by":"Snake Plant","ascension_level":2}}