{"host":"sphpv8i47evyqkcv","time":1613112478,"event":{"mods":["AchievementEnabler","Act Like it!","Aspiration","BaseMod","Colored Powertips","Custom Start","Downfall","Minty Spire (QoL Compilation)","Quick Restart","Remove Card Discount Mod","Replay The Spire","Shop Mod","Spicy Shops","StSLib","Transform Curses"],"gold_per_floor":[109,124,135,210,210,210,242,260,260,27,57,57,57,83,83,202,202,233,264,46,77,114,114,114,114,114],"floor_reached":25,"language":"ZHS","playtime":718,"items_purged":["Strike_G","Defend_G","Decay"],"score":211,"play_id":"cb6fd581-73bf-4495-bc2d-89a2e8af2d20","local_time":"20210212024758","is_ascension_mode":false,"campfire_choices":[{"data":"Neutralize","floor":6.0,"key":"SMITH"},{"data":"Noxious Fumes","floor":12.0,"key":"SMITH"},{"data":"Backflip","floor":15,"key":"SMITH"},{"floor":23,"key":"REST"}],"circlet_count":0,"master_deck":["Strike_G","Strike_G","Strike_G","Strike_G","Defend_G","Defend_G","Defend_G","Defend_G","Survivor","Neutralize+1","Noxious Fumes+1","Flying Knee","Deflect","Backflip+1","Flying Knee","Sucker Punch","Venomology","Acrobatics","Finisher+1","ReplayTheSpireMod:Speed Training","Deadly Poison","Poisoned Stab+1"],"relics":["Ring of the Snake","aspiration:Nostalgia","sneckomod:SneckoSoul","Question Card","aspiration:Lifesprig","Replay:Accelerometer","The Specimen","MerchantsRug","Oddly Smooth Stone","Replay:Bandana","SlaversCollar","TwistedFunnel","ReplayTheSpireMod:CursedCoin","Tiny Chest"],"acts_visited":["Exordium","TheCity"],"potions_floor_usage":[14,18,19,21,22,25],"damage_taken":[{"damage":1.0,"enemies":"Jaw Worm","floor":1.0,"turns":5.0},{"damage":0.0,"enemies":"2 Louse","floor":2.0,"turns":4.0},{"damage":4.0,"enemies":"Cultist","floor":3.0,"turns":4.0},{"damage":10.0,"enemies":"Gremlin Nob","floor":7.0,"turns":4.0},{"damage":0.0,"enemies":"Blue Slaver","floor":8.0,"turns":5.0},{"damage":2,"enemies":"Lagavulin","floor":14,"turns":4},{"damage":20,"enemies":"The Guardian","floor":16,"turns":10},{"damage":1,"enemies":"Shell Parasite","floor":18,"turns":8},{"damage":29,"enemies":"2 Thieves","floor":19,"turns":5},{"damage":24,"enemies":"Sentry and Sphere","floor":21,"turns":7},{"damage":11,"enemies":"Snecko","floor":22,"turns":5},{"damage":0,"enemies":"Centurion and Healer","floor":25,"turns":1}],"seed_played":"2104663147712155741","potions_obtained":[{"floor":1.0,"key":"SkillPotion"},{"floor":7.0,"key":"AttackPotion"},{"floor":16,"key":"Elixir"},{"floor":22,"key":"Fire Potion"}],"is_trial":false,"path_per_floor":["M","M","M","?","T","R","E","M","T","$","?","R","?","E","R","B",null,"M","M","$","M","M","R","?","M"],"character_chosen":"THE_SILENT","items_purchased":["The Specimen","MerchantsRug","TwistedFunnel","ReplayTheSpireMod:CursedCoin","Tiny Chest","ReplayTheSpireMod:Speed Training"],"campfire_rested":1,"item_purchase_floors":[10,10,20,20,20,20],"current_hp_per_floor":[69,69,65,54,54,54,44,44,44,44,44,44,44,42,42,22,70,69,40,40,16,5,26,26,26,26],"gold":114,"neow_bonus":"NOSTALGIA","is_daily":false,"chose_seed":false,"campfire_upgraded":3,"win_rate":0.0,"timestamp":1613112478,"path_taken":["M","M","M","?","?","R","E","M","T","$","?","R","?","E","R","BOSS","M","M","$","M","M","R","?","M"],"items_purchased_type":["Relic","Relic","Relic","Relic","Relic","Card"],"build_version":"2020-12-22","purchased_purges":3,"victory":false,"max_hp_per_floor":[70,70,70,70,70,70,70,70,70,70,70,70,70,70,70,70,70,70,70,70,70,70,70,70,70,70],"card_choices":[{"not_picked":["Sucker Punch","Hidden Blade"],"picked":"Noxious Fumes","floor":1.0},{"not_picked":["Acrobatics","Dagger Throw"],"picked":"Flying Knee","floor":2.0},{"not_picked":["Eviscerate","ReplayTheSpireMod:Exploit Weakness"],"picked":"Deflect","floor":3.0},{"not_picked":["Malaise","Sneak Up","Flying Knee"],"picked":"Backflip","floor":7.0},{"not_picked":["Quick Slash","PiercingWail","Slice"],"picked":"Flying Knee","floor":8.0},{"not_picked":["Hidden Blade","Infinite Blades","Well Laid Plans"],"picked":"Sucker Punch","floor":14},{"not_picked":["Burst","Atom Bomb","Die Die Die"],"picked":"Venomology","floor":16},{"not_picked":["Prepared+1","Slice+1","Sucker Punch"],"picked":"Acrobatics","floor":18},{"not_picked":["Prepared","Slice","Hidden Blade"],"picked":"Finisher+1","floor":19},{"not_picked":["Dash+1","Skewer","Dagger Spray"],"picked":"Deadly Poison","floor":21},{"not_picked":["Reflex","Quick Slash","Dagger Spray"],"picked":"Poisoned Stab+1","floor":22}],"player_experience":23968,"relics_obtained":[{"floor":5.0,"key":"Question Card"},{"floor":7.0,"key":"aspiration:Lifesprig"},{"floor":9.0,"key":"Replay:Accelerometer"},{"floor":14,"key":"Replay:Bandana"}],"event_choices":[{"damage_healed":0.0,"max_hp_gain":0.0,"max_hp_loss":0.0,"gold_gain":75.0,"event_name":"World of Goop","player_choice":"Gather Gold","floor":4.0,"gold_loss":0.0,"damage_taken":11.0},{"damage_healed":0.0,"max_hp_gain":0.0,"max_hp_loss":0.0,"gold_gain":30.0,"event_name":"Dead Adventurer","player_choice":"Searched \u00272\u0027 times","floor":11.0,"gold_loss":0.0,"damage_taken":0.0,"relics_obtained":["Oddly Smooth Stone"]},{"damage_healed":0,"gold_gain":0,"player_choice":"Fled","damage_taken":0,"max_hp_gain":0,"max_hp_loss":0,"event_name":"Scrap Ooze","floor":13,"gold_loss":0},{"damage_healed":0,"gold_gain":0,"player_choice":"Bought 0 Potions","damage_taken":0,"max_hp_gain":0,"max_hp_loss":0,"event_name":"The Woman in Blue","floor":24,"gold_loss":0}],"is_beta":false,"boss_relics":[{"not_picked":["Snecko Scales","Snecko Heart"],"picked":"SlaversCollar"}],"items_purged_floors":[10,10,20],"is_endless":false,"potions_floor_spawned":[1,7,16,22],"killed_by":"Centurion and Healer","ascension_level":0}}