{"host":"7oiwk103j2prpym5","time":1613141317,"event":{"mods":["BaseMod","BetterRewards","Colored Map","Colored Powertips","GifTheSpireLib","Infinite Spire","Minty Spire (QoL Compilation)","Permanent Neow","Relic Filter Mod","Reliquary","Remove Card Discount Mod","Replay The Spire","StSLib","Stuff the Spire","Weighted Paths"],"gold_per_floor":[116,116,135,43,35,60,72,72,72,72,86,101,132,157,157,267,267,288,288,213,232,250,292,300,300],"floor_reached":24,"language":"ENG","playtime":2066,"items_purged":["Strike_G","Defend_G","Pain","Strike_G","Defend_G","Strike_G","Defend_G","Pain"],"score":377,"play_id":"e520eb18-4bb3-43a7-acf5-2cb076c4d05b","local_time":"20210212084837","is_ascension_mode":true,"campfire_choices":[{"floor":8,"key":"REST"},{"floor":10,"key":"REST"},{"floor":15,"key":"REST"}],"circlet_count":0,"master_deck":["Strike_G","Strike_G","Defend_G","Defend_G","Survivor","Neutralize","Storm of Steel","Magnetism","Riddle With Holes","Outmaneuver","ReplayTheSpireMod:Scrap Shanks","Backflip","Poisoned Stab","Hidden Blade","Hidden Blade","Cloak And Dagger","Deadly Poison","Bouncing Flask","Dodge and Roll","Draining Mist","Predator","Dagger Spray","Replay:Bag of Tricks","Hidden Blade+1","StuffTheSpire:Harmony","Infinite Blades","Backflip+1"],"relics":["Ring of the Snake","HandDrill","StuffTheSpire:GrapeVine","WarpedTongs","infinitespire:Eraser","infinitespire:Midas Blood","Pet Ghost","Black Star","Sundial","Replay:Baseball"],"acts_visited":["Exordium","TheCity"],"potions_floor_usage":[2,14,23,24,24],"damage_taken":[{"damage":11,"enemies":"Jaw Worm","floor":1,"turns":4},{"damage":17,"enemies":"Cultist","floor":3,"turns":6},{"damage":3,"enemies":"Replay:BlueRogue","floor":6,"turns":2},{"damage":0,"enemies":"Small Slimes","floor":7,"turns":2},{"damage":9,"enemies":"3 Louse","floor":11,"turns":2},{"damage":1,"enemies":"2 Fungi Beasts","floor":12,"turns":4},{"damage":10,"enemies":"Lagavulin","floor":13,"turns":5},{"damage":25,"enemies":"Gremlin Gang","floor":14,"turns":5},{"damage":18,"enemies":"The Guardian","floor":16,"turns":9},{"damage":2,"enemies":"Chosen","floor":18,"turns":4},{"damage":9,"enemies":"Shell Parasite","floor":21,"turns":4},{"damage":25,"enemies":"Snake Plant","floor":22,"turns":5},{"damage":30,"enemies":"Replay:Snechameleon","floor":23,"turns":5},{"damage":41,"enemies":"Masked Bandits","floor":24,"turns":3}],"seed_played":"895311642893404246","potions_obtained":[{"floor":1,"key":"EntropicBrew"},{"floor":6,"key":"Dexterity Potion"},{"floor":7,"key":"GamblersBrew"},{"floor":23,"key":"Explosive Potion"}],"is_trial":false,"path_per_floor":["M","?","M","$","$","E","M","R","T","R","M","M","E","M","R","B",null,"M","?","$","M","M","E","?"],"character_chosen":"THE_SILENT","items_purchased":["HandDrill","StuffTheSpire:GrapeVine","Storm of Steel","Riddle With Holes","Outmaneuver","ReplayTheSpireMod:Scrap Shanks","Hidden Blade","Cloak And Dagger","Infinite Blades"],"campfire_rested":3,"item_purchase_floors":[0,0,0,0,0,0,4,4,20],"current_hp_per_floor":[38,38,21,21,21,18,18,39,39,60,51,50,40,15,36,18,70,68,68,68,62,47,27,0,0],"gold":300,"neow_bonus":"","is_daily":false,"chose_seed":false,"campfire_upgraded":0,"win_rate":0.0,"timestamp":1613141317,"path_taken":["M","?","M","?","$","E","M","R","T","R","M","M","E","M","R","BOSS","M","?","$","M","M","E","?"],"items_purchased_type":["Relic","Relic","Card","Card","Card","Card","Card","Card","Card"],"build_version":"2020-12-22","purchased_purges":8,"victory":false,"max_hp_per_floor":[70,70,70,70,70,70,70,70,70,70,70,70,70,70,70,70,70,70,70,70,70,70,70,70,70],"card_choices":[{"not_picked":["PiercingWail","Heel Hook"],"picked":"Backflip","floor":1},{"not_picked":["StuffTheSpire:Python","Bane"],"picked":"Poisoned Stab","floor":3},{"not_picked":["Poison Darts","Poisoned Stab"],"picked":"Deadly Poison","floor":6},{"not_picked":["Acrobatics","Dagger Throw"],"picked":"Bouncing Flask","floor":7},{"not_picked":["Bouncing Flask","StuffTheSpire:ClusterCrunch"],"picked":"Dodge and Roll","floor":11},{"not_picked":["Terror","Sneak Up"],"picked":"Draining Mist","floor":12},{"not_picked":["StuffTheSpire:Repulse","Underhanded Strike"],"picked":"Predator","floor":13},{"not_picked":["Bouncing Flask","StuffTheSpire:Injection"],"picked":"Dagger Spray","floor":14},{"not_picked":["Malaise","Bullet Time"],"picked":"Replay:Bag of Tricks","floor":16},{"not_picked":["ReplayTheSpireMod:Scrap Shanks","StuffTheSpire:Injection+1"],"picked":"Hidden Blade+1","floor":18},{"not_picked":["Acrobatics","Quick Slash+1"],"picked":"Backflip+1","floor":21},{"not_picked":["Dagger Throw","StuffTheSpire:BumpUp","Quick Slash"],"picked":"SKIP","floor":22},{"not_picked":["Blade Dance","Quick Slash","Slice"],"picked":"SKIP","floor":23}],"player_experience":877659,"relics_obtained":[{"floor":6,"key":"infinitespire:Eraser"},{"floor":9,"key":"infinitespire:Midas Blood"},{"floor":13,"key":"Pet Ghost"},{"floor":23,"key":"Sundial"},{"floor":23,"key":"Replay:Baseball"}],"event_choices":[{"damage_healed":0,"gold_gain":0,"player_choice":"Rummage","damage_taken":0,"relics_obtained":["WarpedTongs"],"max_hp_gain":0,"max_hp_loss":0,"event_name":"Accursed Blacksmith","floor":2,"gold_loss":0,"cards_obtained":["Pain"]},{"damage_healed":0,"gold_gain":0,"player_choice":"Fought Bandits","damage_taken":0,"max_hp_gain":0,"max_hp_loss":0,"event_name":"Masked Bandits","floor":24,"gold_loss":0}],"is_beta":false,"boss_relics":[{"not_picked":["Ring of Chaos","reliquary:WritOfMandamus"],"picked":"Black Star"}],"items_purged_floors":[0,0,4,5,5,5,5,20],"is_endless":false,"potions_floor_spawned":[1,6,7,12,23],"killed_by":"Masked Bandits","ascension_level":3}}