{"host":"jngeqill3bw7azzz","time":1613169526,"event":{"mods":["BaseMod","Highlight Path","Minty Spire (QoL Compilation)","Permanent Neow","Relic Stats"],"gold_per_floor":[110,110,128,139,151,186,186,186,212,253,12,52,52,68,68,167,167,187,187,187,50,69,69,109,133,133,133,147,190,315,187,187,286,286,310,210,210,223,248,587,587,587,587,626,645,658,674,174,174,174,174,174,174,42,82,82],"floor_reached":57,"language":"ENG","playtime":5829,"items_purged":["Strike_R","Strike_R","Strike_R","Combust"],"score":3315,"play_id":"0246bd24-35cf-4e27-bb68-77cecfb9d3a0","local_time":"20210212173846","is_ascension_mode":true,"campfire_choices":[{"data":"Second Wind","floor":7,"key":"SMITH"},{"data":"Offering","floor":13,"key":"SMITH"},{"data":"Pummel","floor":15,"key":"SMITH"},{"data":"Uppercut","floor":23,"key":"SMITH"},{"data":"Feel No Pain","floor":32,"key":"SMITH"},{"floor":41,"key":"RECALL"},{"data":"Barricade","floor":49,"key":"SMITH"},{"data":"Disarm","floor":53,"key":"SMITH"}],"circlet_count":0,"master_deck":["AscendersBane","Defend_R","Defend_R","Defend_R","Defend_R","Bash","Shockwave","Clothesline","Seeing Red","Pummel+1","Second Wind+1","Madness","Offering+1","Evolve","Impervious","Shrug It Off","Necronomicurse","Ghostly","Ghostly","Ghostly","Uppercut+1","Barricade+1","Flex","Intimidate","Whirlwind+1","Feel No Pain+1","Disarm+1","Fiend Fire","Burning Pact+1","Exhume","Madness","Madness","Pummel","Feel No Pain+1","Clumsy","Feel No Pain+1","Feel No Pain+1","Exhume","Battle Trance","Power Through","Barricade+1"],"relics":["Burning Blood","Dead Branch","Blood Vial","Golden Idol","Bronze Scales","Centennial Puzzle","Boot","Sozu","Necronomicon","The Courier","Red Skull","Gambling Chip","Pocketwatch","Ornamental Fan","Orrery","Cursed Key","Old Coin","Blue Candle","Sundial","Happy Flower","DollysMirror","Letter Opener"],"acts_visited":["Exordium","TheCity","TheBeyond","TheEnding"],"potions_floor_usage":[6,12,16],"damage_taken":[{"damage":4,"enemies":"Small Slimes","floor":1,"turns":4},{"damage":7,"enemies":"2 Louse","floor":3,"turns":3},{"damage":0,"enemies":"Cultist","floor":4,"turns":3},{"damage":4,"enemies":"Exordium Thugs","floor":5,"turns":3},{"damage":19,"enemies":"3 Sentries","floor":6,"turns":9},{"damage":23,"enemies":"Lagavulin","floor":10,"turns":5},{"damage":11,"enemies":"3 Sentries","floor":12,"turns":10},{"damage":1,"enemies":"Looter","floor":14,"turns":2},{"damage":6,"enemies":"Slime Boss","floor":16,"turns":5},{"damage":8,"enemies":"Spheric Guardian","floor":18,"turns":7},{"damage":2,"enemies":"2 Thieves","floor":22,"turns":3},{"damage":12,"enemies":"Book of Stabbing","floor":24,"turns":4},{"damage":10,"enemies":"3 Cultists","floor":25,"turns":4},{"damage":1,"enemies":"Snake Plant","floor":28,"turns":4},{"damage":9,"enemies":"Gremlin Leader","floor":29,"turns":4},{"damage":8,"enemies":"Colosseum Slavers","floor":30,"turns":2},{"damage":3,"enemies":"Colosseum Nobs","floor":30,"turns":4},{"damage":0,"enemies":"Automaton","floor":33,"turns":7},{"damage":0,"enemies":"3 Shapes","floor":35,"turns":3},{"damage":0,"enemies":"3 Darklings","floor":38,"turns":5},{"damage":6,"enemies":"4 Shapes","floor":39,"turns":7},{"damage":0,"enemies":"Nemesis","floor":40,"turns":7},{"damage":1,"enemies":"Giant Head","floor":44,"turns":6},{"damage":6,"enemies":"Spire Growth","floor":45,"turns":5},{"damage":0,"enemies":"3 Darklings","floor":46,"turns":3},{"damage":0,"enemies":"Writhing Mass","floor":47,"turns":3},{"damage":0,"enemies":"Time Eater","floor":50,"turns":9},{"damage":6,"enemies":"Awakened One","floor":51,"turns":15},{"damage":3,"enemies":"Shield and Spear","floor":55,"turns":9},{"damage":30,"enemies":"The Heart","floor":56,"turns":5}],"seed_played":"-510105227225724896","potions_obtained":[{"floor":1,"key":"SkillPotion"},{"floor":3,"key":"Dexterity Potion"},{"floor":12,"key":"Fire Potion"}],"is_trial":false,"path_per_floor":["M","?","M","M","M","E","R","?","T","E","$","E","R","M","R","B",null,"M","?","?","$","M","R","E","M","T","?","M","E","?","$","R","B",null,"M","$","?","M","M","E","R","?","T","E","M","M","M","$","R","B","B",null,"R","$","E","B",null],"character_chosen":"IRONCLAD","items_purchased":["True Grit","Madness","Uppercut","Orrery","Exhume","Happy Flower","Battle Trance","Power Through","DollysMirror"],"campfire_rested":0,"item_purchase_floors":[11,11,21,31,48,48,48,48,54],"current_hp_per_floor":[52,52,51,57,59,46,46,46,46,31,31,28,28,35,35,37,60,60,39,34,34,34,34,28,26,26,26,33,31,34,34,34,34,34,34,34,28,34,34,34,34,34,34,34,34,34,34,34,34,34,34,34,34,34,34,10],"gold":82,"neow_bonus":"ONE_RARE_RELIC","is_daily":false,"chose_seed":false,"campfire_upgraded":7,"win_rate":0.0,"timestamp":1613169526,"path_taken":["M","?","M","M","M","E","R","?","T","E","$","E","R","M","R","BOSS","M","?","?","$","M","R","E","M","T","?","M","E","?","$","R","BOSS","M","$","?","M","M","E","R","?","T","E","?","M","M","$","R","BOSS","BOSS","R","$","E","BOSS"],"items_purchased_type":["Card","Card","Card","Relic","Card","Relic","Card","Card","Relic"],"build_version":"2020-12-22","purchased_purges":4,"victory":true,"max_hp_per_floor":[75,75,75,75,75,75,75,68,68,68,68,68,68,68,68,68,68,68,68,34,34,34,34,34,34,34,34,34,34,34,34,34,34,34,34,34,34,34,34,34,34,34,34,34,34,34,34,34,34,34,34,34,34,34,34,34],"relic_stats":{"Happy Flower":[12],"counters":[30,160],"Golden Idol":220,"Dead Branch":[561],"Blue Candle":[0],"Letter Opener":[45],"Boot":[185],"Cursed Key":1,"Burning Blood":128,"Blood Vial":21,"Sozu":8,"Centennial Puzzle":[51],"Ornamental Fan":[76],"Sundial":[4],"Bronze Scales":[448],"Gambling Chip":[39],"Necronomicon":[58],"obtain_stats":[{"Happy Flower":48,"Golden Idol":8,"Dead Branch":0,"Blue Candle":42,"The Courier":24,"Letter Opener":55,"Boot":12,"Cursed Key":34,"Burning Blood":0,"Old Coin":40,"Blood Vial":6,"Sozu":17,"Centennial Puzzle":10,"Ornamental Fan":30,"Sundial":44,"DollysMirror":54,"Bronze Scales":9,"Gambling Chip":29,"Orrery":31,"Necronomicon":19,"Red Skull":26,"Pocketwatch":30},{"Happy Flower":26,"Golden Idol":5,"Dead Branch":0,"Blue Candle":22,"The Courier":12,"Letter Opener":29,"Boot":7,"Cursed Key":18,"Burning Blood":0,"Old Coin":22,"Blood Vial":5,"Sozu":9,"Centennial Puzzle":6,"Ornamental Fan":17,"Sundial":23,"DollysMirror":28,"Bronze Scales":5,"Gambling Chip":15,"Orrery":17,"Necronomicon":10,"Red Skull":13,"Pocketwatch":17},{"Happy Flower":122,"Golden Idol":22,"Dead Branch":0,"Blue Candle":105,"The Courier":58,"Letter Opener":155,"Boot":37,"Cursed Key":83,"Burning Blood":0,"Old Coin":105,"Blood Vial":22,"Sozu":44,"Centennial Puzzle":27,"Ornamental Fan":76,"Sundial":111,"DollysMirror":146,"Bronze Scales":22,"Gambling Chip":70,"Orrery":76,"Necronomicon":51,"Red Skull":62,"Pocketwatch":76}],"Pocketwatch":[65]},"card_choices":[{"not_picked":["Perfected Strike","Combust"],"picked":"Shockwave","floor":1},{"not_picked":["Sword Boomerang","Wild Strike"],"picked":"Clothesline","floor":3},{"not_picked":["Anger","Battle Trance"],"picked":"Seeing Red","floor":4},{"not_picked":["Clash","True Grit"],"picked":"Pummel","floor":5},{"not_picked":["Havoc","Pummel"],"picked":"Second Wind","floor":6},{"not_picked":["Iron Wave","Flex","Cleave"],"picked":"SKIP","floor":10},{"not_picked":["Heavy Blade","Wild Strike"],"picked":"Offering","floor":12},{"not_picked":["Second Wind","Fire Breathing"],"picked":"Evolve","floor":14},{"not_picked":["Brutality","Offering"],"picked":"Impervious","floor":16},{"not_picked":["Armaments","Warcry"],"picked":"Shrug It Off","floor":18},{"not_picked":["Uppercut","Wild Strike","Cleave"],"picked":"SKIP","floor":22},{"not_picked":["Body Slam","Sword Boomerang","Entrench"],"picked":"SKIP","floor":24},{"not_picked":["Cleave+1","Havoc"],"picked":"Barricade","floor":25},{"not_picked":["Heavy Blade","Flex"],"picked":"Intimidate","floor":28},{"not_picked":["Cleave","Thunderclap"],"picked":"Whirlwind+1","floor":29},{"not_picked":["True Grit","Feed"],"picked":"Feel No Pain","floor":30},{"not_picked":["Armaments+1","Pummel"],"picked":"Disarm","floor":31},{"not_picked":["Sword Boomerang","Dark Embrace"],"picked":"Fiend Fire","floor":31},{"not_picked":["Rage","Dark Embrace+1"],"picked":"Burning Pact+1","floor":31},{"not_picked":["Limit Break","Reaper"],"picked":"Exhume","floor":33},{"not_picked":["True Grit","Cleave","Burning Pact"],"picked":"SKIP","floor":35},{"not_picked":["Iron Wave+1","Blood for Blood"],"picked":"Pummel","floor":38},{"not_picked":["Limit Break","Thunderclap"],"picked":"Feel No Pain+1","floor":39},{"not_picked":["Dual Wield","Headbutt","Fire Breathing"],"picked":"SKIP","floor":40},{"not_picked":["Warcry","Shrug It Off"],"picked":"Feel No Pain+1","floor":44},{"not_picked":["Armaments+1","Combust"],"picked":"Feel No Pain+1","floor":45},{"not_picked":["Headbutt","Cleave+1","Sword Boomerang"],"picked":"SKIP","floor":46},{"not_picked":["Headbutt","Flex","Sever Soul"],"picked":"SKIP","floor":47},{"not_picked":["Searing Blow","Shrug It Off","Anger"],"picked":"SKIP","floor":55}],"player_experience":2619871,"relics_obtained":[{"floor":6,"key":"Blood Vial"},{"floor":9,"key":"Bronze Scales"},{"floor":10,"key":"Centennial Puzzle"},{"floor":12,"key":"Boot"},{"floor":19,"key":"Necronomicon"},{"floor":24,"key":"The Courier"},{"floor":26,"key":"Red Skull"},{"floor":29,"key":"Gambling Chip"},{"floor":30,"key":"Pocketwatch"},{"floor":30,"key":"Ornamental Fan"},{"floor":40,"key":"Old Coin"},{"floor":44,"key":"Sundial"},{"floor":55,"key":"Letter Opener"}],"event_choices":[{"damage_healed":0,"gold_gain":0,"player_choice":"Ignored","damage_taken":0,"max_hp_gain":0,"max_hp_loss":0,"event_name":"Liars Game","floor":2,"gold_loss":0},{"damage_healed":0,"gold_gain":0,"player_choice":"Lose Max HP","damage_taken":0,"relics_obtained":["Golden Idol"],"max_hp_gain":0,"max_hp_loss":7,"event_name":"Golden Idol","floor":8,"gold_loss":0},{"damage_healed":0,"gold_gain":0,"player_choice":"Obtained Book","damage_taken":21,"max_hp_gain":0,"max_hp_loss":0,"event_name":"Cursed Tome","floor":19,"gold_loss":0},{"damage_healed":0,"gold_gain":0,"player_choice":"Became a Ghost","damage_taken":0,"max_hp_gain":0,"max_hp_loss":34,"event_name":"Ghosts","floor":20,"gold_loss":0,"cards_obtained":["Ghostly","Ghostly","Ghostly"]},{"damage_healed":0,"gold_gain":0,"cards_transformed":["Strike_R","Strike_R"],"player_choice":"Became Test Subject","damage_taken":0,"max_hp_gain":0,"max_hp_loss":0,"event_name":"Drug Dealer","floor":27,"gold_loss":0,"cards_obtained":["Flex","Combust"]},{"damage_healed":0,"gold_gain":0,"player_choice":"Fight","damage_taken":0,"max_hp_gain":0,"max_hp_loss":0,"event_name":"Colosseum","floor":30,"gold_loss":0},{"damage_healed":0,"gold_gain":0,"player_choice":"Fought Nobs","damage_taken":0,"max_hp_gain":0,"max_hp_loss":0,"event_name":"Colosseum","floor":30,"gold_loss":0},{"damage_healed":0,"gold_gain":0,"player_choice":"Embrace Madness","damage_taken":6,"max_hp_gain":0,"max_hp_loss":0,"event_name":"Winding Halls","floor":37,"gold_loss":0,"cards_obtained":["Madness","Madness"]},{"cards_removed":["True Grit"],"damage_healed":0,"gold_gain":0,"player_choice":"Gave Card","damage_taken":0,"relics_obtained":["Blue Candle"],"max_hp_gain":0,"max_hp_loss":0,"event_name":"WeMeetAgain","floor":42,"gold_loss":0}],"is_beta":false,"boss_relics":[{"not_picked":["Tiny House","Coffee Dripper"],"picked":"Sozu"},{"not_picked":["Runic Pyramid","Snecko Eye"],"picked":"Cursed Key"}],"items_purged_floors":[11,21,36,48],"is_endless":false,"potions_floor_spawned":[1,3,12,18,25,30,33,38,39,45,46],"ascension_level":20}}