{"host":"adt9pv9dmmkchns7","time":1613130169,"event":{"mods":["AchievementEnabler","Aspiration","BaseMod","Beaked The Cultist","Better Third Choice","Curses Come First","Energized Spire","Minty Spire (QoL Compilation)","Permanent Neow","Potionbrewer","Quick Restart","Reliquary","Replay The Spire","Robot Space Explorer","Shade Mod","Spicy Shops","StSLib","The Blackbeard","The Cursed","The Forsaken","The Gatherer","The Necromancer","Wandering Minibosses"],"gold_per_floor":[365,375,393,393,173,199,199,230,230,250,267,299,299,314,314,411,411,425,442,458,9,19,39,39,39],"floor_reached":23,"language":"ENG","playtime":2121,"items_purged":["ReplayTheSpireMod:Compounding Headache"],"score":318,"play_id":"44712303-595e-41af-a3cb-e485a1cbba81","local_time":"20210212124249","is_ascension_mode":true,"campfire_choices":[{"floor":7,"key":"RECALL"},{"data":"blackbeard:CaptainsHat","floor":13,"key":"SMITH"},{"data":"blackbeard:IntimidatingStrike","floor":15,"key":"SMITH"}],"circlet_count":0,"master_deck":["blackbeard:BlackbeardStrike","blackbeard:BlackbeardStrike","blackbeard:BlackbeardStrike","blackbeard:BlackbeardStrike","blackbeard:IntimidatingStrike+1","blackbeard:BlackbeardDefend","blackbeard:BlackbeardDefend","blackbeard:BlackbeardDefend","blackbeard:BlackbeardDefend","blackbeard:Cutlass+1","blackbeard:CloakAndCannonball","blackbeard:RearmingStrike","blackbeard:CloakAndCannonball","blackbeard:CaptainsHat+1","blackbeard:PowerHungry","blackbeard:CatONineTails","blackbeard:DeadlyArsenal","blackbeard:CloakAndCannonball","blackbeard:WoodenLeg","blackbeard:WiseDefense","blackbeard:CaptainsHat","blackbeard:Sword+1","blackbeard:SmithingHammer+1","blackbeard:GoldenStrike","HandOfGreed","Swift Strike","Finesse","blackbeard:Anchor+1"],"relics":["blackbeard:LoadTheCannons","Pen Nib","blackbeard:MagicalCauldron","Replay:Bottled Steam","energizedSpire:MagnifyingGlass","theForsaken:Lifeblossom","Strange Spoon","ReplayTheSpireMod:ShopPack"],"acts_visited":["Exordium","TheCity"],"potions_floor_usage":[8,12,14,16,16,16,18,19,20,22,22,22,23,23],"damage_taken":[{"damage":1,"enemies":"Jaw Worm","floor":1,"turns":4},{"damage":6,"enemies":"Cultist","floor":2,"turns":3},{"damage":0,"enemies":"2 Louse","floor":3,"turns":2},{"damage":13,"enemies":"3 Sentries","floor":6,"turns":7},{"damage":8,"enemies":"Gremlin Nob","floor":8,"turns":4},{"damage":3,"enemies":"Gremlin Gang","floor":10,"turns":4},{"damage":0,"enemies":"Exordium Wildlife","floor":11,"turns":2},{"damage":8,"enemies":"Lagavulin","floor":12,"turns":5},{"damage":0,"enemies":"2 Fungi Beasts","floor":14,"turns":2},{"damage":0,"enemies":"Slime Boss","floor":16,"turns":7},{"damage":0,"enemies":"Spheric Guardian","floor":18,"turns":3},{"damage":1,"enemies":"Shell Parasite","floor":19,"turns":5},{"damage":0,"enemies":"Shelled Parasite and Fungi","floor":20,"turns":6},{"damage":71,"enemies":"Snecko","floor":22,"turns":7},{"damage":10,"enemies":"Slavers","floor":23,"turns":3}],"seed_played":"-2970423245882701862","potions_obtained":[{"floor":1,"key":"SpeedPotion"},{"floor":10,"key":"Energy Potion"},{"floor":12,"key":"potionbrewer:SplittingPotion"},{"floor":22,"key":"Adrenaline Potion"}],"is_trial":false,"path_per_floor":["M","M","M","?","$","E","R","E","T","M","M","E","R","M","R","B",null,"M","M","M","$","M","E"],"character_chosen":"BLACKBEARD_CLASS","items_purchased":["blackbeard:CaptainsHat","theForsaken:Lifeblossom","Strange Spoon","ReplayTheSpireMod:ShopPack","blackbeard:GoldenStrike"],"campfire_rested":0,"item_purchase_floors":[5,21,21,21,21],"current_hp_per_floor":[74,68,68,68,68,55,55,47,47,44,44,36,36,36,36,36,75,75,74,74,74,4,0,0,0],"gold":39,"neow_bonus":"TWO_FIFTY_GOLD","is_daily":false,"chose_seed":false,"campfire_upgraded":2,"win_rate":0.0,"timestamp":1613130169,"path_taken":["M","M","M","?","$","E","R","E","T","M","M","E","R","M","R","BOSS","M","M","M","?","M","E"],"items_purchased_type":["Card","Relic","Relic","Relic","Card"],"build_version":"2020-12-22","purchased_purges":1,"victory":false,"max_hp_per_floor":[75,75,75,75,75,75,75,75,75,75,75,75,75,75,75,75,75,75,75,75,75,75,75,75,75],"card_choices":[{"not_picked":["blackbeard:SwordDance","blackbeard:Fencing"],"picked":"blackbeard:CloakAndCannonball","floor":1},{"not_picked":["blackbeard:Dagger","blackbeard:DeadlyArsenal"],"picked":"blackbeard:RearmingStrike","floor":2},{"not_picked":["blackbeard:Sharpening","blackbeard:SwordDance"],"picked":"blackbeard:CloakAndCannonball","floor":3},{"not_picked":["blackbeard:PowderKeg","blackbeard:Dagger"],"picked":"blackbeard:PowerHungry","floor":6},{"not_picked":["blackbeard:AgileStrike","blackbeard:Eyepatch"],"picked":"blackbeard:CatONineTails","floor":8},{"not_picked":["blackbeard:VengefulSpirit","blackbeard:ArmorUp"],"picked":"blackbeard:DeadlyArsenal","floor":10},{"not_picked":["blackbeard:JollyRoger","blackbeard:Shrapnel"],"picked":"blackbeard:CloakAndCannonball","floor":11},{"not_picked":["blackbeard:Spear","blackbeard:Fencing"],"picked":"blackbeard:WoodenLeg","floor":12},{"not_picked":["blackbeard:Spear","blackbeard:Shrapnel"],"picked":"blackbeard:WiseDefense","floor":14},{"not_picked":["blackbeard:PowerHungry","blackbeard:ReapersScythe"],"picked":"blackbeard:CaptainsHat","floor":16},{"not_picked":["blackbeard:BlindAttacks","blackbeard:CaptainsCabin"],"picked":"blackbeard:Sword+1","floor":18},{"not_picked":["blackbeard:DeadlyArsenal","blackbeard:ArmorUp","blackbeard:WiseDefense"],"picked":"SKIP","floor":19},{"not_picked":["blackbeard:Anchor+1","blackbeard:WoodenLeg"],"picked":"blackbeard:SmithingHammer+1","floor":20},{"not_picked":["ReplayTheSpireMod:Necrogeddon","Metamorphosis"],"picked":"HandOfGreed","floor":21},{"not_picked":["Mind Blast","Good Instincts"],"picked":"Swift Strike","floor":21},{"not_picked":["Impatience","Jack Of All Trades"],"picked":"Finesse","floor":21},{"not_picked":["blackbeard:Sharpening+1","blackbeard:Spear"],"picked":"blackbeard:Anchor+1","floor":22}],"player_experience":913783,"relics_obtained":[{"floor":6,"key":"Pen Nib"},{"floor":8,"key":"blackbeard:MagicalCauldron"},{"floor":12,"key":"Replay:Bottled Steam"}],"event_choices":[{"damage_healed":0,"gold_gain":0,"player_choice":"Upgraded","damage_taken":0,"max_hp_gain":0,"max_hp_loss":0,"event_name":"Upgrade Shrine","floor":4,"gold_loss":0,"cards_upgraded":["blackbeard:Cutlass"]}],"is_beta":false,"boss_relics":[{"not_picked":["blackbeard:LoadTheGoldenCannons","Sozu"],"picked":"energizedSpire:MagnifyingGlass"}],"items_purged_floors":[5],"is_endless":false,"potions_floor_spawned":[1,10,11,12,18,22],"killed_by":"Slavers","ascension_level":4}}