{"host":"gtkw0hh8g0porc44","time":1613157599,"event":{"mods":["AchievementEnabler","BaseMod","Better Altar","Better Match","Better Note","Better Sensory Stone","Better Skull","Better Synergies","Better Vampires","BetterRewards","Colored Map","Colored Powertips","Custom Start","DeckTracker","Highlight Path","Infinite Spire","Minty Spire (QoL Compilation)","Relic Stats","Remove Card Discount Mod","Replay The Spire","StSLib","Synergy Search"],"gold_per_floor":[118,68,68,68,83,83,101,117,117,150,170,170,182,215,215,310,310,328,338,352,277,295,295,295,325,352,369,394,394,409,409,409,511,511,529,529,529],"floor_reached":38,"language":"ENG","playtime":2485,"items_purged":[],"score":751,"play_id":"8b06f7fb-0e31-4077-bdc4-008ea52540dd","local_time":"20210212141959","is_ascension_mode":false,"campfire_choices":[{"floor":6,"key":"REST"},{"floor":12,"key":"REST"},{"data":"Berserk","floor":15,"key":"PURGE"},{"floor":23,"key":"REST"}],"circlet_count":0,"master_deck":["Massacre+1","Limit Break+1","Demon Form+1","Flex+1","Limit Break"],"relics":["Burning Blood","infinitespire:EmpoweringShard","Black Blood","Blood Vial","Bottled Flame","Bottled Lightning","Bottled Tornado","ReplayFunnel","Replay:Rubber Ducky","Black Star","War Paint","Divine Protection","Replay:Multitool","Shuriken","Runic Cube"],"acts_visited":["Exordium","TheCity","TheBeyond"],"potions_floor_usage":[16,16,25,27,33,33,37,37],"damage_taken":[{"damage":5,"enemies":"2 Louse","floor":1,"turns":2},{"damage":0,"enemies":"Cultist","floor":5,"turns":2},{"damage":15,"enemies":"Small Slimes","floor":7,"turns":2},{"damage":10,"enemies":"Looter","floor":8,"turns":2},{"damage":9,"enemies":"Replay:BlueRogue","floor":10,"turns":3},{"damage":0,"enemies":"3 Louse","floor":11,"turns":1},{"damage":7,"enemies":"Blue Slaver","floor":13,"turns":2},{"damage":0,"enemies":"Lagavulin","floor":14,"turns":3},{"damage":2,"enemies":"Fading Forest","floor":16,"turns":9},{"damage":1,"enemies":"Chosen","floor":18,"turns":3},{"damage":0,"enemies":"2 Thieves","floor":19,"turns":1},{"damage":0,"enemies":"Shelled Parasite and Fungi","floor":20,"turns":1},{"damage":0,"enemies":"Snake Plant","floor":22,"turns":1},{"damage":15,"enemies":"Replay:Snechameleon","floor":25,"turns":2},{"damage":0,"enemies":"3 Cultists","floor":27,"turns":1},{"damage":0,"enemies":"Book of Stabbing","floor":28,"turns":2},{"damage":0,"enemies":"Snecko","floor":30,"turns":2},{"damage":0,"enemies":"Champ","floor":33,"turns":3},{"damage":0,"enemies":"3 Darklings","floor":35,"turns":1},{"damage":29,"enemies":"Donu and Deca","floor":37,"turns":3}],"seed_played":"338889980838340478","potions_obtained":[{"floor":5,"key":"Adrenaline Potion"},{"floor":7,"key":"BlessingOfTheForge"},{"floor":8,"key":"LifebloodPotion"},{"floor":10,"key":"ElixirPotion"},{"floor":20,"key":"Fire Potion"},{"floor":22,"key":"Dexterity Potion"},{"floor":25,"key":"SkillPotion"},{"floor":31,"key":"infinitespire:BlackPotion"},{"floor":31,"key":"LifebloodPotion"},{"floor":32,"key":"BloodPotion"},{"floor":35,"key":"Weak Potion"}],"is_trial":true,"path_per_floor":["M","?","?","$","M","R","M","M","T","E","M","R","M","E","R_BF","B",null,"M","M","M","?","M","R","?","E","T","M","E","?","M","?","R","B",null,"M","?","B",null],"character_chosen":"IRONCLAD","items_purchased":[],"campfire_rested":3,"item_purchase_floors":[],"current_hp_per_floor":[80,80,80,80,80,80,80,80,80,80,80,80,80,80,80,80,80,80,80,80,80,80,80,72,77,77,80,80,80,80,80,80,80,80,80,80,80],"gold":529,"neow_bonus":"","is_daily":false,"chose_seed":false,"campfire_upgraded":0,"win_rate":0.0,"timestamp":1613157599,"path_taken":["M","?","?","$","M","R","M","M","T","E","M","R","M","E","R_BF","BOSS","M","M","?","?","M","R","?","E","T","M","E","?","?","?","R","BOSS","M","?","BOSS"],"items_purchased_type":[],"build_version":"2020-12-22","purchased_purges":0,"victory":true,"max_hp_per_floor":[80,80,80,80,80,80,80,80,80,80,80,80,80,80,80,80,80,80,80,80,80,80,80,80,80,80,80,80,80,80,80,80,80,80,80,80,80],"relic_stats":{"Blood Vial":4,"counters":[20,46],"Shuriken":[0],"Black Blood":81,"Black Star":2,"War Paint":[],"obtain_stats":[{"ReplayFunnel":10,"Divine Protection":25,"Black Blood":0,"Replay:Multitool":28,"Bottled Tornado":0,"War Paint":25,"Burning Blood":0,"Replay:Rubber Ducky":14,"Blood Vial":0,"Bottled Flame":0,"Shuriken":28,"infinitespire:EmpoweringShard":0,"Black Star":17,"Bottled Lightning":0,"Runic Cube":34},{"ReplayFunnel":5,"Divine Protection":14,"Black Blood":0,"Replay:Multitool":16,"Bottled Tornado":0,"War Paint":14,"Burning Blood":0,"Replay:Rubber Ducky":8,"Blood Vial":0,"Bottled Flame":0,"Shuriken":16,"infinitespire:EmpoweringShard":0,"Black Star":9,"Bottled Lightning":0,"Runic Cube":18},{"ReplayFunnel":11,"Divine Protection":34,"Black Blood":0,"Replay:Multitool":37,"Bottled Tornado":0,"War Paint":34,"Burning Blood":0,"Replay:Rubber Ducky":17,"Blood Vial":0,"Bottled Flame":0,"Shuriken":37,"infinitespire:EmpoweringShard":0,"Black Star":26,"Bottled Lightning":0,"Runic Cube":42}],"Burning Blood":81,"Runic Cube":[4]},"card_choices":[{"not_picked":["Shockwave","Shrug It Off","Sever Soul"],"picked":"SKIP","floor":1},{"not_picked":["Thunderclap","Cleave","Headbutt"],"picked":"SKIP","floor":5},{"not_picked":["Massacre","Pommel Strike","Armaments"],"picked":"SKIP","floor":7},{"not_picked":["Sword Boomerang","Second Wind","Twin Strike"],"picked":"SKIP","floor":8},{"not_picked":["Body Slam","Limit Break","Replay:Undeath\u0027s Touch"],"picked":"SKIP","floor":10},{"not_picked":["Shrug It Off","Body Slam","Anger"],"picked":"SKIP","floor":11},{"not_picked":["Sword Boomerang","Life Link","Iron Wave"],"picked":"SKIP","floor":13},{"not_picked":["ReplayTheSpireMod:Stacked","Clothesline","Inflame"],"picked":"SKIP","floor":14},{"not_picked":["Armaments","Clothesline"],"picked":"Flex+1","floor":18},{"not_picked":["ReplayTheSpireMod:LeadingStrike","Clash+1","Sever Soul"],"picked":"SKIP","floor":19},{"not_picked":["Wild Strike+1","Clash+1","Life Link+1"],"picked":"SKIP","floor":20},{"not_picked":["Body Slam","ReplayTheSpireMod:Strike From Hell","Replay:Undeath\u0027s Touch+1"],"picked":"SKIP","floor":22},{"not_picked":["Shrug It Off","Burning Pact","Thunderclap+1"],"picked":"SKIP","floor":25},{"not_picked":["Replay:Undeath\u0027s Touch","Anger","Thunderclap"],"picked":"SKIP","floor":27},{"not_picked":["Havoc","ReplayTheSpireMod:Limb From Limb+1","Body Slam"],"picked":"SKIP","floor":28},{"not_picked":["Havoc+1","Metallicize","Armaments"],"picked":"SKIP","floor":30},{"not_picked":["Demonic Infusion","Impervious"],"picked":"Limit Break","floor":33},{"not_picked":["True Grit","Second Wind+1","Shrug It Off"],"picked":"SKIP","floor":35}],"player_experience":124618,"relics_obtained":[{"floor":10,"key":"ReplayFunnel"},{"floor":14,"key":"Replay:Rubber Ducky"},{"floor":25,"key":"War Paint"},{"floor":25,"key":"Divine Protection"},{"floor":28,"key":"Replay:Multitool"},{"floor":28,"key":"Shuriken"}],"event_choices":[{"cards_removed":["Demon Form"],"damage_healed":0,"gold_gain":0,"player_choice":"Card Removal","damage_taken":0,"max_hp_gain":0,"max_hp_loss":0,"event_name":"The Cleric","floor":2,"gold_loss":50},{"damage_healed":0,"gold_gain":0,"cards_transformed":["Inflame"],"player_choice":"Transformed","damage_taken":0,"max_hp_gain":0,"max_hp_loss":0,"event_name":"Transmorgrifier","floor":3,"gold_loss":0,"cards_obtained":["Berserk"]},{"damage_healed":0,"gold_gain":0,"player_choice":"2","damage_taken":0,"max_hp_gain":0,"max_hp_loss":0,"event_name":"betterMatch:BetterMatch","floor":21,"gold_loss":0,"cards_obtained":[]},{"damage_healed":0,"gold_gain":0,"player_choice":"Damaged","damage_taken":8,"max_hp_gain":0,"max_hp_loss":0,"event_name":"Wheel of Change","floor":24,"gold_loss":0},{"cards_removed":["Whirlwind"],"damage_healed":0,"gold_gain":0,"player_choice":"Offered Uncommon","damage_taken":0,"max_hp_gain":0,"max_hp_loss":0,"event_name":"Bonfire Elementals","floor":29,"gold_loss":0},{"damage_healed":0,"gold_gain":0,"player_choice":"Got Potions","damage_taken":0,"max_hp_gain":0,"max_hp_loss":0,"event_name":"Lab","floor":31,"gold_loss":0},{"damage_healed":0,"gold_gain":0,"player_choice":"Took Portal","damage_taken":0,"max_hp_gain":0,"max_hp_loss":0,"event_name":"SecretPortal","floor":36,"gold_loss":0}],"is_beta":false,"boss_relics":[{"not_picked":["Runic Pyramid","Replay:Wanted Poster"],"picked":"Black Star"},{"not_picked":["Replay:Drink Me","Empty Cage"],"picked":"Runic Cube"}],"items_purged_floors":[],"is_endless":false,"potions_floor_spawned":[5,7,8,10,20,22,25,35],"ascension_level":0}}