{"host":"zwezhz46a5cjkxff","time":1613108112,"event":{"mods":["AchievementEnabler","BaseMod","Colored Map","Colored Powertips","DeckTracker","Minty Spire (QoL Compilation)","Permanent Neow","Quick Restart","Rare Cards Sparkle","Relic Stats","StSLib","SuperFastMode"],"gold_per_floor":[119,138,12,27,38,67,67,67,67],"floor_reached":8,"language":"ENG","playtime":269,"items_purged":[],"score":64,"play_id":"4253e3d3-6e8a-4d57-a90c-90d0be88c50c","local_time":"20210211233512","is_ascension_mode":true,"campfire_choices":[{"floor":7,"key":"RECALL"}],"circlet_count":0,"master_deck":["Strike_G","Strike_G","Strike_G","Strike_G","Defend_G","Defend_G","Defend_G","Defend_G","Survivor","Neutralize","Envenom","A Thousand Cuts","Backstab","Cloak And Dagger","Flash of Steel","Footwork","Accuracy"],"relics":["Ring of the Snake","Toy Ornithopter"],"acts_visited":["Exordium"],"potions_floor_usage":[5],"damage_taken":[{"damage":2,"enemies":"Cultist","floor":1,"turns":5},{"damage":0,"enemies":"2 Louse","floor":2,"turns":3},{"damage":6,"enemies":"Jaw Worm","floor":4,"turns":3},{"damage":10,"enemies":"Lots of Slimes","floor":5,"turns":3},{"damage":14,"enemies":"Lagavulin","floor":6,"turns":7},{"damage":38,"enemies":"3 Sentries","floor":8,"turns":6}],"seed_played":"5309747687622693680","potions_obtained":[{"floor":1,"key":"SteroidPotion"},{"floor":2,"key":"LiquidBronze"}],"is_trial":false,"path_per_floor":["M","M","$","M","M","E","R","E"],"character_chosen":"THE_SILENT","items_purchased":["Cloak And Dagger","Flash of Steel"],"campfire_rested":0,"item_purchase_floors":[3,3],"current_hp_per_floor":[61,61,61,55,45,31,31,0,0],"gold":67,"neow_bonus":"TRANSFORM_TWO_CARDS","is_daily":false,"chose_seed":false,"campfire_upgraded":0,"win_rate":0.0,"timestamp":1613108112,"path_taken":["M","?","$","M","M","E","R","E"],"items_purchased_type":["Card","Card"],"build_version":"2020-12-22","purchased_purges":0,"victory":false,"max_hp_per_floor":[63,63,63,63,63,63,63,63,63],"relic_stats":{"counters":[6,27],"obtain_stats":[{"Toy Ornithopter":6,"Ring of the Snake":0},{"Toy Ornithopter":5,"Ring of the Snake":0},{"Toy Ornithopter":21,"Ring of the Snake":0}],"Toy Ornithopter":0,"Ring of the Snake":[12]},"card_choices":[{"not_picked":["Prepared","Flying Knee"],"picked":"Backstab","floor":1},{"not_picked":["Outmaneuver","Dagger Throw","Deadly Poison"],"picked":"SKIP","floor":2},{"not_picked":["Dodge and Roll","Leg Sweep","Acrobatics"],"picked":"SKIP","floor":4},{"not_picked":["Choke","Expertise"],"picked":"Footwork","floor":5},{"not_picked":["All Out Attack","Dagger Throw"],"picked":"Accuracy","floor":6}],"player_experience":100402,"relics_obtained":[{"floor":6,"key":"Toy Ornithopter"}],"event_choices":[],"is_beta":false,"boss_relics":[],"items_purged_floors":[],"is_endless":false,"potions_floor_spawned":[1,2],"killed_by":"3 Sentries","ascension_level":2}}