{"host":"yans4pr1zf0lm9bx","time":1613154187,"event":{"mods":["AchievementEnabler","BaseMod","Minty Spire (QoL Compilation)","StSLib","SuperFastMode","slay the spire mod where everything is the same but ironclad has a cowboy hat"],"gold_per_floor":[116,41,41,61,61,61,92,4,4,4,4,34,34,109,109,209,209,227,227,237,237,237],"floor_reached":21,"language":"ENG","playtime":1219,"items_purged":["Strike_G"],"score":216,"play_id":"30ff87c6-6c81-432f-94dc-4a8e144dcaa9","local_time":"20210212132307","is_ascension_mode":true,"campfire_choices":[{"data":"Backflip","floor":6,"key":"SMITH"},{"data":"Discovery","floor":10,"key":"SMITH"},{"data":"Survivor","floor":13,"key":"SMITH"},{"floor":15,"key":"REST"}],"circlet_count":0,"master_deck":["Strike_G","Strike_G","Strike_G","Strike_G","Defend_G","Defend_G","Defend_G","Defend_G","Defend_G","Survivor+1","Neutralize","Acrobatics","Backflip+1","Well Laid Plans","Discovery+1","Adrenaline","Deflect","Bandage Up","Quick Slash","Slice"],"relics":["Ring of the Snake","The Specimen","StrikeDummy","Orichalcum","SlaversCollar"],"acts_visited":["Exordium","TheCity"],"potions_floor_usage":[7,16],"damage_taken":[{"damage":1,"enemies":"Cultist","floor":1,"turns":6},{"damage":0,"enemies":"2 Louse","floor":4,"turns":2},{"damage":30,"enemies":"3 Sentries","floor":7,"turns":13},{"damage":12,"enemies":"Hexaghost","floor":16,"turns":11},{"damage":17,"enemies":"Spheric Guardian","floor":18,"turns":9},{"damage":4,"enemies":"Shell Parasite","floor":20,"turns":10},{"damage":0,"enemies":"Shelled Parasite and Fungi","floor":21,"turns":1}],"seed_played":"8058423365441183953","potions_obtained":[{"floor":4,"key":"Block Potion"},{"floor":7,"key":"Weak Potion"}],"is_trial":false,"path_per_floor":["M","$","?","M","?","R","E","$","T","R","$","?","R","?","R","B",null,"M","?","M","M"],"character_chosen":"THE_SILENT","items_purchased":["Discovery"],"campfire_rested":1,"item_purchase_floors":[8],"current_hp_per_floor":[62,62,44,44,63,63,33,33,33,33,33,33,33,22,40,28,54,37,37,37,37,37],"gold":237,"neow_bonus":"ONE_RARE_RELIC","is_daily":false,"chose_seed":false,"campfire_upgraded":3,"win_rate":0.0,"timestamp":1613154187,"path_taken":["M","$","?","M","?","R","E","$","T","R","?","?","R","?","R","BOSS","M","?","?","M"],"items_purchased_type":["Card"],"build_version":"2020-12-22","purchased_purges":1,"victory":false,"max_hp_per_floor":[63,63,63,63,63,63,63,63,63,63,63,63,63,63,63,63,63,63,63,63,63,63],"card_choices":[{"not_picked":["Heel Hook","Dodge and Roll"],"picked":"Acrobatics","floor":1},{"not_picked":["All Out Attack","Sucker Punch"],"picked":"Backflip","floor":4},{"not_picked":["Predator","Dodge and Roll"],"picked":"Well Laid Plans","floor":7},{"not_picked":["Die Die Die","Tools of the Trade"],"picked":"Adrenaline","floor":16},{"not_picked":["Flying Knee+1","Backflip"],"picked":"Deflect","floor":18},{"not_picked":["Flying Knee","Terror+1"],"picked":"Slice","floor":20}],"player_experience":294940,"relics_obtained":[{"floor":7,"key":"Orichalcum"}],"event_choices":[{"damage_healed":0,"gold_gain":0,"player_choice":"Success","damage_taken":18,"relics_obtained":["StrikeDummy"],"max_hp_gain":0,"max_hp_loss":0,"event_name":"Scrap Ooze","floor":3,"gold_loss":0},{"damage_healed":21,"gold_gain":0,"player_choice":"Banana","damage_taken":0,"max_hp_gain":0,"max_hp_loss":0,"event_name":"Big Fish","floor":5,"gold_loss":0},{"damage_healed":0,"gold_gain":30,"player_choice":"Searched \u00271\u0027 times","damage_taken":0,"max_hp_gain":0,"max_hp_loss":0,"event_name":"Dead Adventurer","floor":12,"gold_loss":0},{"damage_healed":0,"gold_gain":75,"player_choice":"Gather Gold","damage_taken":11,"max_hp_gain":0,"max_hp_loss":0,"event_name":"World of Goop","floor":14,"gold_loss":0},{"damage_healed":0,"gold_gain":0,"player_choice":"2 cards matched","damage_taken":0,"max_hp_gain":0,"max_hp_loss":0,"event_name":"Match and Keep!","floor":19,"gold_loss":0,"cards_obtained":["Bandage Up","Quick Slash"]}],"is_beta":false,"boss_relics":[{"not_picked":["Astrolabe","Cursed Key"],"picked":"SlaversCollar"}],"items_purged_floors":[2],"is_endless":false,"potions_floor_spawned":[4,7],"killed_by":"Shelled Parasite and Fungi","ascension_level":5}}