{"host":"4ge9z8h6k0ioij78","time":1613152124,"event":{"mods":["AchievementEnabler","BaseMod","Colored Map","Colored Powertips","Custom Start","DeckTracker","Faster Ascension Climbing","Filter the Spire","Minty Spire (QoL Compilation)","SuperFastMode"],"gold_per_floor":[111,111,61,61,136,170,95,110,134,167,179,179,194,194,194,194,194],"floor_reached":16,"language":"KOR","playtime":440,"items_purged":["Rupture"],"score":191,"play_id":"7dc5ef9d-9313-488e-9595-d2a4c7ebc393","local_time":"20210213024844","is_ascension_mode":true,"campfire_choices":[{"data":"Offering","floor":15,"key":"SMITH"}],"circlet_count":0,"master_deck":["Bash","Offering+1","Immolate","Reaper+1","Fiend Fire","Hemokinesis","Clothesline+1","Feed"],"relics":["Pandora\u0027s Box","Boot","Thread and Needle","Blood Vial","Ginger","Meat on the Bone"],"acts_visited":["Exordium"],"potions_floor_usage":[16],"damage_taken":[{"damage":11,"enemies":"2 Louse","floor":1,"turns":2},{"damage":10,"enemies":"Lagavulin","floor":6,"turns":3},{"damage":6,"enemies":"Jaw Worm","floor":8,"turns":2},{"damage":10,"enemies":"Gremlin Nob","floor":10,"turns":2},{"damage":6,"enemies":"Small Slimes","floor":11,"turns":1},{"damage":6,"enemies":"Exordium Wildlife","floor":13,"turns":1},{"damage":44,"enemies":"Hexaghost","floor":16,"turns":5}],"seed_played":"1924760863347222480","potions_obtained":[{"floor":11,"key":"ColorlessPotion"}],"is_trial":false,"path_per_floor":["M","?","?","?","?","E","$","M","T","E","M","T","M","?","R","B"],"character_chosen":"IRONCLAD","items_purchased":[],"campfire_rested":0,"item_purchase_floors":[],"current_hp_per_floor":[76,64,64,69,58,48,48,50,50,42,51,51,55,36,36,1,1],"gold":194,"neow_bonus":"BOSS_RELIC","is_daily":false,"chose_seed":false,"campfire_upgraded":1,"win_rate":0.0,"timestamp":1613152124,"path_taken":["M","?","?","?","?","E","$","?","T","E","M","?","M","?","R","BOSS"],"items_purchased_type":[],"build_version":"2020-12-22","purchased_purges":1,"victory":false,"max_hp_per_floor":[83,83,83,88,88,88,88,91,91,91,94,94,97,97,97,97,97],"card_choices":[{"not_picked":["Twin Strike","Shockwave","Fire Breathing"],"picked":"SKIP","floor":1},{"not_picked":["Wild Strike","Feed","Armaments"],"picked":"SKIP","floor":6},{"not_picked":["Rampage","Combust","Twin Strike"],"picked":"SKIP","floor":8},{"not_picked":["Thunderclap","Clash","Flex"],"picked":"SKIP","floor":10},{"not_picked":["Thunderclap","Clash","Flex"],"picked":"SKIP","floor":10},{"not_picked":["Fiend Fire","Battle Trance","Hemokinesis"],"picked":"SKIP","floor":11},{"not_picked":["Havoc","Hemokinesis","Wild Strike"],"picked":"SKIP","floor":13}],"player_experience":1339183,"relics_obtained":[{"floor":6,"key":"Thread and Needle"},{"floor":9,"key":"Blood Vial"},{"floor":10,"key":"Ginger"},{"floor":12,"key":"Meat on the Bone"}],"event_choices":[{"damage_healed":0,"gold_gain":0,"player_choice":"Success","damage_taken":12,"relics_obtained":["Boot"],"max_hp_gain":0,"max_hp_loss":0,"event_name":"Scrap Ooze","floor":2,"gold_loss":0},{"cards_removed":["Fire Breathing"],"damage_healed":0,"gold_gain":0,"player_choice":"Card Removal","damage_taken":0,"max_hp_gain":0,"max_hp_loss":0,"event_name":"The Cleric","floor":3,"gold_loss":50},{"damage_healed":0,"gold_gain":0,"player_choice":"Donut","damage_taken":0,"max_hp_gain":5,"max_hp_loss":0,"event_name":"Big Fish","floor":4,"gold_loss":0},{"damage_healed":0,"gold_gain":75,"player_choice":"Gather Gold","damage_taken":11,"max_hp_gain":0,"max_hp_loss":0,"event_name":"World of Goop","floor":5,"gold_loss":0},{"damage_healed":0,"gold_gain":0,"player_choice":"Entered Light","damage_taken":19,"max_hp_gain":0,"max_hp_loss":0,"event_name":"Shining Light","floor":14,"gold_loss":0,"cards_upgraded":["Reaper","Clothesline"]}],"is_beta":false,"boss_relics":[],"items_purged_floors":[7],"is_endless":false,"potions_floor_spawned":[11],"killed_by":"Hexaghost","ascension_level":1}}