{"host":"rykcscnxwcosqdkz","time":1613143307,"event":{"mods":["BaseMod","Conspire","DeckTracker","Ekko","GifTheSpireLib","Hubris","Infinite Spire","Minty Spire (QoL Compilation)","Reliquary","Replay The Spire","StSLib","Stuff the Spire"],"gold_per_floor":[116,126,145,145,159,159,173,173,173,236,30,45,57,107,107,204,204,224,274,324,338,353,386,402,402,402,466,354,404,59,109,109,109,109],"floor_reached":33,"language":"ENG","playtime":1576,"items_purged":["Strike_B"],"score":261,"play_id":"018a9592-a489-48bc-a0c6-ab3f2de61a01","local_time":"20210212162147","is_ascension_mode":false,"campfire_choices":[{"data":"Zap","floor":6,"key":"SMITH"},{"data":"Dualcast","floor":8,"key":"SMITH"},{"data":"Scrape","floor":15,"key":"SMITH"},{"floor":25,"key":"REST"},{"floor":32,"key":"REST"}],"circlet_count":0,"master_deck":["Strike_B","Strike_B","Strike_B","Defend_B","Defend_B","Defend_B","Defend_B","Zap+1","Dualcast+1","Leap","Gash","Scrape+1","Turbo","Panic Button","Gash","Panic Button+1","Beam Cell","Gash","All For One","StuffTheSpire:Innocence","ReplayGash","StuffTheSpire:Rend","infinitespire:Fortify"],"relics":["Cracked Core","reliquary:RoseTintedGlasses","SsserpentHead","Replay:Mystery Machine","ReplayTheSpireMod:TigerMarble","hubris:ScarierMask","hubris:DeckOfHolding","StuffTheSpire:HeavyRock","Membership Card","infinitespire:Freezer"],"acts_visited":["Exordium","TheCity"],"potions_floor_usage":[27,27,27,27,27],"damage_taken":[{"damage":12,"enemies":"infinitespire:Voidling","floor":1,"turns":3},{"damage":0,"enemies":"2 Louse","floor":2,"turns":2},{"damage":0,"enemies":"Cultist","floor":3,"turns":4},{"damage":8,"enemies":"2 Fungi Beasts","floor":5,"turns":3},{"damage":0,"enemies":"Looter","floor":7,"turns":3},{"damage":0,"enemies":"Exordium Wildlife","floor":10,"turns":2},{"damage":3,"enemies":"Red Slaver","floor":12,"turns":2},{"damage":7,"enemies":"Exordium Thugs","floor":13,"turns":3},{"damage":21,"enemies":"Slime Boss","floor":16,"turns":7},{"damage":18,"enemies":"Spheric Guardian","floor":18,"turns":4},{"damage":0,"enemies":"3 Byrds","floor":21,"turns":2},{"damage":11,"enemies":"Snake Plant","floor":22,"turns":3},{"damage":11,"enemies":"Slavers","floor":23,"turns":4},{"damage":2,"enemies":"Centurion and Healer","floor":24,"turns":3},{"damage":9,"enemies":"Snecko","floor":27,"turns":4},{"damage":40,"enemies":"Pondfish","floor":33,"turns":11}],"seed_played":"-6227174077026238803","potions_obtained":[{"floor":7,"key":"Block Potion"},{"floor":10,"key":"EntropicBrew"},{"floor":13,"key":"Swift Potion"},{"floor":27,"key":"Regen Potion"}],"is_trial":false,"path_per_floor":["M","M","M","?","M","R","M","R","T","M","$","M","M","?","R","B",null,"M","?","?","M","M","E","M","R","T","M","$","?","$","?","R","B"],"character_chosen":"DEFECT","items_purchased":["ReplayTheSpireMod:TigerMarble","Turbo","All For One","Membership Card","infinitespire:Freezer","ReplayGash","StuffTheSpire:Rend"],"campfire_rested":2,"item_purchase_floors":[11,11,28,30,30,30,30],"current_hp_per_floor":[67,67,67,67,59,59,59,59,59,59,59,56,49,49,49,28,75,57,57,57,57,46,35,33,55,55,50,50,35,35,17,39,0,0],"gold":109,"neow_bonus":"RANDOM_COMMON_RELIC","is_daily":false,"chose_seed":false,"campfire_upgraded":3,"win_rate":0.0,"timestamp":1613143307,"path_taken":["M","M","?","?","M","R","M","R","T","?","$","M","M","?","R","BOSS","M","?","?","M","M","E","M","R","T","?","?","?","$","?","R","BOSS"],"items_purchased_type":["Relic","Card","Card","Relic","Relic","Card","Card"],"build_version":"2020-12-22","purchased_purges":1,"victory":false,"max_hp_per_floor":[75,75,75,75,75,75,75,75,75,75,75,75,75,75,75,75,75,75,75,75,75,75,75,75,75,75,75,75,75,75,75,75,75,75],"card_choices":[{"not_picked":["Redo","StuffTheSpire:Rend"],"picked":"Leap","floor":1},{"not_picked":["Fusion","Undo","Hologram"],"picked":"SKIP","floor":2},{"not_picked":["Aggregate","Panic Button"],"picked":"Gash","floor":3},{"not_picked":["Conserve Battery","Redo","Fusion"],"picked":"SKIP","floor":5},{"not_picked":["hubris:Prefetch","StuffTheSpire:LoadUp"],"picked":"Scrape","floor":7},{"not_picked":["Conserve Battery","Lockon","Ball Lightning"],"picked":"SKIP","floor":10},{"not_picked":["Heatsinks","StuffTheSpire:LoadUp","Coolheaded"],"picked":"SKIP","floor":12},{"not_picked":["Tempest","BasicCrystalCard","StuffTheSpire:LoadUp"],"picked":"SKIP","floor":13},{"not_picked":["Barrage+1","Steam"],"picked":"Panic Button","floor":18},{"not_picked":["ReplayTheSpireMod:System Scan","Aggregate+1","Heatsinks"],"picked":"SKIP","floor":21},{"not_picked":["Stack","Redo"],"picked":"Panic Button+1","floor":22},{"not_picked":["Rip and Tear","BasicCrystalCard","Turbo"],"picked":"SKIP","floor":23},{"not_picked":["Leap+1","Steam"],"picked":"Beam Cell","floor":24},{"not_picked":["Barrage","StuffTheSpire:LoadUp"],"picked":"Gash","floor":27},{"not_picked":["infinitespire:Execution","infinitespire:FinalStrike"],"picked":"infinitespire:Fortify","floor":31}],"player_experience":38126,"relics_obtained":[{"floor":9,"key":"Replay:Mystery Machine"},{"floor":23,"key":"hubris:DeckOfHolding"},{"floor":26,"key":"StuffTheSpire:HeavyRock"}],"event_choices":[{"damage_healed":0,"gold_gain":0,"player_choice":"Trade","damage_taken":0,"relics_obtained":["SsserpentHead"],"max_hp_gain":0,"max_hp_loss":0,"event_name":"FaceTrader","floor":4,"gold_loss":0},{"damage_healed":0,"gold_gain":0,"player_choice":"Leave","damage_taken":0,"max_hp_gain":0,"max_hp_loss":0,"event_name":"conspire:Investor","floor":19,"gold_loss":0}],"is_beta":false,"boss_relics":[{"not_picked":["conspire:RoyalGoblet","Coffee Dripper"],"picked":"hubris:ScarierMask"}],"items_purged_floors":[30],"is_endless":false,"potions_floor_spawned":[7,10,13,18,21,27],"killed_by":"Pondfish","ascension_level":0}}