{"host":"52lujqhsyicpcskq","time":1613115279,"event":{"mods":["BaseMod","Colored Map","DeckTracker","Minty Spire (QoL Compilation)","Permanent Neow","StSLib","SuperFastMode","everything is the same but u backflip on backflip"],"gold_per_floor":[219,231,242,258,5,5,35,35,107,126,156,156,173,206,206,285,285,302,227,227,240,16,16,42,42,42,42,60,70,70,83,83,155,155,173,173,192,203,23,23,48,48,71,84,46,46,60,72,72,72],"floor_reached":51,"language":"KOR","playtime":2555,"items_purged":[],"score":1344,"play_id":"1b435c4b-c028-408b-bfc5-af0607b88686","local_time":"20210212163439","is_ascension_mode":true,"campfire_choices":[{"data":"Streamline","floor":6,"key":"SMITH"},{"data":"Zap","floor":8,"key":"SMITH"},{"data":"Echo Form","floor":12,"key":"SMITH"},{"data":"Conserve Battery","floor":15,"key":"SMITH"},{"data":"Cold Snap","floor":23,"key":"SMITH"},{"data":"Defragment","floor":25,"key":"SMITH"},{"data":"Leap","floor":27,"key":"SMITH"},{"data":"Buffer","floor":32,"key":"SMITH"},{"data":"Ball Lightning","floor":40,"key":"SMITH"},{"data":"Force Field","floor":46,"key":"SMITH"},{"data":"Madness","floor":49,"key":"SMITH"}],"circlet_count":0,"master_deck":["AscendersBane","Strike_B","Strike_B","Defend_B","Defend_B","Zap+1","Dualcast","Cold Snap+1","Streamline+1","Leap+1","Defragment+1","Seek","Conserve Battery+1","Echo Form+1","Sunder","Buffer+1","Chill+1","FTL+1","Buffer+1","Coolheaded+1","Leap","Meteor Strike","Force Field+1","Cold Snap+1","Force Field+1","Genetic Algorithm","Ball Lightning+1","Seek","Streamline+1","Parasite","Skim","Defragment+1","Leap+1","Madness+1","Madness","Capacitor"],"relics":["Cracked Core","Eternal Feather","Emotion Chip","Ornamental Fan","DataDisk","Bottled Lightning","Astrolabe","Membership Card","MealTicket","Matryoshka","HornCleat","PreservedInsect","Boot","Coffee Dripper","DollysMirror","Lantern","Thread and Needle","Pen Nib","Blood Vial"],"acts_visited":["Exordium","TheCity","TheBeyond"],"potions_floor_usage":[7,11,16,29,31,33,33,38,41,50],"damage_taken":[{"damage":2,"enemies":"Jaw Worm","floor":1,"turns":3},{"damage":7,"enemies":"2 Louse","floor":2,"turns":2},{"damage":0,"enemies":"Cultist","floor":3,"turns":2},{"damage":1,"enemies":"2 Fungi Beasts","floor":4,"turns":3},{"damage":8,"enemies":"3 Sentries","floor":7,"turns":7},{"damage":4,"enemies":"Large Slime","floor":10,"turns":4},{"damage":25,"enemies":"Gremlin Nob","floor":11,"turns":4},{"damage":16,"enemies":"Gremlin Gang","floor":13,"turns":4},{"damage":4,"enemies":"Lagavulin","floor":14,"turns":5},{"damage":9,"enemies":"Hexaghost","floor":16,"turns":8},{"damage":4,"enemies":"3 Byrds","floor":18,"turns":6},{"damage":0,"enemies":"Spheric Guardian","floor":21,"turns":5},{"damage":35,"enemies":"Slavers","floor":24,"turns":6},{"damage":6,"enemies":"Cultist and Chosen","floor":28,"turns":5},{"damage":5,"enemies":"Sentry and Sphere","floor":29,"turns":5},{"damage":5,"enemies":"Centurion and Healer","floor":31,"turns":6},{"damage":0,"enemies":"Collector","floor":33,"turns":13},{"damage":5,"enemies":"Orb Walker","floor":35,"turns":5},{"damage":1,"enemies":"3 Shapes","floor":37,"turns":6},{"damage":14,"enemies":"Writhing Mass","floor":38,"turns":6},{"damage":13,"enemies":"Reptomancer","floor":41,"turns":5},{"damage":0,"enemies":"4 Shapes","floor":44,"turns":5},{"damage":0,"enemies":"Maw","floor":47,"turns":8},{"damage":0,"enemies":"Jaw Worm Horde","floor":48,"turns":6},{"damage":0,"enemies":"Donu and Deca","floor":50,"turns":11}],"seed_played":"-38165582719101585","potions_obtained":[{"floor":1,"key":"EssenceOfSteel"},{"floor":2,"key":"DistilledChaos"},{"floor":10,"key":"PowerPotion"},{"floor":18,"key":"PowerPotion"},{"floor":21,"key":"Fire Potion"},{"floor":29,"key":"Block Potion"},{"floor":31,"key":"Block Potion"},{"floor":35,"key":"Weak Potion"},{"floor":44,"key":"SteroidPotion"},{"floor":47,"key":"DistilledChaos"}],"is_trial":false,"path_per_floor":["M","M","M","M","$","R","E","R","T","M","E","R","M","E","R","B",null,"M","?","?","M","$","R","E","R","T","R","M","M","?","M","R","B",null,"M","?","M","M","$","R","E","?","T","M","$","R","M","M","R","B",null],"character_chosen":"DEFECT","items_purchased":["Eternal Feather","Membership Card","MealTicket","PowerPotion","DollysMirror","Lantern","Capacitor"],"campfire_rested":0,"item_purchase_floors":[5,22,22,39,39,39,45],"current_hp_per_floor":[66,59,59,58,58,67,59,68,68,64,39,48,32,28,37,28,63,59,59,59,59,59,71,36,48,48,60,54,49,49,44,59,59,71,66,66,65,51,66,75,62,53,53,55,70,75,75,75,75,75],"gold":72,"neow_bonus":"HUNDRED_GOLD","is_daily":false,"chose_seed":false,"campfire_upgraded":11,"win_rate":0.0,"timestamp":1613115279,"path_taken":["M","M","M","M","$","R","E","R","T","M","E","R","M","E","R","BOSS","M","?","?","M","$","R","E","R","T","R","M","?","?","M","R","BOSS","M","?","?","M","$","R","E","?","T","M","?","R","M","M","R","BOSS"],"items_purchased_type":["Relic","Relic","Relic","Potion","Relic","Relic","Card"],"build_version":"2020-12-22","purchased_purges":0,"victory":true,"max_hp_per_floor":[75,75,75,75,75,75,75,75,75,75,75,75,75,75,75,75,75,75,75,75,75,75,75,75,75,75,75,75,75,75,75,75,75,75,75,75,75,75,75,75,75,75,75,75,75,75,75,75,75,75],"card_choices":[{"not_picked":["Aggregate","Conserve Battery"],"picked":"Cold Snap","floor":1},{"not_picked":["Go for the Eyes","Beam Cell"],"picked":"Streamline","floor":2},{"not_picked":["Auto Shields","Compile Driver"],"picked":"Leap","floor":3},{"not_picked":["Compile Driver","Leap"],"picked":"Defragment","floor":4},{"not_picked":["Hologram","Coolheaded"],"picked":"Seek","floor":7},{"not_picked":["Beam Cell","Rebound"],"picked":"Conserve Battery","floor":10},{"not_picked":["Blizzard","Heatsinks"],"picked":"Echo Form","floor":11},{"not_picked":["Steam","Steam Power","Tempest"],"picked":"SKIP","floor":13},{"not_picked":["Go for the Eyes","Hyperbeam"],"picked":"Sunder","floor":14},{"not_picked":["Meteor Strike","Rainbow"],"picked":"Buffer","floor":16},{"not_picked":["Conserve Battery","Compile Driver"],"picked":"Coolheaded+1","floor":18},{"not_picked":["Stack","Skim"],"picked":"Force Field","floor":21},{"not_picked":["Redo","Seek"],"picked":"Cold Snap+1","floor":24},{"not_picked":["Conserve Battery","Tempest"],"picked":"Force Field+1","floor":28},{"not_picked":["Rip and Tear","Consume"],"picked":"Genetic Algorithm","floor":29},{"not_picked":["Hello World","Darkness"],"picked":"Ball Lightning","floor":31},{"not_picked":["Meteor Strike","Hyperbeam"],"picked":"Seek","floor":33},{"not_picked":["Leap+1","Turbo"],"picked":"Streamline+1","floor":35},{"not_picked":["Scrape","Ball Lightning","Steam"],"picked":"SKIP","floor":37},{"not_picked":["FTL","Steam Power"],"picked":"Skim","floor":38},{"not_picked":["Steam","Coolheaded"],"picked":"Leap+1","floor":41},{"not_picked":["Doom and Gloom","Tempest","Redo"],"picked":"SKIP","floor":44},{"not_picked":["FTL","Cold Snap","Steam+1"],"picked":"SKIP","floor":47},{"not_picked":["BootSequence","Darkness","Sweeping Beam"],"picked":"SKIP","floor":48}],"player_experience":791007,"relics_obtained":[{"floor":7,"key":"Emotion Chip"},{"floor":9,"key":"Ornamental Fan"},{"floor":11,"key":"DataDisk"},{"floor":14,"key":"Bottled Lightning"},{"floor":24,"key":"Matryoshka"},{"floor":26,"key":"HornCleat"},{"floor":26,"key":"PreservedInsect"},{"floor":41,"key":"Thread and Needle"},{"floor":43,"key":"Pen Nib"},{"floor":43,"key":"Blood Vial"}],"event_choices":[{"cards_removed":["Defend_B"],"damage_healed":0,"gold_gain":0,"player_choice":"Gave Gold","damage_taken":0,"max_hp_gain":0,"max_hp_loss":0,"event_name":"Beggar","floor":19,"gold_loss":75},{"damage_healed":0,"gold_gain":0,"player_choice":"2 cards matched","damage_taken":0,"max_hp_gain":0,"max_hp_loss":0,"event_name":"Match and Keep!","floor":20,"gold_loss":0,"cards_obtained":["Leap","Meteor Strike"]},{"damage_healed":0,"gold_gain":0,"player_choice":"Opened","damage_taken":0,"relics_obtained":["Boot"],"max_hp_gain":0,"max_hp_loss":0,"event_name":"The Mausoleum","floor":30,"gold_loss":0},{"damage_healed":0,"gold_gain":0,"player_choice":"0 cards matched","damage_taken":0,"max_hp_gain":0,"max_hp_loss":0,"event_name":"Match and Keep!","floor":36,"gold_loss":0,"cards_obtained":[]},{"damage_healed":0,"gold_gain":0,"player_choice":"Embrace Madness","damage_taken":9,"max_hp_gain":0,"max_hp_loss":0,"event_name":"Winding Halls","floor":42,"gold_loss":0,"cards_obtained":["Madness","Madness"]}],"is_beta":false,"boss_relics":[{"not_picked":["Pandora\u0027s Box","Calling Bell"],"picked":"Astrolabe"},{"not_picked":["Runic Pyramid","Empty Cage"],"picked":"Coffee Dripper"}],"items_purged_floors":[],"is_endless":false,"potions_floor_spawned":[1,2,10,18,21,29,31,35,44,47,48],"ascension_level":13}}