{"host":"1i3835udr35woqc6","time":1613166354,"event":{"mods":["Act Like it!","Arknights","Aspiration","BaseMod","BetterRewards","Conspire","Downfall","Friendly Minions","GungeonMod","Hallownest","Hermit","Minty Spire (QoL Compilation)","Pale of the Ancients","StSLib","The Cursed"],"gold_per_floor":[99,99,118,134,149,176,176,176,86,139,157,170,183,195,206,307,307,307,323,54,64,78,78,78,78,78,78,90,90,90,105,124,124,124,124],"floor_reached":33,"language":"ZHS","playtime":1373,"items_purged":["bronze:Strike","bronze:Strike"],"score":278,"play_id":"cd938d8d-f5e2-4e51-b1ce-b9808b9f2a65","local_time":"20210213054554","is_ascension_mode":false,"campfire_choices":[{"data":"bronze:Goto","floor":1,"key":"SMITH"},{"data":"bronze:Virus","floor":18,"key":"SMITH"},{"data":"bronze:ChildClass","floor":23,"key":"SMITH"},{"data":"bronze:ChosenStrike","floor":25,"key":"SMITH"},{"data":"bronze:FollowUp","floor":27,"key":"SMITH"},{"data":"bronze:Replicate","floor":30,"key":"SMITH"}],"circlet_count":0,"master_deck":["bronze:Strike","bronze:Strike","bronze:Defend","bronze:Defend","bronze:Defend","bronze:Defend","bronze:Replicate+1","bronze:Goto+1","bronze:ChildClass+1","bronze:FollowUp+1","bronze:ChosenStrike+1","bronze:MaxOutput+1","bronze:ClassDefault+1","bronze:Virus+1","bronze:Verify+1","bronze:Mutator+1","bronze:Turbo+1"],"relics":["bronze:BronzeCore","aspiration:StickyExplosives_weak","Frozen Egg 2","DemoMod:WeirdEgg","Runic Dome","aspiration:Lifesprig","DemoMod:DecoyRelic"],"acts_visited":["Exordium","TheCity"],"potions_floor_usage":[6,6],"damage_taken":[{"damage":4,"enemies":"2 Louse","floor":3,"turns":3},{"damage":2,"enemies":"Cultist","floor":4,"turns":3},{"damage":0,"enemies":"Small Slimes","floor":5,"turns":3},{"damage":23,"enemies":"Lagavulin","floor":6,"turns":7},{"damage":0,"enemies":"downfall:FleeingMerchant","floor":9,"turns":4},{"damage":7,"enemies":"Exordium Thugs","floor":11,"turns":5},{"damage":0,"enemies":"Gremlin Gang","floor":12,"turns":4},{"damage":2,"enemies":"Blue Slaver","floor":13,"turns":3},{"damage":4,"enemies":"2 Fungi Beasts","floor":14,"turns":3},{"damage":0,"enemies":"Lots of Slimes","floor":15,"turns":1},{"damage":25,"enemies":"IC_STATUS_ARCHETYPE","floor":16,"turns":5},{"damage":0,"enemies":"3 Byrds","floor":19,"turns":3},{"damage":6,"enemies":"downfall:FleeingMerchant","floor":20,"turns":4},{"damage":0,"enemies":"conspire:FuzzyDice","floor":21,"turns":3},{"damage":0,"enemies":"Centurion and Healer","floor":22,"turns":4},{"damage":32,"enemies":"Snake Plant","floor":28,"turns":4},{"damage":10,"enemies":"Cultist and Chosen","floor":31,"turns":3},{"damage":18,"enemies":"Shelled Parasite and Fungi","floor":32,"turns":2},{"damage":38,"enemies":"DF_ARCHETYPE_CLAW","floor":33,"turns":4}],"seed_played":"-6812810376582043962","potions_obtained":[{"floor":2,"key":"SkillPotion"},{"floor":2,"key":"Block Potion"},{"floor":2,"key":"Fire Potion"},{"floor":6,"key":"SpeedPotion"},{"floor":15,"key":"Dexterity Potion"},{"floor":22,"key":"PowerPotion"}],"is_trial":false,"path_per_floor":["R","?","M","M","M","E","T","?","$","T","M","M","M","M","M","B",null,"R","M","$","M","M","R","T","R","?","R","M","?","R","M","M","B"],"character_chosen":"THE_AUTOMATON","items_purchased":["aspiration:Lifesprig"],"campfire_rested":0,"item_purchase_floors":[20],"current_hp_per_floor":[77,77,73,71,71,48,48,87,87,87,80,80,78,74,74,49,87,87,87,81,81,81,81,81,81,81,81,49,58,58,48,30,0,0,0],"gold":124,"neow_bonus":"TEN_PERCENT_HP_BONUS","is_daily":false,"chose_seed":false,"campfire_upgraded":6,"win_rate":0.0,"timestamp":1613166354,"path_taken":["R","?","?","M","M","E","T","?","$","?","M","?","M","M","M","BOSS","R","M","$","M","M","R","T","R","?","R","M","?","R","M","M","BOSS"],"items_purchased_type":["Relic"],"build_version":"2020-12-22","purchased_purges":2,"victory":false,"max_hp_per_floor":[77,77,77,77,77,77,77,87,87,87,87,87,87,87,87,87,87,87,87,87,87,87,87,87,87,87,87,87,87,87,87,87,87,87,87],"card_choices":[{"not_picked":["bronze:OilSpill","bronze:DelayedSlice"],"picked":"bronze:ChildClass","floor":3},{"not_picked":["bronze:GetLatest","bronze:BugBarrage"],"picked":"bronze:FollowUp","floor":4},{"not_picked":["bronze:Overheat","bronze:DelayedGuard"],"picked":"bronze:Verify","floor":5},{"not_picked":["bronze:Frontload","bronze:BuggyMess","bronze:Shield"],"picked":"SKIP","floor":6},{"not_picked":["bronze:Turbo","bronze:Safeguard"],"picked":"bronze:ChosenStrike","floor":9},{"not_picked":["bronze:Flail","bronze:BitShift"],"picked":"bronze:MaxOutput+1","floor":11},{"not_picked":["bronze:ForLoop","bronze:BronzeArmor"],"picked":"bronze:ClassDefault+1","floor":12},{"not_picked":["bronze:DarkDash","bronze:WildBeam","bronze:Shield"],"picked":"SKIP","floor":13},{"not_picked":["bronze:CloningBeam","bronze:DarkDash"],"picked":"bronze:Virus","floor":14},{"not_picked":["bronze:BronzeOrb","bronze:DigitalCarnage","bronze:DarkDash"],"picked":"SKIP","floor":15},{"not_picked":["bronze:ShipIt","bronze:Break"],"picked":"bronze:Verify+1","floor":16},{"not_picked":["bronze:BuggyMess+1","bronze:Repair","bronze:Shield+1"],"picked":"SKIP","floor":19},{"not_picked":["bronze:Repair","bronze:Invalidate","bronze:BuggyMess"],"picked":"SKIP","floor":20},{"not_picked":["bronze:FineTuning","bronze:DelayedGuard"],"picked":"bronze:Mutator+1","floor":21},{"not_picked":["bronze:FineTuning","bronze:Allocate","bronze:OilSpill"],"picked":"SKIP","floor":22},{"not_picked":["bronze:BugBarrage","bronze:ForceShield"],"picked":"bronze:Turbo+1","floor":28},{"not_picked":["bronze:DigitalCarnage","bronze:Backtrace+1","bronze:Iterate"],"picked":"SKIP","floor":31},{"not_picked":["bronze:DelayedGuard","bronze:WhirlingStrike","bronze:Return"],"picked":"SKIP","floor":32}],"player_experience":402870,"relics_obtained":[{"floor":6,"key":"aspiration:StickyExplosives_weak"},{"floor":7,"key":"Frozen Egg 2"},{"floor":10,"key":"DemoMod:WeirdEgg"},{"floor":24,"key":"DemoMod:DecoyRelic"}],"event_choices":[{"damage_healed":0,"gold_gain":0,"player_choice":"Got Potions","damage_taken":0,"max_hp_gain":0,"max_hp_loss":0,"event_name":"Lab","floor":2,"gold_loss":0},{"cards_removed":["bronze:Verify"],"damage_healed":29,"gold_gain":0,"player_choice":"Offered Rare","damage_taken":0,"max_hp_gain":10,"max_hp_loss":0,"event_name":"Bonfire Elementals","floor":8,"gold_loss":0},{"damage_healed":0,"gold_gain":0,"player_choice":"Ignored","damage_taken":0,"max_hp_gain":0,"max_hp_loss":0,"event_name":"Ghosts","floor":26,"gold_loss":0}],"is_beta":false,"boss_relics":[{"not_picked":["Velvet Choker","aspiration:WatcherSkillbook"],"picked":"Runic Dome"}],"items_purged_floors":[9,20],"is_endless":false,"potions_floor_spawned":[3,6,15,16,22,28],"killed_by":"DF_ARCHETYPE_CLAW","ascension_level":0}}