{"host":"7mo9b2f9hhzb5x6f","time":1613105810,"event":{"mods":["100% Spire Juice","2.2 Compatiblity","ATMod(阿瑾Mod)","Act Like it!","BaseMod","Better-Laid Plans","Library of Ruina","Library of Ruina Extra","Minty Spire (QoL Compilation)","MostiFishMod","Relic Stats","Spicy Shops","StSLib","TestMod","UnlockEverythingMod","【功能Mod】混沌之环修复补丁","【功能Mod】精心准备","【功能Mod】聪明的最终Boss"],"gold_per_floor":[219,234,234,234,234,234,234],"floor_reached":6,"language":"ZHS","playtime":118,"items_purged":[],"score":76,"play_id":"5ddad2a9-0264-4a74-aced-cfcb8cd7a7b3","local_time":"20210212125650","is_ascension_mode":true,"campfire_choices":[],"circlet_count":0,"master_deck":["AscendersBane","Dodge","LightDefense","LightAttack","LightAttack","LightAttack","LightDefense","LightDefense","LightDefense","ChargeAndCover","FocusedStrikes","PuppetBlockade"],"relics":["PageOfLibrarian","testmod-TestBox","DaveBox","AT_ATBox","testmod-IntensifyImprint","SynthV:TestCard","AT_GuinsooRageblade"],"acts_visited":["Exordium"],"potions_floor_usage":[],"damage_taken":[{"damage":12,"enemies":"Jaw Worm","floor":1,"turns":2},{"damage":3,"enemies":"2 Louse","floor":2,"turns":4},{"damage":0,"enemies":"Lagavulin","floor":6,"turns":1}],"seed_played":"-2065111636456765921","potions_obtained":[],"is_trial":false,"path_per_floor":["M","M","?","?","?","E"],"character_chosen":"Librarian","items_purchased":[],"campfire_rested":0,"item_purchase_floors":[],"current_hp_per_floor":[42,39,44,44,44,44,44],"gold":234,"neow_bonus":"HUNDRED_GOLD","is_daily":false,"chose_seed":false,"campfire_upgraded":0,"win_rate":0.0,"timestamp":1613105810,"path_taken":["M","M","?","?","?","E"],"items_purchased_type":[],"build_version":"2020-12-22","purchased_purges":0,"victory":false,"max_hp_per_floor":[76,76,81,81,81,81,81],"relic_stats":{"counters":[3,7],"obtain_stats":[{"PageOfLibrarian":0,"testmod-IntensifyImprint":0,"testmod-TestBox":0,"AT_ATBox":0,"SynthV:TestCard":1,"DaveBox":0,"AT_GuinsooRageblade":5},{"PageOfLibrarian":0,"testmod-IntensifyImprint":0,"testmod-TestBox":0,"AT_ATBox":0,"SynthV:TestCard":1,"DaveBox":0,"AT_GuinsooRageblade":2},{"PageOfLibrarian":0,"testmod-IntensifyImprint":0,"testmod-TestBox":0,"AT_ATBox":0,"SynthV:TestCard":2,"DaveBox":0,"AT_GuinsooRageblade":6}]},"card_choices":[{"not_picked":["StrikeDown","StructuralAnalysis","HighSpeedStabbing","Parry","BindingArms","HiddenBlade","MindCrush","EnergyStrike"],"picked":"PuppetBlockade","floor":1},{"not_picked":["Multislash","SinglePointStab","Diversion","Quickness","DriedUp","SuppressingShot","HandleRequest","HardRehearsal","StrongStrike","SpearedSweep"],"picked":"TendonChords","floor":2}],"player_experience":101221,"relics_obtained":[{"floor":1,"key":"SynthV:TestCard"}],"event_choices":[{"damage_healed":0,"gold_gain":0,"player_choice":"Donut","damage_taken":0,"max_hp_gain":5,"max_hp_loss":0,"event_name":"Big Fish","floor":3,"gold_loss":0},{"damage_healed":0,"gold_gain":0,"player_choice":"Ignored","damage_taken":0,"max_hp_gain":0,"max_hp_loss":0,"event_name":"Liars Game","floor":4,"gold_loss":0},{"cards_removed":["TendonChords"],"damage_healed":0,"gold_gain":0,"player_choice":"Gave Card","damage_taken":0,"relics_obtained":["AT_GuinsooRageblade"],"max_hp_gain":0,"max_hp_loss":0,"event_name":"WeMeetAgain","floor":5,"gold_loss":0}],"is_beta":false,"boss_relics":[],"items_purged_floors":[],"is_endless":false,"potions_floor_spawned":[],"killed_by":"Lagavulin","ascension_level":10}}