{"host":"zs3tguvuxkh90jf4","time":1613099750,"event":{"mods":["AchievementEnabler","BaseMod","Better Silent Start","Better-Laid Plans","BetterRewards","Block Reminder","Colored Map","Colored Powertips","Gold Saver","Minty Spire (QoL Compilation)","Shop Mod","StSLib","Transform Curses"],"gold_per_floor":[2597,2561,2578,2543,2555,2586,2586,2606,2606,1684,1697,1724,1724,1749,1749,1823,1823,1833,1843,838,849,28,28,28],"floor_reached":23,"language":"ENG","playtime":1212,"items_purged":["Strike_B","Defend_B","Strike_B"],"score":671,"play_id":"82a983ff-2227-4726-823b-fe5967f5c611","local_time":"20210211191550","is_ascension_mode":true,"campfire_choices":[{"data":"Dualcast","floor":7,"key":"SMITH"},{"data":"Double Energy","floor":15,"key":"SMITH"}],"circlet_count":0,"master_deck":["AscendersBane","Strike_B","Defend_B","Defend_B","Defend_B","Zap","Dualcast","Self Repair","Dualcast+1","Loop","Ball Lightning","Chaos","Ball Lightning","Coolheaded","Electrodynamics","Double Energy+1","Redo","Capacitor","Melter","Self Repair","Thunder Strike","Consume","Reboot","Cold Snap","Creative AI","Chill+1","Cold Snap","Beam Cell+1","Stack","BootSequence","Chill+1"],"relics":["Cracked Core","Pen Nib","Ancient Tea Set","DollysMirror","Pantograph","Pear","ClockworkSouvenir","Oddly Smooth Stone","Odd Mushroom","Question Card","Dream Catcher","Centennial Puzzle","Lee\u0027s Waffle","MerchantsRug","Torii","Darkstone Periapt","Inserter","Strawberry","Girya","Strange Spoon","Bottled Tornado","Orrery","Shuriken"],"acts_visited":["Exordium","TheCity"],"potions_floor_usage":[16,19,21,23],"damage_taken":[{"damage":18,"enemies":"Jaw Worm","floor":1,"turns":4},{"damage":8,"enemies":"2 Louse","floor":3,"turns":3},{"damage":4,"enemies":"Small Slimes","floor":5,"turns":4},{"damage":26,"enemies":"Gremlin Nob","floor":6,"turns":4},{"damage":14,"enemies":"The Mushroom Lair","floor":8,"turns":4},{"damage":10,"enemies":"3 Louse","floor":11,"turns":3},{"damage":28,"enemies":"Lagavulin","floor":12,"turns":7},{"damage":11,"enemies":"3 Sentries","floor":14,"turns":3},{"damage":0,"enemies":"Slime Boss","floor":16,"turns":6},{"damage":12,"enemies":"Chosen","floor":18,"turns":4},{"damage":38,"enemies":"2 Thieves","floor":19,"turns":4},{"damage":41,"enemies":"Snake Plant","floor":21,"turns":4},{"damage":44,"enemies":"Book of Stabbing","floor":23,"turns":4}],"seed_played":"-6765015238864632184","potions_obtained":[{"floor":3,"key":"Strength Potion"},{"floor":8,"key":"EssenceOfSteel"},{"floor":14,"key":"Block Potion"},{"floor":21,"key":"FearPotion"}],"is_trial":false,"path_per_floor":["M","?","M","?","M","E","R","?","T","$","M","E","?","E","R","B",null,"M","M","$","M","$","E"],"character_chosen":"DEFECT","items_purchased":["Pen Nib","Ancient Tea Set","DollysMirror","Pantograph","Pear","ClockworkSouvenir","Loop","Ball Lightning","Chaos","Redo","Dream Catcher","Centennial Puzzle","Lee\u0027s Waffle","Capacitor","Melter","MerchantsRug","Strawberry","Girya","Strange Spoon","DistilledChaos","Creative AI","Bottled Tornado","Orrery","Shuriken"],"campfire_rested":0,"item_purchase_floors":[0,0,0,0,0,0,0,0,0,10,10,10,10,10,10,10,20,20,20,20,20,22,22,22],"current_hp_per_floor":[49,49,48,68,71,52,52,45,45,88,78,64,64,67,67,88,88,83,59,66,39,39,0,0],"gold":28,"neow_bonus":"","is_daily":false,"chose_seed":false,"campfire_upgraded":2,"win_rate":0.0,"timestamp":1613099750,"path_taken":["M","?","M","?","M","E","R","?","T","$","M","E","?","E","R","BOSS","M","M","?","M","$","E"],"items_purchased_type":["Relic","Relic","Relic","Relic","Relic","Relic","Card","Card","Card","Card","Relic","Relic","Relic","Card","Card","Relic","Relic","Relic","Relic","Potion","Card","Relic","Relic","Relic"],"build_version":"2020-12-22","purchased_purges":3,"victory":false,"max_hp_per_floor":[81,81,81,81,81,81,81,81,81,88,88,88,88,88,88,88,88,88,88,95,95,95,95,95],"card_choices":[{"not_picked":["Beam Cell","Compile Driver"],"picked":"Ball Lightning","floor":1},{"not_picked":["Auto Shields","Conserve Battery"],"picked":"Coolheaded","floor":3},{"not_picked":["Capacitor","Gash"],"picked":"Electrodynamics","floor":5},{"not_picked":["Compile Driver","Rebound","Sweeping Beam"],"picked":"SKIP","floor":6},{"not_picked":["Undo","Steam"],"picked":"Double Energy","floor":8},{"not_picked":["Compile Driver","Beam Cell","Redo"],"picked":"Self Repair","floor":11},{"not_picked":["Static Discharge","Rebound","Reboot"],"picked":"Thunder Strike","floor":12},{"not_picked":["Leap","Turbo","Steam"],"picked":"Consume","floor":14},{"not_picked":["Meteor Strike","Buffer","Thunder Strike"],"picked":"Reboot","floor":16},{"not_picked":["Gash","FTL","Loop","Rebound"],"picked":"SKIP","floor":18},{"not_picked":["Barrage","Go for the Eyes","Melter+1"],"picked":"Cold Snap","floor":19},{"not_picked":["Double Energy","Hologram+1","Static Discharge"],"picked":"Chill+1","floor":21},{"not_picked":["Hologram","Reprogram","Streamline+1"],"picked":"Cold Snap","floor":22},{"not_picked":["Auto Shields","Reprogram","Go for the Eyes+1"],"picked":"Beam Cell+1","floor":22},{"not_picked":["Streamline","Go for the Eyes","Steam"],"picked":"Stack","floor":22},{"not_picked":["Streamline","Consume","Gash"],"picked":"BootSequence","floor":22},{"not_picked":["Rip and Tear","BootSequence","All For One"],"picked":"Chill+1","floor":22}],"player_experience":563582,"relics_obtained":[{"floor":6,"key":"Oddly Smooth Stone"},{"floor":8,"key":"Odd Mushroom"},{"floor":9,"key":"Question Card"},{"floor":12,"key":"Torii"},{"floor":14,"key":"Darkstone Periapt"}],"event_choices":[{"damage_healed":0,"gold_gain":0,"player_choice":"Left Gold","damage_taken":0,"max_hp_gain":0,"max_hp_loss":0,"event_name":"World of Goop","floor":2,"gold_loss":36},{"damage_healed":20,"gold_gain":0,"player_choice":"Healed","damage_taken":0,"max_hp_gain":0,"max_hp_loss":0,"event_name":"The Cleric","floor":4,"gold_loss":35},{"damage_healed":0,"gold_gain":0,"player_choice":"Fought Mushrooms","damage_taken":0,"max_hp_gain":0,"max_hp_loss":0,"event_name":"Mushrooms","floor":8,"gold_loss":0},{"cards_removed":["Strike_B"],"damage_healed":0,"gold_gain":0,"player_choice":"Offered Basic","damage_taken":0,"max_hp_gain":0,"max_hp_loss":0,"event_name":"Bonfire Elementals","floor":13,"gold_loss":0}],"is_beta":false,"boss_relics":[{"not_picked":["Runic Dome","Coffee Dripper"],"picked":"Inserter"}],"items_purged_floors":[10,20,22],"is_endless":false,"potions_floor_spawned":[3,8,12,14,21],"killed_by":"Book of Stabbing","ascension_level":16}}