{"host":"27g79df0endkaa4r","time":1613152962,"event":{"mods":["Abigail Mod","AchievementEnabler","Act Like it!","Alarm Clock","BaseMod","Better Altar","Better Match","Better Skull","Better Third Choice","BetterRewards","Bossed Relics","CapriCore","Card Forge","Colored Map","Curses Come First","Disable Question Mark Monsters","Displayed Cursed Tome","Emptier Cage","FoggyMod","Friendly Minions","Gold Saver","Good Game Mod","Grow up Mod","Highlight Path","Kratos Character Expansion","Minty Spire (QoL Compilation)","Permanent Neow","Poem Panic","Remilia??????","Shop Mod","StSLib","The Immortal","The Servant 0.9.4","The Vixen","Transform Curses","Virulent Crown","????"],"gold_per_floor":[1276,1336,1336,1336,311,354,378,79,104,145,4,19,54,93,93,219,219,238,238,513,531,831,865,914,914,937,63,63,113,154,193,0,128,128,143,231,231,52,77,120,3,3,30,73,85,97,109,121,133,145],"floor_reached":51,"language":"ENG","playtime":1623,"items_purged":[],"score":1247,"play_id":"5479e8e9-e9c1-4a00-9a5b-e50e007ffa5d","local_time":"20210212190242","is_ascension_mode":false,"campfire_choices":[{"floor":15,"key":"REST"},{"floor":46,"key":"REST"},{"floor":49,"key":"REST"}],"circlet_count":0,"master_deck":["Strike_G+1","Strike_G+1","Defend_G+1","Defend_G+1","Survivor+1","Neutralize+1","Slice+1","Backstab+1","Regret","Skewer+1","Leg Sweep+1","Dodge and Roll+1","Mayhem+1","Deflect+1","Quick Slash+1","Tools of the Trade+1","Finisher+1","After Image+1","Eviscerate+1","Insight+1","Regret","Deflect+1","Backstab+1","Terror+1","Footwork+1","Magnetism+1","Tactician+1","Infinite Blades+1","Glass Knife+1","Dagger Spray+1","Prepared+1","Infinite Blades+1","Venomology+1","Infinite Blades+1","Masterful Stab+1","Mind Blast+1","Mind Blast+1","KratosMod:FullCounter+1"],"relics":["Ring of the Snake","Hammer of Thor","Seething Fire","Anvil of the Gods","REME:ComplimentaryCards","MerchantsRug","Golden Idol","Bottled Flame","Paper Crane","TwistedFunnel","Lantern","Tough Bandages","Bottled Tornado","Nunchaku","Orichalcum","Philosopher\u0027s Stone","Question Card","Enchiridion","Happy Flower","Bronze Scales","ClockworkSouvenir","Matryoshka","MutagenicStrength","Red Mask","Bag of Marbles","Toolbox","Tiny House","Incense Burner","Vajra","MealTicket","Juzu Bracelet","Shuriken","Molten Egg 2","MawBank","Mercury Hourglass"],"acts_visited":["Exordium","TheCity","TheBeyond"],"potions_floor_usage":[],"damage_taken":[{"damage":0,"enemies":"Small Slimes","floor":1,"turns":2},{"damage":9,"enemies":"3 Sentries","floor":6,"turns":7},{"damage":3,"enemies":"Lagavulin","floor":10,"turns":4},{"damage":0,"enemies":"Jaw Worm","floor":12,"turns":2},{"damage":19,"enemies":"3 Sentries","floor":14,"turns":6},{"damage":0,"enemies":"Slime Boss","floor":16,"turns":4},{"damage":0,"enemies":"Spheric Guardian","floor":18,"turns":3},{"damage":0,"enemies":"2 Thieves","floor":21,"turns":3},{"damage":47,"enemies":"Slavers","floor":23,"turns":5},{"damage":0,"enemies":"Masked Bandits","floor":30,"turns":2},{"damage":0,"enemies":"Gremlin Leader","floor":31,"turns":2},{"damage":11,"enemies":"Collector","floor":33,"turns":4},{"damage":3,"enemies":"3 Darklings","floor":35,"turns":3},{"damage":2,"enemies":"2 Orb Walkers","floor":36,"turns":3},{"damage":3,"enemies":"3 Shapes","floor":39,"turns":2},{"damage":0,"enemies":"Nemesis","floor":40,"turns":3},{"damage":1,"enemies":"Giant Head","floor":44,"turns":4},{"damage":28,"enemies":"Time Eater","floor":50,"turns":5}],"seed_played":"5117728975458868266","potions_obtained":[{"floor":10,"key":"Explosive Potion"},{"floor":12,"key":"Fire Potion"},{"floor":14,"key":"LiquidMemories"},{"floor":23,"key":"SteroidPotion"},{"floor":33,"key":"SmokeBomb"},{"floor":36,"key":"Dexterity Potion"},{"floor":40,"key":"Block Potion"},{"floor":44,"key":"CultistPotion"}],"is_trial":false,"path_per_floor":["M","?","?","?","$","E","T","R","T","E","R","M","$","E","R","B",null,"M","?","?","M","?","E","T","?","T","$","?","$","?","E","R","B",null,"M","?","?","$","M","E","R","?","T","E","?","R","$","?","R","B",null],"character_chosen":"THE_SILENT","items_purchased":["MerchantsRug","Skewer","Bottled Flame","Paper Crane","TwistedFunnel","Leg Sweep","Dodge and Roll","Mayhem","Tough Bandages","Nunchaku","Tools of the Trade","Bronze Scales","ClockworkSouvenir","Matryoshka","Terror","Footwork","Magnetism","Toolbox","Vajra","Infinite Blades","Juzu Bracelet"],"campfire_rested":3,"item_purchase_floors":[0,5,5,5,5,5,5,5,8,11,13,27,27,27,27,27,27,32,38,38,41],"current_hp_per_floor":[90,100,85,95,105,106,116,126,136,143,153,163,173,164,230,240,250,260,270,280,290,300,263,273,267,277,257,267,277,287,297,302,301,420,427,435,395,405,412,422,432,442,452,461,461,485,495,505,515,497],"gold":157,"neow_bonus":"","is_daily":false,"chose_seed":false,"campfire_upgraded":0,"win_rate":0.0,"timestamp":1613152962,"path_taken":["M","?","?","?","$","E","?","R","T","E","R","?","?","E","R","BOSS","M","?","?","?","?","E","?","?","T","$","?","$","?","E","R","BOSS","M","?","?","?","?","E","R","?","T","E","?","R","$","?","R","BOSS"],"items_purchased_type":["Relic","Card","Relic","Relic","Relic","Card","Card","Card","Relic","Relic","Card","Relic","Relic","Relic","Card","Card","Card","Relic","Relic","Card","Relic"],"build_version":"2020-12-22","purchased_purges":0,"victory":true,"max_hp_per_floor":[90,100,110,120,130,140,150,160,170,180,190,200,210,220,230,240,250,260,270,280,290,300,310,320,330,340,350,360,370,380,390,400,410,420,430,440,395,405,415,425,435,445,455,465,475,485,495,505,515,525],"card_choices":[{"not_picked":["Deadly Poison","Flechettes"],"picked":"Backstab","floor":1},{"not_picked":["Deadly Poison","Flying Knee"],"picked":"Deflect","floor":6},{"not_picked":["Outmaneuver","Dash"],"picked":"Quick Slash","floor":10},{"not_picked":["PiercingWail","Poisoned Stab","Flying Knee"],"picked":"SKIP","floor":12},{"not_picked":["Dodge and Roll","Deadly Poison"],"picked":"Finisher","floor":14},{"not_picked":["Malaise","Die Die Die"],"picked":"After Image","floor":16},{"not_picked":["Quick Slash+1","PiercingWail"],"picked":"Eviscerate","floor":18},{"not_picked":["Outmaneuver","Calculated Gamble+1"],"picked":"Deflect","floor":21},{"not_picked":["Quick Slash","Sucker Punch"],"picked":"Backstab","floor":23},{"not_picked":["Deflect","Quick Slash+1","Eviscerate"],"picked":"Tactician","floor":30},{"not_picked":["Finisher","Crippling Poison","Tools of the Trade"],"picked":"Infinite Blades+1","floor":31},{"not_picked":["Bullet Time","Doppelganger","Tools of the Trade"],"picked":"Glass Knife","floor":33},{"not_picked":["Underhanded Strike+1","Poisoned Stab","Deadly Poison+1"],"picked":"Dagger Spray+1","floor":35},{"not_picked":["Crippling Poison+1","Dagger Throw","Poisoned Stab"],"picked":"Prepared","floor":36},{"not_picked":["Leg Sweep","Flying Knee","Quick Slash+1"],"picked":"Venomology","floor":39},{"not_picked":["Acrobatics+1","Distraction","Blur+1"],"picked":"Infinite Blades","floor":40},{"not_picked":["Slice+1","Dodge and Roll+1","Prepared+1"],"picked":"Masterful Stab+1","floor":44},{"not_picked":["Mayhem","PanicButton","Apotheosis"],"picked":"Mind Blast+1","floor":45},{"not_picked":["Bandage Up","Secret Technique","Forethought"],"picked":"Mind Blast+1","floor":45},{"not_picked":["Jack Of All Trades","Deep Breath","Bandage Up"],"picked":"KratosMod:FullCounter","floor":45}],"player_experience":11155,"relics_obtained":[{"floor":6,"key":"Lantern"},{"floor":7,"key":"Regal Pillow"},{"floor":9,"key":"Dream Catcher"},{"floor":10,"key":"Bottled Tornado"},{"floor":14,"key":"Orichalcum"},{"floor":23,"key":"Question Card"},{"floor":24,"key":"War Paint"},{"floor":26,"key":"Happy Flower"},{"floor":30,"key":"Red Mask"},{"floor":31,"key":"Bag of Marbles"},{"floor":36,"key":"Incense Burner"},{"floor":40,"key":"MealTicket"},{"floor":42,"key":"Shuriken"},{"floor":43,"key":"Molten Egg 2"},{"floor":43,"key":"MawBank"},{"floor":44,"key":"Mercury Hourglass"}],"event_choices":[{"damage_healed":0,"gold_gain":60,"player_choice":"Gained Gold","damage_taken":0,"max_hp_gain":0,"max_hp_loss":0,"event_name":"Golden Wing","floor":2,"gold_loss":0},{"damage_healed":0,"gold_gain":0,"player_choice":"Take Damage","damage_taken":25,"relics_obtained":["Golden Idol"],"max_hp_gain":0,"max_hp_loss":0,"event_name":"Golden Idol","floor":3,"gold_loss":0},{"damage_healed":0,"gold_gain":0,"player_choice":"Box","damage_taken":0,"relics_obtained":["Potion Belt"],"max_hp_gain":0,"max_hp_loss":0,"event_name":"Big Fish","floor":4,"gold_loss":0,"cards_obtained":["Regret"]},{"damage_healed":0,"gold_gain":0,"player_choice":"Insight","damage_taken":0,"max_hp_gain":0,"max_hp_loss":0,"event_name":"betterThird:BetterWriting","floor":19,"gold_loss":0,"cards_obtained":["Insight"]},{"damage_healed":0,"gold_gain":275,"player_choice":"Desecrate","damage_taken":0,"max_hp_gain":0,"max_hp_loss":0,"event_name":"Golden Shrine","floor":20,"gold_loss":0,"cards_obtained":["Regret"]},{"damage_healed":0,"gold_gain":0,"player_choice":"Obtained Book","damage_taken":16,"max_hp_gain":0,"max_hp_loss":0,"event_name":"Cursed Tome","floor":25,"gold_loss":0},{"damage_healed":0,"gold_gain":0,"player_choice":"Inject Mutagens","damage_taken":0,"relics_obtained":["MutagenicStrength"],"max_hp_gain":0,"max_hp_loss":0,"event_name":"Drug Dealer","floor":28,"gold_loss":0},{"damage_healed":0,"gold_gain":0,"player_choice":"Fought Bandits","damage_taken":0,"max_hp_gain":0,"max_hp_loss":0,"event_name":"Masked Bandits","floor":30,"gold_loss":0},{"damage_healed":0,"gold_gain":0,"player_choice":"Fight","damage_taken":0,"max_hp_gain":0,"max_hp_loss":0,"event_name":"Mysterious Sphere","floor":36,"gold_loss":0},{"damage_healed":385,"gold_gain":0,"player_choice":"Heal","damage_taken":0,"max_hp_gain":0,"max_hp_loss":55,"event_name":"The Moai Head","floor":37,"gold_loss":0},{"damage_healed":0,"gold_gain":0,"player_choice":"Relic","damage_taken":0,"max_hp_gain":0,"max_hp_loss":0,"event_name":"Wheel of Change","floor":42,"gold_loss":0},{"damage_healed":0,"gold_gain":0,"player_choice":"Memory 3","damage_taken":10,"max_hp_gain":0,"max_hp_loss":0,"event_name":"SensoryStone","floor":45,"gold_loss":0},{"damage_healed":0,"gold_gain":0,"player_choice":"Ignored","damage_taken":0,"max_hp_gain":0,"max_hp_loss":0,"event_name":"Transmorgrifier","floor":48,"gold_loss":0}],"is_beta":false,"boss_relics":[{"not_picked":["Sozu","Velvet Choker"],"picked":"Philosopher\u0027s Stone"},{"not_picked":["PoemPanic:PoemPanicRelic","Cursed Key"],"picked":"Tiny House"}],"items_purged_floors":[],"is_endless":false,"potions_floor_spawned":[10,12,14,23,33,36,40,44],"ascension_level":0}}