{"host":"5f8yr5jxnqok2jdo","time":1613125170,"event":{"mods":["AchievementEnabler","BaseMod","Better Altar","Better Match","Better Note","Better Skull","Better Third Choice","Block Reminder","Colored Map","Colored Powertips","DeckTracker","Displayed Cursed Tome","Filter the Spire","Googly Eyes","Highlight Path","Key Reminder","Minty Spire (QoL Compilation)","Quick Restart","Rare Cards Sparkle","Relic Sorter","Relic Stats","ShortenTheSpire","Smile Girya","Spire Arcade","Spire Birthday Party","StSLib","Steal the Spire","SuperFastMode","Uncapped","Unceasing Turn Reminder","Weighted Paths","everything is the same but u backflip on backflip","slay the spire mod where everything is the same but ironclad has a cowboy hat"],"gold_per_floor":[113,140,151,151,168,168,195,195,195,227,213,213,223,236,236,310,310,323,20,70,85,35,64,64,64,133,133,166,166,166],"floor_reached":29,"language":"ENG","playtime":760,"items_purged":["Strike_R"],"score":474,"play_id":"49ef7b7b-c2a6-4de6-8b1c-780c92bef05d","local_time":"20210212111930","is_ascension_mode":true,"campfire_choices":[{"data":"Bash","floor":6,"key":"SMITH"},{"data":"True Grit","floor":8,"key":"SMITH"},{"floor":12,"key":"REST"},{"data":"Clothesline","floor":15,"key":"SMITH"},{"data":"Double Tap","floor":24,"key":"SMITH"},{"floor":27,"key":"REST"}],"circlet_count":0,"master_deck":["AscendersBane","Strike_R","Strike_R","Defend_R","Defend_R","Defend_R","Bash+1","Cleave","Clothesline+1","True Grit+1","Blood for Blood","Immolate","Shrug It Off","Double Tap+1","Writhe"],"relics":["Burning Blood","Smiling Mask","Pen Nib","Vajra","Toy Ornithopter","Philosopher\u0027s Stone","Magic Flower","Anchor","Question Card","Paper Frog","PreservedInsect"],"acts_visited":["Exordium","TheCity"],"potions_floor_usage":[7,23,28],"damage_taken":[{"damage":1,"enemies":"Cultist","floor":1,"turns":3},{"damage":11,"enemies":"Jaw Worm","floor":3,"turns":4},{"damage":0,"enemies":"Small Slimes","floor":5,"turns":3},{"damage":24,"enemies":"Gremlin Nob","floor":7,"turns":5},{"damage":33,"enemies":"3 Sentries","floor":10,"turns":7},{"damage":8,"enemies":"Exordium Thugs","floor":11,"turns":4},{"damage":4,"enemies":"3 Louse","floor":13,"turns":2},{"damage":9,"enemies":"Gremlin Gang","floor":14,"turns":4},{"damage":20,"enemies":"Hexaghost","floor":16,"turns":10},{"damage":20,"enemies":"Spheric Guardian","floor":18,"turns":4},{"damage":18,"enemies":"3 Byrds","floor":21,"turns":3},{"damage":30,"enemies":"Book of Stabbing","floor":23,"turns":4},{"damage":56,"enemies":"Slavers","floor":28,"turns":5},{"damage":28,"enemies":"Shelled Parasite and Fungi","floor":29,"turns":3}],"seed_played":"662778544565010397","potions_obtained":[{"floor":1,"key":"AttackPotion"},{"floor":7,"key":"BloodPotion"},{"floor":11,"key":"DistilledChaos"},{"floor":13,"key":"PowerPotion"},{"floor":28,"key":"Strength Potion"}],"is_trial":false,"path_per_floor":["M","T","M","?","M","R","E","R","T","E","M","R","M","M","R","B",null,"M","$","?","M","$","E","R","?","T","R","E","M"],"character_chosen":"IRONCLAD","items_purchased":["Magic Flower"],"campfire_rested":2,"item_purchase_floors":[19],"current_hp_per_floor":[68,68,63,63,68,68,50,50,50,23,21,41,43,40,40,26,58,44,44,44,35,35,22,22,22,22,42,23,0,0],"gold":166,"neow_bonus":"REMOVE_TWO","is_daily":false,"chose_seed":false,"campfire_upgraded":4,"win_rate":0.0,"timestamp":1613125170,"path_taken":["M","?","M","?","M","R","E","R","T","E","?","R","M","M","R","BOSS","M","$","?","M","?","E","R","?","T","R","E","M"],"items_purchased_type":["Relic"],"build_version":"2020-12-22","purchased_purges":1,"victory":false,"max_hp_per_floor":[68,68,68,68,68,68,68,68,68,68,68,68,68,68,68,68,68,68,68,68,68,68,68,68,68,68,68,68,68,68],"relic_stats":{"counters":[14,61],"Magic Flower":[22],"Pen Nib":[8],"PreservedInsect":0,"Smiling Mask":25,"Question Card":1,"obtain_stats":[{"Anchor":23,"Vajra":9,"Magic Flower":19,"Philosopher\u0027s Stone":17,"Pen Nib":7,"PreservedInsect":28,"Smiling Mask":2,"Question Card":25,"Burning Blood":0,"Toy Ornithopter":10,"Paper Frog":26},{"Anchor":12,"Vajra":4,"Magic Flower":10,"Philosopher\u0027s Stone":9,"Pen Nib":4,"PreservedInsect":13,"Smiling Mask":1,"Question Card":12,"Burning Blood":0,"Toy Ornithopter":5,"Paper Frog":12},{"Anchor":53,"Vajra":15,"Magic Flower":46,"Philosopher\u0027s Stone":42,"Pen Nib":15,"PreservedInsect":58,"Smiling Mask":3,"Question Card":53,"Burning Blood":0,"Toy Ornithopter":22,"Paper Frog":53}],"Burning Blood":81,"Toy Ornithopter":16},"card_choices":[{"not_picked":["Combust","Dropkick"],"picked":"Cleave","floor":1},{"not_picked":["Uppercut","Heavy Blade"],"picked":"Clothesline","floor":3},{"not_picked":["Havoc","Second Wind","Clothesline"],"picked":"SKIP","floor":5},{"not_picked":["Intimidate","Hemokinesis"],"picked":"True Grit","floor":7},{"not_picked":["Warcry","Iron Wave","Perfected Strike"],"picked":"SKIP","floor":10},{"not_picked":["Seeing Red","Rupture"],"picked":"Blood for Blood","floor":11},{"not_picked":["Uppercut","Twin Strike","Clothesline"],"picked":"SKIP","floor":13},{"not_picked":["Wild Strike","Bloodletting","Armaments"],"picked":"SKIP","floor":14},{"not_picked":["Double Tap","Berserk"],"picked":"Immolate","floor":16},{"not_picked":["Dark Embrace","Thunderclap","Havoc"],"picked":"SKIP","floor":18},{"not_picked":["Shrug It Off","Infernal Blade","Cleave+1"],"picked":"SKIP","floor":21},{"not_picked":["Infernal Blade","Cleave+1"],"picked":"Shrug It Off","floor":21},{"not_picked":["Iron Wave","Wild Strike+1"],"picked":"Double Tap","floor":23},{"not_picked":["Seeing Red","Body Slam","Clash","Perfected Strike+1"],"picked":"SKIP","floor":28}],"player_experience":367834,"relics_obtained":[{"floor":2,"key":"Smiling Mask"},{"floor":7,"key":"Pen Nib"},{"floor":9,"key":"Vajra"},{"floor":10,"key":"Toy Ornithopter"},{"floor":23,"key":"Anchor"},{"floor":26,"key":"Paper Frog"},{"floor":28,"key":"PreservedInsect"}],"event_choices":[{"cards_removed":["Strike_R"],"damage_healed":0,"gold_gain":0,"player_choice":"Offered Basic","damage_taken":0,"max_hp_gain":0,"max_hp_loss":0,"event_name":"Bonfire Elementals","floor":4,"gold_loss":0},{"damage_healed":0,"gold_gain":50,"player_choice":"Pray","damage_taken":0,"max_hp_gain":0,"max_hp_loss":0,"event_name":"Golden Shrine","floor":20,"gold_loss":0},{"damage_healed":0,"gold_gain":0,"player_choice":"Opened","damage_taken":0,"relics_obtained":["Question Card"],"max_hp_gain":0,"max_hp_loss":0,"event_name":"The Mausoleum","floor":25,"gold_loss":0,"cards_obtained":["Writhe"]}],"is_beta":false,"boss_relics":[{"not_picked":["SacredBark","Busted Crown"],"picked":"Philosopher\u0027s Stone"}],"items_purged_floors":[22],"is_endless":false,"potions_floor_spawned":[1,7,11,13,18,28],"killed_by":"Shelled Parasite and Fungi","ascension_level":15}}