{"host":"5z7rhcocprldured","time":1613088892,"event":{"mods":["2.2 Compatiblity","AchievementEnabler","BaseMod","Best Route Mod","Better Altar","Better Match","Better Note","Better Sensory Stone","Better Skull","Better Third Choice","BetterRewards","Block Reminder","Colored Map","Colored Powertips","Emptier Cage","Googly Eyes","Hermit","Marisa????????","Minty Spire (QoL Compilation)","Permanent Neow","Potionbrewer","Rare Cards Sparkle","StSLib","Synergy Search","The Cursed","The Hierophant","The Runesmith","Unceasing Turn Reminder"],"gold_per_floor":[110,60,60,73,87,87,6,6,85,152,152,162,174,192,192,292,292,292,53,53,53,53,53,53,53,53,53,53,53,53,53,53,53,53,53,53,53,53,53,53,53,53,53,53,53,53,53,53,53,53],"floor_reached":51,"language":"ENG","playtime":2625,"items_purged":["Strike_G"],"score":992,"play_id":"4e1b7b50-de66-46fa-a3a3-5f0ed3ad29b2","local_time":"20210212001452","is_ascension_mode":false,"campfire_choices":[{"data":"Caltrops","floor":6,"key":"SMITH"},{"data":"Footwork","floor":8,"key":"SMITH"},{"data":"Deadly Poison","floor":11,"key":"SMITH"},{"data":"After Image","floor":15,"key":"SMITH"},{"data":"Cloak And Dagger","floor":23,"key":"SMITH"},{"data":"Catalyst","floor":28,"key":"SMITH"},{"floor":32,"key":"REST"},{"data":"Deadly Poison","floor":40,"key":"SMITH"},{"data":"Venomology","floor":42,"key":"SMITH"},{"data":"Infinite Blades","floor":44,"key":"SMITH"},{"floor":49,"key":"REST"}],"circlet_count":0,"master_deck":["Strike_G","Strike_G","Strike_G","Strike_G","Defend_G","Defend_G","Defend_G","Defend_G","Survivor","Neutralize","Caltrops+1","Prepared","Backflip","Flying Knee","Cloak And Dagger+1","Footwork+1","Deadly Poison+1","Infinite Blades+1","PiercingWail","After Image+1","Die Die Die","Skewer+1","Backflip+1","After Image+1","Cloak And Dagger","Catalyst+1","Deadly Poison+1","A Thousand Cuts+1","Blade Dance","Deadly Poison+1","Venomology+1","Blade Dance+1","Slice+1","Prepared+1","Backstab+1","Caltrops+1","Blade Dance","Blade Dance","Deadly Poison"],"relics":["Ring of the Serpent","Turnip","SsserpentHead","Meat on the Bone","Ectoplasm","Question Card","Frozen Egg 2","CeramicFish","Molten Egg 2","potionbrewer:AlchemistFlask"],"acts_visited":["TheCity","TheBeyond"],"potions_floor_usage":[36,38,39,45,46,47,48,50,50],"damage_taken":[{"damage":0,"enemies":"Jaw Worm","floor":1,"turns":6},{"damage":1,"enemies":"Cultist","floor":4,"turns":4},{"damage":2,"enemies":"2 Louse","floor":5,"turns":4},{"damage":13,"enemies":"2 Fungi Beasts","floor":10,"turns":5},{"damage":33,"enemies":"Gremlin Gang","floor":12,"turns":4},{"damage":6,"enemies":"3 Louse","floor":13,"turns":3},{"damage":5,"enemies":"Lots of Slimes","floor":14,"turns":5},{"damage":14,"enemies":"Slime Boss","floor":16,"turns":14},{"damage":1,"enemies":"Chosen","floor":18,"turns":6},{"damage":7,"enemies":"Spheric Guardian","floor":20,"turns":5},{"damage":11,"enemies":"Cultist and Chosen","floor":22,"turns":6},{"damage":32,"enemies":"Gremlin Leader","floor":24,"turns":9},{"damage":0,"enemies":"3 Cultists","floor":25,"turns":5},{"damage":2,"enemies":"Shelled Parasite and Fungi","floor":27,"turns":5},{"damage":0,"enemies":"Centurion and Healer","floor":30,"turns":6},{"damage":12,"enemies":"Book of Stabbing","floor":31,"turns":5},{"damage":12,"enemies":"Collector","floor":33,"turns":8},{"damage":4,"enemies":"Orb Walker","floor":35,"turns":3},{"damage":5,"enemies":"3 Shapes","floor":36,"turns":4},{"damage":2,"enemies":"3 Darklings","floor":38,"turns":6},{"damage":18,"enemies":"Spire Growth","floor":39,"turns":5},{"damage":7,"enemies":"4 Shapes","floor":41,"turns":6},{"damage":9,"enemies":"Writhing Mass","floor":45,"turns":5},{"damage":0,"enemies":"Maw","floor":46,"turns":5},{"damage":18,"enemies":"Giant Head","floor":47,"turns":7},{"damage":3,"enemies":"Transient","floor":48,"turns":5},{"damage":32,"enemies":"Donu and Deca","floor":50,"turns":9}],"seed_played":"6803533546485305132","potions_obtained":[{"floor":10,"key":"potionbrewer:AcidPotion"},{"floor":13,"key":"Strength Potion"},{"floor":14,"key":"potionbrewer:ToxicPotion"},{"floor":33,"key":"potionbrewer:EndurancePotion"},{"floor":39,"key":"ColorlessPotion"},{"floor":46,"key":"FairyPotion"}],"is_trial":false,"path_per_floor":["M","?","?","M","M","R","$","R","T","M","R","M","M","M","R","B",null,"M","$","M","?","M","R","E","M","T","M","R","?","M","E","R","B",null,"M","M","?","M","M","R","M","R","T","R","M","M","E","M","R","B",null],"character_chosen":"THE_SILENT","items_purchased":["Caltrops","Prepared","Footwork","Question Card"],"campfire_rested":2,"item_purchase_floors":[0,0,7,19],"current_hp_per_floor":[70,70,70,69,67,67,67,67,67,54,54,33,39,46,46,44,70,69,69,62,62,51,51,31,43,43,41,41,41,41,41,62,50,70,66,61,61,59,41,41,46,46,46,46,37,37,31,40,61,41],"gold":53,"neow_bonus":"","is_daily":false,"chose_seed":false,"campfire_upgraded":9,"win_rate":0.0,"timestamp":1613088892,"path_taken":["M","?","?","M","M","R","$","R","T","?","R","M","M","M","R","BOSS","M","?","M","?","M","R","E","M","T","M","R","?","M","E","R","BOSS","M","?","?","?","M","R","M","R","T","R","M","M","E","M","R","BOSS"],"items_purchased_type":["Card","Card","Card","Relic"],"build_version":"2020-12-22","purchased_purges":1,"victory":true,"max_hp_per_floor":[70,70,70,70,70,70,70,70,70,70,70,70,70,70,70,70,70,70,70,70,70,70,70,70,70,70,70,70,70,70,70,70,70,70,70,70,70,70,70,70,70,70,70,70,70,70,70,70,70,70],"card_choices":[{"not_picked":["Quick Slash","Distraction"],"picked":"Backflip","floor":1},{"not_picked":["Calculated Gamble","Blade Dance"],"picked":"Flying Knee","floor":4},{"not_picked":["Flying Knee","Deflect"],"picked":"Cloak And Dagger","floor":5},{"not_picked":["PiercingWail","Dagger Spray"],"picked":"Deadly Poison","floor":10},{"not_picked":["Prepared","Slice"],"picked":"Infinite Blades","floor":12},{"not_picked":["Heel Hook","Slice"],"picked":"PiercingWail","floor":13},{"not_picked":["Outmaneuver","Acrobatics"],"picked":"After Image","floor":14},{"not_picked":["Malaise","Unload"],"picked":"Die Die Die","floor":16},{"not_picked":["Dagger Throw","Setup"],"picked":"Skewer+1","floor":18},{"not_picked":["Bane+1","Deflect","Flying Knee"],"picked":"Backflip+1","floor":20},{"not_picked":["Skewer+1","Deflect","Quick Slash+1"],"picked":"Cloak And Dagger","floor":22},{"not_picked":["Acrobatics+1","Quick Slash","Outmaneuver"],"picked":"Catalyst","floor":24},{"not_picked":["Eviscerate","Flying Knee","Outmaneuver+1"],"picked":"Deadly Poison+1","floor":25},{"not_picked":["PiercingWail","Flying Knee+1","Finisher"],"picked":"A Thousand Cuts+1","floor":27},{"not_picked":["Bane","Dagger Throw","Backflip"],"picked":"Blade Dance","floor":30},{"not_picked":["Dagger Throw+1","Escape Plan","Heel Hook+1"],"picked":"Deadly Poison","floor":31},{"not_picked":["Phantasmal Killer","Doppelganger","Unload+1"],"picked":"Venomology","floor":33},{"not_picked":["Eviscerate+1","Deadly Poison","All Out Attack+1"],"picked":"Blade Dance+1","floor":35},{"not_picked":["Blade Dance","Quick Slash+1","Prepared+1"],"picked":"Slice+1","floor":36},{"not_picked":["Underhanded Strike+1","Blade Dance","Poisoned Stab+1"],"picked":"Prepared+1","floor":38},{"not_picked":["Prepared+1","Dagger Throw+1","Glass Knife+1"],"picked":"Backstab+1","floor":39},{"not_picked":["Outmaneuver","PiercingWail+1","Quick Slash+1"],"picked":"Caltrops+1","floor":41},{"not_picked":["Distraction+1","Deflect","Underhanded Strike+1"],"picked":"Blade Dance","floor":45},{"not_picked":["Cloak And Dagger","Underhanded Strike+1","Flying Knee+1"],"picked":"Blade Dance","floor":46},{"not_picked":["Flechettes+1","Acrobatics+1","Dagger Spray+1","Tools of the Trade+1"],"picked":"SKIP","floor":47},{"not_picked":["Prepared","Flying Knee+1","Sucker Punch+1"],"picked":"Deadly Poison","floor":48}],"player_experience":178077,"relics_obtained":[{"floor":9,"key":"Meat on the Bone"},{"floor":24,"key":"Frozen Egg 2"},{"floor":26,"key":"CeramicFish"},{"floor":31,"key":"Molten Egg 2"},{"floor":47,"key":"potionbrewer:AlchemistFlask"}],"event_choices":[{"cards_removed":["Defend_G"],"damage_healed":0,"gold_gain":0,"player_choice":"Card Removal","damage_taken":0,"max_hp_gain":0,"max_hp_loss":0,"event_name":"The Cleric","floor":2,"gold_loss":50},{"damage_healed":0,"gold_gain":0,"player_choice":"Trade","damage_taken":0,"relics_obtained":["SsserpentHead"],"max_hp_gain":0,"max_hp_loss":0,"event_name":"FaceTrader","floor":3,"gold_loss":0},{"damage_healed":0,"gold_gain":0,"player_choice":"Copied","damage_taken":0,"max_hp_gain":0,"max_hp_loss":0,"event_name":"Duplicator","floor":21,"gold_loss":0,"cards_obtained":["After Image"]},{"damage_healed":0,"gold_gain":0,"player_choice":"Bought 0 Potions","damage_taken":0,"max_hp_gain":0,"max_hp_loss":0,"event_name":"The Woman in Blue","floor":29,"gold_loss":0},{"damage_healed":0,"gold_gain":0,"player_choice":"Ignored","damage_taken":0,"max_hp_gain":0,"max_hp_loss":0,"event_name":"Golden Shrine","floor":37,"gold_loss":0}],"is_beta":false,"boss_relics":[{"not_picked":["Black Star","Busted Crown"],"picked":"Ectoplasm"},{"not_picked":["Sozu","Calling Bell"],"picked":"Ring of the Serpent"}],"items_purged_floors":[0],"is_endless":false,"potions_floor_spawned":[10,13,14,20,24,33,36,39,46],"ascension_level":0}}