{"host":"65a95dzim48ko8ke","time":1613115393,"event":{"mods":["AchievementEnabler","Aspiration","BaseMod","Block Reminder","Bossed Relics","Colored Powertips","Conspire","Curses Come First","DeckTracker","Energized Spire","Halation","Hubris","Jedi Mod","Minty Spire (QoL Compilation)","MostiFishMod","Permanent Neow","Quick Restart","Random Character Button","Rare Cards Sparkle","Relic Sorter","Reliquary","Replay The Spire","RumiaBox-òIïƒ?ìIê_îÈ·¥éq","Spicy Shops","StSLib","Synergy Search","TestMod","The Blue Laboratory","The IronCluck","Trackpad","Åy?ï®?îvÅzREMEMod"],"gold_per_floor":[118,118,129,129,129,129,207,207,233,340,340,38,72,101,101,222,222,242,267,36,36,36,89,89,133,133,170,170,213,240,280,280,280,280,396,396,423,11,111,181,204,254,89,134,134,78,13,39,86,110,110,131,131,131,37,73,103],"floor_reached":58,"language":"ENG","playtime":6589,"items_purged":["Injury","Strike_R","Strike_R+1"],"score":1926,"play_id":"9b0c9828-f552-4ae6-86d6-dd5be964df39","local_time":"20210212163633","is_ascension_mode":true,"campfire_choices":[{"data":"Bash","floor":6.0,"key":"SMITH"},{"data":"conspire:ExplosiveBarrier","floor":8.0,"key":"SMITH"},{"data":"Defend_R","floor":11.0,"key":"SMITH"},{"data":"Strike_R","floor":15.0,"key":"PURGE"},{"data":"MostiFishMod:Neurotoxin","floor":26.0,"key":"SMITH"},{"floor":34.0,"key":"RECALL"},{"data":"Body Slam","floor":51.0,"key":"SMITH"},{"data":"Bludgeon","floor":54.0,"key":"SMITH"}],"circlet_count":0,"master_deck":["AscendersBane","Strike_R+1","Strike_R+1","Defend_R+1","Defend_R+1","Defend_R+1","Defend_R+1","Bash+1","conspire:ExplosiveBarrier+1","Flame Barrier+1","Replay:Many Hands+1","Armaments+1","Battle Trance+1","REME_ACTH+1","Body Slam+1","Bludgeon+1","Outmaneuver+1","Blade Dance+1","Shrug It Off+1","Deflect+1","REME_Scribble+1","MostiFishMod:Neurotoxin+1","conspire:PoisonWeapons+1","Cloak And Dagger+1","Riddle With Holes+1","Whirlwind+1","MostiFishMod:Chiaki+1","Backflip+1","MostiFishMod:WinterMarkForm","Acrobatics+1","REME_PuzzleBox+1","Fiend Fire","Reflex+1","MostiFishMod:PerfectParry+1","Parasite","Headbutt","conspire:PoisonWeapons+1","Prepared+1","testmod-EternalityOfKhronos+1","jedi:pocketpoison+1"],"relics":["Burning Blood","testmod-TestBox","REME_ComplimentaryCards","DaveBox","aspiration:Nostalgia","Cracked Core","Toxic Egg 2","hubris:Towel","REME_ArchaeologicalTools","Pet Ghost","Vajra","jedi:HeartOfTheCards","Oddly Smooth Stone","halation:SelfBoilingWater","aspiration:SilentSkillbook","Replay:Baseball","testmod-BlackFramedGlasses","reliquary:BoilingFlask","Tiny Chest","Centennial Puzzle","reliquary:RoseTintedGlasses","conspire:RoyalGoblet","Turnip","Blue Candle","Replay:WaspNest","GodSword1","reliquary:NewFriend","halation:KoshaPiece","trackpad:GuardianSpirit"],"acts_visited":["Exordium","TheCity","TheBeyond","TheEnding"],"potions_floor_usage":[57,57,57],"damage_taken":[{"damage":3.0,"enemies":"conspire:RoseBush","floor":1.0,"turns":5.0},{"damage":1.0,"enemies":"2 Louse","floor":3.0,"turns":4.0},{"damage":40.0,"enemies":"Lagavulin","floor":7.0,"turns":8.0},{"damage":10.0,"enemies":"3 Sentries","floor":10.0,"turns":9.0},{"damage":6.0,"enemies":"Lagavulin","floor":13.0,"turns":5.0},{"damage":0.0,"enemies":"Small Slimes","floor":14.0,"turns":2.0},{"damage":2.0,"enemies":"Fading Forest","floor":16.0,"turns":11.0},{"damage":0.0,"enemies":"conspire:FuzzyDice","floor":18.0,"turns":6.0},{"damage":0.0,"enemies":"3 Byrds","floor":19.0,"turns":1.0},{"damage":1.0,"enemies":"Cultist and Chosen","floor":23.0,"turns":4.0},{"damage":10.0,"enemies":"Gremlin Leader","floor":25.0,"turns":4.0},{"damage":3.0,"enemies":"Book of Stabbing","floor":27.0,"turns":2.0},{"damage":5.0,"enemies":"conspire:SneckoGhost","floor":29.0,"turns":4.0},{"damage":0.0,"enemies":"Snake Plant","floor":30.0,"turns":2.0},{"damage":3.0,"enemies":"Book of Stabbing","floor":31.0,"turns":2.0},{"damage":4.0,"enemies":"conspire:MysteriousRune","floor":35.0,"turns":4.0},{"damage":3.0,"enemies":"3 Darklings","floor":37.0,"turns":2.0},{"damage":3.0,"enemies":"3 Shapes","floor":41.0,"turns":3.0},{"damage":8.0,"enemies":"R_Hoarder","floor":42.0,"turns":4.0},{"damage":4.0,"enemies":"Reptomancer","floor":44.0,"turns":2.0},{"damage":2.0,"enemies":"R_Hoarder","floor":46.0,"turns":2.0},{"damage":17.0,"enemies":"Writhing Mass","floor":48.0,"turns":5.0},{"damage":0.0,"enemies":"Nemesis","floor":49.0,"turns":3.0},{"damage":9.0,"enemies":"Jaw Worm Horde","floor":50.0,"turns":2.0},{"damage":13.0,"enemies":"Replay:Hell Engine","floor":52.0,"turns":5.0},{"damage":6,"enemies":"Shield and Spear","floor":56,"turns":3},{"damage":41,"enemies":"The Heart","floor":57,"turns":5}],"seed_played":"-7864043964874245389","potions_obtained":[{"floor":1.0,"key":"blueLaboratory:Moonshine"},{"floor":7.0,"key":"blueLaboratory:HorrorPotion"},{"floor":13.0,"key":"SteroidPotion"},{"floor":18.0,"key":"blueLaboratory:NullPotion"},{"floor":25.0,"key":"Explosive Potion"},{"floor":30.0,"key":"Dexterity Potion"},{"floor":31.0,"key":"blueLaboratory:Moonshine"},{"floor":35.0,"key":"blueLaboratory:BottleOfRum"},{"floor":41.0,"key":"Cursed Concoction"},{"floor":49.0,"key":"blueLaboratory:FruitPunch"},{"floor":50.0,"key":"BlessingOfTheForge"}],"is_trial":false,"path_per_floor":["M","?","M","?","T","R","E","R","T","E","R","$","E","M","R","B",null,"M","M","$","PTL","PTL","M","?","E","R","E","T","E","M","E","?","?","R","B",null,"M","$","?","T","M","E","$","E","T","E","$","M","E","M","R","B",null,"R","$","E","B",null],"character_chosen":"IRONCLAD","items_purchased":["Oddly Smooth Stone","Battle Trance+1","Shrug It Off+1","Deflect+1","Turnip","REME_PuzzleBox+1","MostiFishMod:PerfectParry+1","testmod-EternalityOfKhronos+1","LiquidMemories"],"campfire_rested":0,"item_purchase_floors":[12,12,20,20,38,43,47,55,55],"current_hp_per_floor":[75,75,80,80,80,80,46,46,46,42,42,42,42,48,48,52,73,79,80,80,80,80,80,80,79,79,85,85,89,89,92,92,92,92,95,95,98,98,98,98,101,104,104,107,107,107,107,101,110,113,113,115,117,117,117,118,87],"gold":103,"neow_bonus":"NOSTALGIA","is_daily":false,"chose_seed":false,"campfire_upgraded":6,"win_rate":0.0,"timestamp":1613115393,"path_taken":["M","?","M","?","?","R","E","R","T","E","R","?","E","M","R","BOSS","M","?","$","PTL","PTL","M","?","E","R","E","T","E","M","E","?","?","R","BOSS","M","$","?","?","M","E","?","E","T","E","$","M","E","M","R","BOSS","R","$","E","BOSS"],"items_purchased_type":["Relic","Card","Card","Card","Relic","Card","Card","Card","Potion"],"build_version":"2020-12-22","purchased_purges":3,"victory":true,"max_hp_per_floor":[80,80,80,80,80,80,80,80,80,80,80,80,80,80,80,80,80,80,80,80,80,80,80,80,83,83,86,86,89,89,92,92,92,92,95,95,98,98,98,98,101,104,104,107,107,107,107,110,110,115,115,118,118,118,118,118,118],"card_choices":[{"not_picked":["Havoc","Dual Wield"],"picked":"conspire:ExplosiveBarrier","floor":1.0},{"not_picked":["hubris:SharpeningStone+1","Power Through+1"],"picked":"Flame Barrier+1","floor":3.0},{"not_picked":["hubris:ReadiedAction+1","ReplayTheSpireMod:Strike From Hell"],"picked":"Replay:Many Hands+1","floor":7.0},{"not_picked":["Rage+1","Replay:Undeath\u0027s Touch"],"picked":"Armaments+1","floor":10.0},{"not_picked":["Blood for Blood","Iron Wave"],"picked":"REME_ACTH+1","floor":13.0},{"not_picked":["Thunderclap","Run Through"],"picked":"Body Slam","floor":14.0},{"not_picked":["MostiFishMod:KnuckleDown+1","MostiFishMod:NewArrival+1"],"picked":"Bludgeon","floor":16.0},{"not_picked":["Run Through+1","Crippling Poison+1","Twin Strike"],"picked":"Outmaneuver+1","floor":18.0},{"not_picked":["Setup+1","Armaments+1","REME_ShadowForm"],"picked":"Blade Dance+1","floor":19.0},{"not_picked":["Cleave+1","jedi:collectorstrike+1","True Grit+1"],"picked":"REME_Scribble+1","floor":23.0},{"not_picked":["True Grit+1","Defy Death+1","hubris:ReadiedAction+1"],"picked":"MostiFishMod:Neurotoxin","floor":25.0},{"not_picked":["Sucker Punch","Corruption","Blur+1"],"picked":"conspire:PoisonWeapons+1","floor":27.0},{"not_picked":["Run Through","Choke+1","Twin Strike"],"picked":"Cloak And Dagger+1","floor":29.0},{"not_picked":["Replay:Poison Smokescreen+1","Finisher","Quick Slash+1"],"picked":"Riddle With Holes+1","floor":30.0},{"not_picked":["Life Link","Heavy Blade","Reckless Charge+1"],"picked":"Whirlwind+1","floor":31.0},{"not_picked":["MostiFishMod:LethalBlade","Atom Bomb","MostiFishMod:ShivMaster"],"picked":"MostiFishMod:Chiaki+1","floor":35.0},{"not_picked":["All Out Attack+1","jedi:pocketpoison+1","Cloak And Dagger+1"],"picked":"Backflip+1","floor":37.0},{"not_picked":["Armaments+1","REME_SingleHolding+1","Fluid Movement+1"],"picked":"MostiFishMod:WinterMarkForm","floor":41.0},{"not_picked":["Underhanded Strike+1","Cloak And Dagger+1","True Grit+1"],"picked":"Acrobatics+1","floor":42.0},{"not_picked":["Armaments+1","MostiFishMod:FrostNova+1","conspire:ExplosiveBarrier+1"],"picked":"Fiend Fire","floor":44.0},{"not_picked":["Dagger Spray","Replay:Many Hands+1","Clothesline"],"picked":"Reflex+1","floor":46.0},{"not_picked":["Flying Knee","Blade Dance+1","Entrench+1"],"picked":"Headbutt","floor":48.0},{"not_picked":["Clothesline+1","Poisoned Stab+1","Corruption"],"picked":"conspire:PoisonWeapons+1","floor":49.0},{"not_picked":["Cloak And Dagger+1","Clash","Slice"],"picked":"Prepared+1","floor":50.0},{"not_picked":["ReplayTheSpireMod:Strike From Hell","hubris:TrickCloak+1","Predator"],"picked":"jedi:pocketpoison+1","floor":56}],"player_experience":399052,"relics_obtained":[{"floor":5.0,"key":"REME_ArchaeologicalTools"},{"floor":7.0,"key":"Pet Ghost"},{"floor":9.0,"key":"Vajra"},{"floor":10.0,"key":"jedi:HeartOfTheCards"},{"floor":13.0,"key":"halation:SelfBoilingWater"},{"floor":25.0,"key":"Replay:Baseball"},{"floor":27.0,"key":"testmod-BlackFramedGlasses"},{"floor":28.0,"key":"reliquary:BoilingFlask"},{"floor":29.0,"key":"Tiny Chest"},{"floor":31.0,"key":"Centennial Puzzle"},{"floor":42.0,"key":"Blue Candle"},{"floor":44.0,"key":"Replay:WaspNest"},{"floor":45.0,"key":"GodSword1"},{"floor":46.0,"key":"reliquary:NewFriend"},{"floor":49.0,"key":"halation:KoshaPiece"},{"floor":56,"key":"trackpad:GuardianSpirit"}],"event_choices":[{"damage_healed":0.0,"max_hp_gain":0.0,"max_hp_loss":0.0,"gold_gain":0.0,"event_name":"Back to Basics","player_choice":"Simplicity","floor":24.0,"gold_loss":0.0,"damage_taken":0.0,"cards_upgraded":["Strike_R","Strike_R","Strike_R","Defend_R","Defend_R","Defend_R"]},{"damage_healed":0.0,"max_hp_gain":0.0,"max_hp_loss":0.0,"gold_gain":0.0,"event_name":"Vampires","player_choice":"Ignored","floor":33.0,"gold_loss":0.0,"damage_taken":0.0},{"damage_healed":0.0,"max_hp_gain":0.0,"max_hp_loss":0.0,"gold_gain":100.0,"event_name":"Golden Shrine","player_choice":"Pray","floor":39.0,"gold_loss":0.0,"damage_taken":0.0}],"is_beta":false,"boss_relics":[{"not_picked":["hubris:HollowSoul","Runic Cube"],"picked":"aspiration:SilentSkillbook"},{"not_picked":["testmod-Fanaticism","energizedSpire:SpiderWeb"],"picked":"conspire:RoyalGoblet"}],"items_purged_floors":[12,20,38],"is_endless":false,"potions_floor_spawned":[1,7,13,18,25,30,31,35,37,41,49,50],"ascension_level":10}}