{"host":"Fun","time":1613141238,"event":{"mods":["BaseMod","Colored Map","Minty Spire (QoL Compilation)","Relic Stats","StSLib"],"gold_per_floor":[11,11,11,11,24,24,56,113,159,159,170,189,48,74,74,146,146,161,161,86,101,101,130,130,157,180,196,215,215,57,74,74,147,147,163,163,63,83,95,127,97,129,152,175,187,212,4,18,18,18,18,18],"floor_reached":51,"language":"ENG","playtime":4207,"items_purged":["Strike_G","Choke+1"],"score":1510,"play_id":"a9fe95d6-b5b0-467b-bcb8-6b97609d26c8","local_time":"20210212094718","is_ascension_mode":true,"campfire_choices":[{"data":"Blade Dance","floor":6,"key":"SMITH"},{"data":"Noxious Fumes","floor":10,"key":"SMITH"},{"data":"Footwork","floor":15,"key":"SMITH"},{"floor":24,"key":"REST"},{"data":"Well Laid Plans","floor":29,"key":"SMITH"},{"floor":32,"key":"REST"},{"floor":45,"key":"REST"},{"floor":49,"key":"REST"}],"circlet_count":0,"master_deck":["AscendersBane","Strike_G","Defend_G","Defend_G","Defend_G","Defend_G","Defend_G","Survivor","Neutralize","The Bomb","Predator+1","Blade Dance+1","Noxious Fumes+1","Sucker Punch","Crippling Poison","Well Laid Plans+1","Footwork+1","Deflect","Adrenaline","Distraction+1","Footwork+1","Footwork","Backflip","Phantasmal Killer","Catalyst+1","Calculated Gamble+1","PiercingWail","Cloak And Dagger+1","Catalyst","Dodge and Roll+1","Crippling Poison+1","Cloak And Dagger+1","Apotheosis","Footwork","Corpse Explosion"],"relics":["Ring of the Snake","WarpedTongs","Toy Ornithopter","Pocketwatch","Vajra","Regal Pillow","Philosopher\u0027s Stone","Happy Flower","Pear","Potion Belt","Medical Kit","Astrolabe","PreservedInsect","Oddly Smooth Stone","MawBank"],"acts_visited":["Exordium","TheCity","TheBeyond"],"potions_floor_usage":[8,8,18,25,39,39,39,42,46,48,49,51],"damage_taken":[{"damage":7,"enemies":"Small Slimes","floor":1,"turns":4},{"damage":0,"enemies":"2 Louse","floor":5,"turns":3},{"damage":6,"enemies":"Gremlin Nob","floor":7,"turns":3},{"damage":28,"enemies":"Gremlin Nob","floor":8,"turns":4},{"damage":0,"enemies":"Cultist","floor":11,"turns":2},{"damage":0,"enemies":"Exordium Wildlife","floor":12,"turns":3},{"damage":5,"enemies":"Lagavulin","floor":14,"turns":6},{"damage":7,"enemies":"Hexaghost","floor":16,"turns":9},{"damage":11,"enemies":"3 Byrds","floor":18,"turns":5},{"damage":1,"enemies":"Spheric Guardian","floor":21,"turns":4},{"damage":27,"enemies":"Book of Stabbing","floor":23,"turns":7},{"damage":31,"enemies":"Gremlin Leader","floor":25,"turns":5},{"damage":6,"enemies":"Snake Plant","floor":27,"turns":4},{"damage":0,"enemies":"Centurion and Healer","floor":28,"turns":7},{"damage":22,"enemies":"Snecko","floor":31,"turns":4},{"damage":10,"enemies":"Champ","floor":33,"turns":14},{"damage":0,"enemies":"Orb Walker","floor":35,"turns":3},{"damage":1,"enemies":"3 Darklings","floor":38,"turns":6},{"damage":15,"enemies":"4 Shapes","floor":39,"turns":7},{"damage":27,"enemies":"Nemesis","floor":40,"turns":11},{"damage":20,"enemies":"Giant Head","floor":42,"turns":8},{"damage":14,"enemies":"Transient","floor":44,"turns":6},{"damage":5,"enemies":"3 Darklings","floor":46,"turns":7},{"damage":12,"enemies":"Jaw Worm Horde","floor":48,"turns":5},{"damage":42,"enemies":"Donu and Deca","floor":50,"turns":8},{"damage":46,"enemies":"Awakened One","floor":51,"turns":9}],"seed_played":"-2112908195546328561","potions_obtained":[{"floor":5,"key":"EntropicBrew"},{"floor":8,"key":"SneckoOil"},{"floor":11,"key":"Fire Potion"},{"floor":16,"key":"BlessingOfTheForge"},{"floor":22,"key":"Poison Potion"},{"floor":23,"key":"Explosive Potion"},{"floor":25,"key":"ColorlessPotion"},{"floor":27,"key":"SteroidPotion"},{"floor":38,"key":"Regen Potion"},{"floor":39,"key":"Energy Potion"},{"floor":41,"key":"Regen Potion"},{"floor":41,"key":"SkillPotion"},{"floor":42,"key":"LiquidMemories"},{"floor":44,"key":"Fruit Juice"}],"is_trial":false,"path_per_floor":["M","?","?","?","M","R","E","?","T","R","M","M","$","E","R","B",null,"M","?","$","M","?","E","R","E","T","M","M","R","$","M","R","B",null,"M","?","$","M","M","E","?","E","T","M","R","M","$","M","R","B","B"],"character_chosen":"THE_SILENT","items_purchased":["Footwork","Deflect","Medical Kit","Apotheosis","Footwork"],"campfire_rested":4,"item_purchase_floors":[13,13,30,47,47],"current_hp_per_floor":[52,52,57,57,57,57,51,33,33,33,33,33,33,28,28,21,59,53,53,53,52,52,25,61,45,45,39,39,39,39,17,56,46,72,72,72,72,71,77,50,50,49,49,35,73,72,72,65,82,40,0,0],"gold":18,"neow_bonus":"RANDOM_COLORLESS_2","is_daily":false,"chose_seed":false,"campfire_upgraded":4,"win_rate":0.0,"timestamp":1613141238,"path_taken":["M","?","?","?","M","R","E","?","T","R","M","M","$","E","R","BOSS","M","?","$","?","?","E","R","E","T","M","?","R","$","M","R","BOSS","M","?","$","M","M","E","?","E","T","M","R","?","?","M","R","BOSS","BOSS"],"items_purchased_type":["Card","Card","Relic","Card","Card"],"build_version":"2020-12-18","purchased_purges":2,"victory":false,"max_hp_per_floor":[66,66,71,71,71,71,71,71,71,71,71,71,71,71,71,71,71,71,71,71,71,71,71,71,81,81,81,81,81,81,81,81,81,81,81,77,77,77,77,77,77,77,77,77,77,77,77,77,82,82,82,82],"relic_stats":{"Regal Pillow":45,"Happy Flower":[34],"counters":[26,154],"Astrolabe":["Catalyst","Calculated Gamble","Choke"],"PreservedInsect":130,"Medical Kit":[12],"MawBank":48,"obtain_stats":[{"Potion Belt":26,"Regal Pillow":14,"Pear":25,"Happy Flower":23,"Astrolabe":34,"Vajra":9,"Oddly Smooth Stone":42,"PreservedInsect":40,"Medical Kit":30,"MawBank":43,"WarpedTongs":0,"Philosopher\u0027s Stone":17,"Toy Ornithopter":7,"Ring of the Snake":0,"Pocketwatch":8},{"Potion Belt":12,"Regal Pillow":7,"Pear":12,"Happy Flower":11,"Astrolabe":16,"Vajra":4,"Oddly Smooth Stone":21,"PreservedInsect":20,"Medical Kit":14,"MawBank":21,"WarpedTongs":0,"Philosopher\u0027s Stone":8,"Toy Ornithopter":3,"Ring of the Snake":0,"Pocketwatch":4},{"Potion Belt":55,"Regal Pillow":25,"Pear":55,"Happy Flower":50,"Astrolabe":84,"Vajra":14,"Oddly Smooth Stone":119,"PreservedInsect":111,"Medical Kit":66,"MawBank":119,"WarpedTongs":0,"Philosopher\u0027s Stone":34,"Toy Ornithopter":10,"Ring of the Snake":0,"Pocketwatch":14}],"Toy Ornithopter":54,"Ring of the Snake":[52],"WarpedTongs":[137],"Pocketwatch":[84]},"card_choices":[{"not_picked":["Transmutation","Thinking Ahead"],"picked":"The Bomb","floor":0},{"not_picked":["Cloak And Dagger","Sucker Punch"],"picked":"Predator","floor":1},{"not_picked":["Caltrops","Slice"],"picked":"Blade Dance","floor":5},{"not_picked":["Infinite Blades","Calculated Gamble"],"picked":"Noxious Fumes","floor":7},{"not_picked":["Outmaneuver","Cloak And Dagger"],"picked":"Sucker Punch","floor":8},{"not_picked":["Heel Hook","Underhanded Strike"],"picked":"Crippling Poison","floor":11},{"not_picked":["Backstab","Dagger Spray"],"picked":"Well Laid Plans","floor":12},{"not_picked":["Cloak And Dagger","Unload","Heel Hook"],"picked":"SKIP","floor":14},{"not_picked":["Doppelganger","Glass Knife"],"picked":"Adrenaline","floor":16},{"not_picked":["Predator","Flying Knee"],"picked":"Distraction+1","floor":18},{"not_picked":["Bouncing Flask","Endless Agony"],"picked":"Footwork","floor":21},{"not_picked":["Blade Dance","Outmaneuver","Well Laid Plans"],"picked":"SKIP","floor":23},{"not_picked":["Heel Hook","Quick Slash","Flechettes"],"picked":"SKIP","floor":25},{"not_picked":["Bane","A Thousand Cuts"],"picked":"Backflip","floor":27},{"not_picked":["Choke","Well Laid Plans","Deadly Poison"],"picked":"SKIP","floor":28},{"not_picked":["Flying Knee","Slice","Deadly Poison"],"picked":"SKIP","floor":31},{"not_picked":["Unload","Burst"],"picked":"Phantasmal Killer","floor":33},{"not_picked":["Finisher","Crippling Poison+1"],"picked":"PiercingWail","floor":35},{"not_picked":["Underhanded Strike","Riddle With Holes+1"],"picked":"Cloak And Dagger+1","floor":38},{"not_picked":["Flechettes","Cloak And Dagger"],"picked":"Catalyst","floor":39},{"not_picked":["Well Laid Plans","Burst"],"picked":"Dodge and Roll+1","floor":40},{"not_picked":["Masterful Stab","Well Laid Plans"],"picked":"Crippling Poison+1","floor":42},{"not_picked":["Dagger Spray+1","Concentrate+1","Acrobatics"],"picked":"SKIP","floor":44},{"not_picked":["Slice","Dodge and Roll"],"picked":"Cloak And Dagger+1","floor":46},{"not_picked":["Acrobatics+1","Underhanded Strike"],"picked":"Corpse Explosion","floor":48}],"player_experience":173318,"relics_obtained":[{"floor":7,"key":"Toy Ornithopter"},{"floor":8,"key":"Pocketwatch"},{"floor":9,"key":"Vajra"},{"floor":14,"key":"Regal Pillow"},{"floor":23,"key":"Happy Flower"},{"floor":25,"key":"Pear"},{"floor":26,"key":"Potion Belt"},{"floor":40,"key":"PreservedInsect"},{"floor":42,"key":"Oddly Smooth Stone"},{"floor":43,"key":"MawBank"}],"event_choices":[{"damage_healed":0,"gold_gain":0,"player_choice":"Grow","damage_taken":0,"max_hp_gain":0,"max_hp_loss":0,"event_name":"Living Wall","floor":2,"gold_loss":0,"cards_upgraded":["Predator"]},{"damage_healed":0,"gold_gain":0,"player_choice":"Donut","damage_taken":0,"max_hp_gain":5,"max_hp_loss":0,"event_name":"Big Fish","floor":3,"gold_loss":0},{"damage_healed":0,"gold_gain":0,"player_choice":"Ignored","damage_taken":0,"max_hp_gain":0,"max_hp_loss":0,"event_name":"Liars Game","floor":4,"gold_loss":0},{"damage_healed":0,"gold_gain":0,"player_choice":"Searched \u00271\u0027 times","damage_taken":0,"max_hp_gain":0,"max_hp_loss":0,"event_name":"Dead Adventurer","floor":8,"gold_loss":0},{"damage_healed":0,"gold_gain":0,"player_choice":"Copied","damage_taken":0,"max_hp_gain":0,"max_hp_loss":0,"event_name":"Duplicator","floor":19,"gold_loss":0,"cards_obtained":["Footwork"]},{"damage_healed":0,"gold_gain":0,"player_choice":"Got Potions","damage_taken":0,"max_hp_gain":0,"max_hp_loss":0,"event_name":"Lab","floor":22,"gold_loss":0},{"damage_healed":0,"gold_gain":0,"player_choice":"Max HP","damage_taken":0,"max_hp_gain":0,"max_hp_loss":4,"event_name":"Winding Halls","floor":36,"gold_loss":0},{"damage_healed":0,"gold_gain":0,"player_choice":"Bought 2 Potions","damage_taken":0,"max_hp_gain":0,"max_hp_loss":0,"event_name":"The Woman in Blue","floor":41,"gold_loss":0}],"is_beta":true,"boss_relics":[{"not_picked":["Fusion Hammer","Ectoplasm"],"picked":"Philosopher\u0027s Stone"},{"not_picked":["Coffee Dripper","Sozu"],"picked":"Astrolabe"}],"items_purged_floors":[20,37],"is_endless":false,"potions_floor_spawned":[5,8,11,16,23,25,27,38,39,42,44],"killed_by":"Awakened One","ascension_level":20}}