{"host":"Bilverbakes","time":1613171502,"event":{"mods":["2.2 Compatiblity","AchievementEnabler","BaseMod","Bestiary","Colored Map","Minty Spire (QoL Compilation)","Relic Stats","StSLib","ojb\u0027s Info Mod"],"gold_per_floor":[117,129,129,204,217,265,265,295,318,318,351,351,351],"floor_reached":12,"language":"ENG","playtime":431,"items_purged":[],"score":160,"play_id":"14b59101-de64-4d7b-b71b-5ab3875da7e6","local_time":"20210212171142","is_ascension_mode":true,"campfire_choices":[{"data":"Poisoned Stab","floor":7,"key":"SMITH"},{"data":"Neutralize","floor":10,"key":"SMITH"}],"circlet_count":0,"master_deck":["AscendersBane","Strike_G","Strike_G","Strike_G","Strike_G","Strike_G","Defend_G","Defend_G","Defend_G","Defend_G","Defend_G","Survivor","Neutralize+1","Slice","Poisoned Stab+1","Prepared","Concentrate","Tactician","Skewer"],"relics":["Runic Pyramid","Golden Idol","CeramicFish","Toy Ornithopter"],"acts_visited":["Exordium"],"potions_floor_usage":[6,11,12],"damage_taken":[{"damage":3,"enemies":"Small Slimes","floor":1,"turns":5},{"damage":4,"enemies":"Jaw Worm","floor":2,"turns":5},{"damage":6,"enemies":"2 Louse","floor":5,"turns":2},{"damage":12,"enemies":"3 Sentries","floor":6,"turns":11},{"damage":1,"enemies":"2 Fungi Beasts","floor":8,"turns":4},{"damage":22,"enemies":"Lots of Slimes","floor":11,"turns":3},{"damage":36,"enemies":"Gremlin Nob","floor":12,"turns":3}],"seed_played":"-1516938655170643590","potions_obtained":[{"floor":2,"key":"Fire Potion"},{"floor":5,"key":"ColorlessPotion"},{"floor":8,"key":"Strength Potion"},{"floor":11,"key":"Dexterity Potion"}],"is_trial":false,"path_per_floor":["M","M","?","?","M","E","R","M","T","R","M","E"],"character_chosen":"THE_SILENT","items_purchased":[],"campfire_rested":0,"item_purchase_floors":[],"current_hp_per_floor":[56,52,52,41,35,23,23,22,22,22,5,0,0],"gold":351,"neow_bonus":"BOSS_RELIC","is_daily":false,"chose_seed":false,"campfire_upgraded":2,"win_rate":0.0,"timestamp":1613171502,"path_taken":["M","M","?","?","M","E","R","M","T","R","M","E"],"items_purchased_type":[],"build_version":"2020-12-18","purchased_purges":0,"victory":false,"max_hp_per_floor":[66,66,60,60,60,60,60,60,60,60,60,60,60],"relic_stats":{"counters":[7,33],"Golden Idol":20,"CeramicFish":27,"obtain_stats":[{"Golden Idol":3,"CeramicFish":6,"Toy Ornithopter":9,"Ring of the Snake":0,"Runic Pyramid":0},{"Golden Idol":2,"CeramicFish":4,"Toy Ornithopter":5,"Ring of the Snake":0,"Runic Pyramid":0},{"Golden Idol":10,"CeramicFish":23,"Toy Ornithopter":27,"Ring of the Snake":0,"Runic Pyramid":0}],"Toy Ornithopter":10},"card_choices":[{"not_picked":["Accuracy","Prepared"],"picked":"Slice","floor":1},{"not_picked":["Blade Dance","Prepared"],"picked":"Poisoned Stab","floor":2},{"not_picked":["Sucker Punch","Doppelganger"],"picked":"Prepared","floor":5},{"not_picked":["Noxious Fumes","Flying Knee"],"picked":"Concentrate","floor":6},{"not_picked":["Backflip","Slice"],"picked":"Tactician","floor":8},{"not_picked":["Poisoned Stab","Dodge and Roll"],"picked":"Skewer","floor":11}],"player_experience":947900,"relics_obtained":[{"floor":6,"key":"CeramicFish"},{"floor":9,"key":"Toy Ornithopter"}],"event_choices":[{"damage_healed":0,"gold_gain":0,"player_choice":"Lose Max HP","damage_taken":0,"relics_obtained":["Golden Idol"],"max_hp_gain":0,"max_hp_loss":6,"event_name":"Golden Idol","floor":3,"gold_loss":0},{"damage_healed":0,"gold_gain":75,"player_choice":"Gather Gold","damage_taken":11,"max_hp_gain":0,"max_hp_loss":0,"event_name":"World of Goop","floor":4,"gold_loss":0}],"is_beta":true,"boss_relics":[],"items_purged_floors":[],"is_endless":false,"potions_floor_spawned":[2,5,8,11],"killed_by":"Gremlin Nob","ascension_level":20}}