{"host":"i3w38rq1z4slkels","time":1613123813,"event":{"mods":["2.2 Compatiblity","Act Like it!","BaseMod","Better Match","Better Vampires","BetterRewards","Conspire","Downfall","Hallownest","Minty Spire (QoL Compilation)","Rare Cards Sparkle","Replay The Spire","StSLib","The Bug Knight"],"gold_per_floor":[0,20,34,34,34,45,45,58,43,43,43,59,59,59,78,78,78,78],"floor_reached":16,"language":"ENG","playtime":1168,"items_purged":[],"score":92,"play_id":"73ecb314-412f-44a8-a037-8ed0295a33b9","local_time":"20210212165653","is_ascension_mode":false,"campfire_choices":[{"floor":1,"key":"RECALL"},{"data":"bronze:Mutator","floor":10,"key":"SMITH"},{"data":"bronze:MaxOutput","floor":13,"key":"SMITH"}],"circlet_count":0,"master_deck":["bronze:Strike","bronze:Strike","bronze:Strike","bronze:Defend","bronze:Defend","bronze:Defend","bronze:Replicate","bronze:Goto","bronze:Mutator+1","bronze:BugBarrage+1","Flash of Steel","bronze:CleanCode","bronze:WildBeam","Pot Of Greed","Pot Of Greed","bronze:Shell","bronze:MaxOutput+1"],"relics":["bronze:BronzeCore","bronze:BottledCode","Grinning Jar"],"acts_visited":["Exordium"],"potions_floor_usage":[16],"damage_taken":[{"damage":3,"enemies":"2 Louse","floor":2,"turns":3},{"damage":11,"enemies":"Jaw Worm","floor":3,"turns":3},{"damage":0,"enemies":"Cultist","floor":6,"turns":3},{"damage":3,"enemies":"Red Slaver","floor":8,"turns":3},{"damage":5,"enemies":"downfall:FleeingMerchant","floor":9,"turns":4},{"damage":9,"enemies":"2 Fungi Beasts","floor":12,"turns":3},{"damage":1,"enemies":"Large Slime","floor":15,"turns":2},{"damage":57,"enemies":"DF_ARCHETYPE_STREAMLINE","floor":16,"turns":6}],"seed_played":"9006297927909541487","potions_obtained":[{"floor":3,"key":"sneckomod:MuddlingPotion"},{"floor":8,"key":"LiquidMemories"},{"floor":12,"key":"sneckomod:MuddlingPotion"},{"floor":15,"key":"BlessingOfTheForge"}],"is_trial":false,"path_per_floor":["R","M","M","?","?","M","T","M","$","R","?","M","R","?","M","B"],"character_chosen":"THE_AUTOMATON","items_purchased":[],"campfire_rested":0,"item_purchase_floors":[],"current_hp_per_floor":[70,67,56,56,56,56,56,53,48,48,48,39,39,39,38,0,0,0],"gold":78,"neow_bonus":"TRANSFORM_TWO_CARDS","is_daily":false,"chose_seed":false,"campfire_upgraded":2,"win_rate":0.0,"timestamp":1613123813,"path_taken":["R","M","M","?","?","?","T","M","?","R","?","M","R","?","M","BOSS"],"items_purchased_type":[],"build_version":"2020-12-22","purchased_purges":0,"victory":false,"max_hp_per_floor":[70,70,70,60,60,60,60,60,60,60,60,60,60,60,60,60,60,60],"card_choices":[{"not_picked":["bronze:Shield","bronze:ItsAFeature"],"picked":"bronze:BugBarrage","floor":2},{"not_picked":["bronze:Shield","bronze:ClassDefault","bronze:DelayedGuard"],"picked":"SKIP","floor":3},{"not_picked":["bronze:OilSpill","bronze:Invalidate"],"picked":"bronze:WildBeam","floor":6},{"not_picked":["bronze:Shield","bronze:Invalidate"],"picked":"bronze:Shell","floor":8},{"not_picked":["bronze:Iterate","bronze:DelayedSlice","bronze:DelayedGuard"],"picked":"SKIP","floor":9},{"not_picked":["bronze:Overload","bronze:Frontload"],"picked":"bronze:MaxOutput","floor":12},{"not_picked":["bronze:CutThrough","bronze:Backtrace","bronze:BuggyMess"],"picked":"SKIP","floor":15}],"player_experience":481723,"relics_obtained":[{"floor":7,"key":"Grinning Jar"}],"event_choices":[{"cards_removed":["bronze:Deprecate"],"damage_healed":0,"gold_gain":0,"player_choice":"Card Removal","damage_taken":0,"max_hp_gain":0,"max_hp_loss":0,"event_name":"The Cleric","floor":11,"gold_loss":0},{"damage_healed":0,"gold_gain":0,"player_choice":"Grow","damage_taken":0,"max_hp_gain":0,"max_hp_loss":0,"event_name":"Living Wall","floor":14,"gold_loss":0,"cards_upgraded":["bronze:BugBarrage"]}],"is_beta":false,"boss_relics":[],"items_purged_floors":[],"is_endless":false,"potions_floor_spawned":[3,8,12,15],"killed_by":"DF_ARCHETYPE_STREAMLINE","ascension_level":0}}