{"host":"6affnl2vk6en9o4b","time":1613156401,"event":{"mods":["AchievementEnabler","Aspiration","BaseMod","BetterRewards","Colored Powertips","Conspire","Downfall","Friendly Minions","Googly Eyes","Highlight Path","Hubris","Infinite Spire","Minty Spire (QoL Compilation)","Quick Restart","Replay The Spire","StSLib","Unceasing Turn Reminder"],"gold_per_floor":[99,109,123,108,108,120,120,120,130,130,158,170,70,87,97,199,199,199,214,214,233,243,193,216,231,231,260,277,289,289,289,309,309,309,309],"floor_reached":33,"language":"ENG","playtime":1383,"items_purged":[],"score":273,"play_id":"a4c5faa1-0b0f-4feb-b14f-2ec0987f454b","local_time":"20210212190001","is_ascension_mode":false,"campfire_choices":[{"data":"Dramatic Entrance","floor":1,"key":"SMITH"},{"floor":13,"key":"REST"},{"floor":18,"key":"RECALL"}],"circlet_count":0,"master_deck":["Slimebound:Tackle","Slimebound:Defend_Slimebound","Slimebound:Defend_Slimebound","Slimebound:Defend_Slimebound","Slimebound:Defend_Slimebound","Slimebound:Split","Slimebound:CorrosiveSpit","Dramatic Entrance+1","Slimebound:RollThrough","Slimebound:SlimeBarrage","Slimebound:PressTheAttack","Slimebound:BestDefense","Slimebound:GoopTackle","Pot Of Greed","Pot Of Greed","Slimebound:SplitMire","Slimebound:Nibble","Slimebound:Chomp","Slimebound:Grow+1","Slimebound:Recycling","Slimebound:Recollect","Slimebound:Grow","Slimebound:GoopSpray","Pot Of Greed","Slimebound:SlimeSpikes+1","Slimebound:RollThrough","Slimebound:GoopSpray","Slimebound:AcidTongue","Slimebound:HungryTackle+1","RitualDagger","Slimebound:Tackle+1","Slimebound:Tackle+1","Slimebound:Tackle+1","Slimebound:SelfFormingGoo"],"relics":["Slimebound:AbsorbEndCombat","hubris:SlimyHat","aspiration:BabyByrd","hubris:Towel","Grinning Jar","downfall:HeartBlessingGreen","Painkiller Herb","infinitespire:Lychee Nut"],"acts_visited":["Exordium","TheCity"],"potions_floor_usage":[11,11,16,16,27,27,33],"damage_taken":[{"damage":2,"enemies":"2 Louse","floor":2,"turns":2},{"damage":8,"enemies":"Jaw Worm","floor":3,"turns":3},{"damage":5,"enemies":"downfall:FleeingMerchant","floor":4,"turns":4},{"damage":10,"enemies":"infinitespire:Voidling","floor":6,"turns":4},{"damage":28,"enemies":"Large Slime","floor":9,"turns":6},{"damage":18,"enemies":"3 Sentries","floor":11,"turns":6},{"damage":0,"enemies":"3 Louse","floor":12,"turns":1},{"damage":6,"enemies":"conspire:2 RoseBushes","floor":14,"turns":3},{"damage":11,"enemies":"Exordium Wildlife","floor":15,"turns":2},{"damage":20,"enemies":"WA_ARCHETYPE_RETAIN","floor":16,"turns":4},{"damage":6,"enemies":"conspire:FuzzyDice","floor":19,"turns":5},{"damage":16,"enemies":"Chosen","floor":21,"turns":6},{"damage":22,"enemies":"Sentry and Sphere","floor":22,"turns":4},{"damage":0,"enemies":"3 Cultists","floor":25,"turns":3},{"damage":18,"enemies":"Gremlin Leader","floor":27,"turns":5},{"damage":0,"enemies":"Snake Plant","floor":28,"turns":3},{"damage":0,"enemies":"Snecko","floor":29,"turns":3},{"damage":9,"enemies":"conspire:HollyBat","floor":32,"turns":7},{"damage":51,"enemies":"DF_ARCHETYPE_CLAW","floor":33,"turns":6}],"seed_played":"-7046967529032382935","potions_obtained":[{"floor":6,"key":"SteroidPotion"},{"floor":9,"key":"LifebloodPotion"},{"floor":14,"key":"DistilledChaos"},{"floor":15,"key":"Adrenaline Potion"},{"floor":22,"key":"DistilledChaos"},{"floor":25,"key":"LiquidBronze"},{"floor":27,"key":"SmokeBomb"},{"floor":29,"key":"sneckomod:MuddlingPotion"}],"is_trial":false,"path_per_floor":["R","M","M","$","?","M","T","?","M","?","E","M","R","M","M","B",null,"T","?","?","?","?","?","T","?","?","E","?","?","?","?","?","B"],"character_chosen":"SLIMEBOUND","items_purchased":[],"campfire_rested":1,"item_purchase_floors":[],"current_hp_per_floor":[65,65,61,64,64,64,64,64,39,39,21,21,40,36,25,13,65,65,65,65,53,33,59,59,63,63,47,48,48,42,42,39,0,0,0],"gold":309,"neow_bonus":"RANDOM_COLORLESS","is_daily":false,"chose_seed":false,"campfire_upgraded":1,"win_rate":0.0,"timestamp":1613156401,"path_taken":["R","M","M","$","?","M","T","?","M","?","E","M","R","?","M","BOSS","T","?","?","?","?","?","T","?","?","E","?","?","?","?","?","BOSS"],"items_purchased_type":[],"build_version":"2020-12-22","purchased_purges":0,"victory":false,"max_hp_per_floor":[65,65,65,65,65,65,65,65,65,65,65,65,65,65,65,65,65,65,65,65,65,65,65,65,65,65,48,48,48,48,48,48,48,48,48],"card_choices":[{"not_picked":["Good Instincts","Jack Of All Trades"],"picked":"Dramatic Entrance","floor":0},{"not_picked":["Slimebound:PressTheAttack","Slimebound:LeechEnergy"],"picked":"Slimebound:RollThrough","floor":2},{"not_picked":["Slimebound:SamplingLick","Slimebound:ForwardTackle"],"picked":"Slimebound:SlimeBarrage","floor":3},{"not_picked":["Slimebound:BestDefense","Slimebound:FormOfPuddle"],"picked":"Slimebound:PressTheAttack","floor":4},{"not_picked":["Slimebound:PressTheAttack","Slimebound:ItLooksTasty"],"picked":"Slimebound:BestDefense","floor":6},{"not_picked":["Slimebound:Schlurp","Slimebound:PressTheAttack"],"picked":"Slimebound:GoopTackle","floor":9},{"not_picked":["Slimebound:SlimeTap","Slimebound:ProtectTheBoss"],"picked":"Slimebound:SplitMire","floor":11},{"not_picked":["Slimebound:ItLooksTasty","Slimebound:LivingWall"],"picked":"Slimebound:Nibble","floor":12},{"not_picked":["Slimebound:AcidTongue","Slimebound:SplitBruiser"],"picked":"Slimebound:Chomp","floor":14},{"not_picked":["Slimebound:LivingWall","Slimebound:SamplingLick"],"picked":"Slimebound:Grow","floor":15},{"not_picked":["Slimebound:Teamwork","Slimebound:OneTwoCombo"],"picked":"Slimebound:Recycling","floor":16},{"not_picked":["Slimebound:SplitSpecialist","Slimebound:ItLooksTasty"],"picked":"Slimebound:Recollect","floor":19},{"not_picked":["Slimebound:Prepare","Slimebound:SplitMire+1"],"picked":"Slimebound:GoopSpray","floor":21},{"not_picked":["Slimebound:SpikyOuterGoop","Slimebound:LivingWall"],"picked":"Slimebound:SlimeSpikes+1","floor":22},{"not_picked":["Slimebound:Prepare+1","Slimebound:HungryTackle"],"picked":"Slimebound:RollThrough","floor":25},{"not_picked":["Slimebound:Schlurp","Slimebound:ProtectTheBoss+1"],"picked":"Slimebound:GoopSpray","floor":27},{"not_picked":["Slimebound:LeechLife","Slimebound:SplitLeeching"],"picked":"Slimebound:AcidTongue","floor":28},{"not_picked":["Slimebound:ForwardTackle","Slimebound:FormOfPuddle"],"picked":"Slimebound:HungryTackle+1","floor":29},{"not_picked":["Slimebound:ServeAndProtect+1","Slimebound:PressTheAttack"],"picked":"Slimebound:SelfFormingGoo","floor":32}],"player_experience":247506,"relics_obtained":[{"floor":7,"key":"hubris:SlimyHat"},{"floor":11,"key":"Grinning Jar"},{"floor":27,"key":"infinitespire:Lychee Nut"}],"event_choices":[],"is_beta":false,"boss_relics":[{"not_picked":["Replay:Drink Me","hubris:GrandSneckoEye"],"picked":"Painkiller Herb"}],"items_purged_floors":[],"is_endless":false,"potions_floor_spawned":[6,9,14,15,22,25,27,29],"killed_by":"DF_ARCHETYPE_CLAW","ascension_level":0}}