{"host":"6azrrw3tf7wb0f4b","time":1613142728,"event":{"mods":["BaseMod","DeckTracker","Minty Spire (QoL Compilation)","SuperFastMode"],"gold_per_floor":[114,126,126,51,63,63,74,84,160,160,110,110,171,201,201,296,296,308,321,321,246,257,290,290,308,308,59,77,87,99,99,99],"floor_reached":31,"language":"KOR","playtime":586,"items_purged":["Strike_B","Strike_B"],"score":259,"play_id":"7d05f5e6-e143-48bc-947a-2929c51396ac","local_time":"20210213001208","is_ascension_mode":false,"campfire_choices":[{"data":"Apotheosis","floor":6.0,"key":"SMITH"},{"floor":15.0,"key":"REST"},{"floor":24.0,"key":"RECALL"}],"circlet_count":0,"master_deck":["Defend_B","Defend_B","Defend_B","Defend_B","Zap","Dualcast+1","Apotheosis+1","Ball Lightning","Beam Cell","Meteor Strike","Defragment","Turbo","Recycle","Doom and Gloom","Steam","Creative AI","Redo+1","Echo Form","Coolheaded","Conserve Battery"],"relics":["Cracked Core","Gremlin Horn","Dead Branch","Fusion Hammer","War Paint","Smiling Mask","PreservedInsect"],"acts_visited":["Exordium","TheCity"],"potions_floor_usage":[31],"damage_taken":[{"damage":0.0,"enemies":"2 Louse","floor":1.0,"turns":2.0},{"damage":0.0,"enemies":"Cultist","floor":2.0,"turns":3.0},{"damage":0.0,"enemies":"Small Slimes","floor":5.0,"turns":3.0},{"damage":5.0,"enemies":"Looter","floor":7.0,"turns":3.0},{"damage":19.0,"enemies":"Gremlin Gang","floor":8.0,"turns":3.0},{"damage":28.0,"enemies":"3 Sentries","floor":14.0,"turns":5.0},{"damage":21.0,"enemies":"Hexaghost","floor":16.0,"turns":10.0},{"damage":9.0,"enemies":"2 Thieves","floor":18.0,"turns":2.0},{"damage":0.0,"enemies":"Chosen","floor":19.0,"turns":4.0},{"damage":0.0,"enemies":"Snecko","floor":22.0,"turns":4.0},{"damage":29.0,"enemies":"Gremlin Leader","floor":23.0,"turns":3.0},{"damage":10.0,"enemies":"Centurion and Healer","floor":25.0,"turns":6.0},{"damage":10.0,"enemies":"3 Cultists","floor":28.0,"turns":4.0},{"damage":8.0,"enemies":"Snake Plant","floor":29.0,"turns":4.0},{"damage":6.0,"enemies":"Snecko","floor":30.0,"turns":5.0},{"damage":8,"enemies":"Shelled Parasite and Fungi","floor":31,"turns":2}],"seed_played":"5231098274033995689","potions_obtained":[{"floor":5.0,"key":"Strength Potion"},{"floor":7.0,"key":"Weak Potion"},{"floor":14.0,"key":"Strength Potion"},{"floor":16.0,"key":"DistilledChaos"},{"floor":18.0,"key":"Swift Potion"},{"floor":25.0,"key":"BlessingOfTheForge"},{"floor":29.0,"key":"PowerPotion"}],"is_trial":false,"path_per_floor":["M","M","?","$","M","R","M","M","T","?","?","?","?","E","R","B",null,"M","M","?","$","M","E","R","M","T","$","M","M","M","M"],"character_chosen":"DEFECT","items_purchased":["Defragment","Coolheaded","PreservedInsect"],"campfire_rested":1,"item_purchase_floors":[4,27,27],"current_hp_per_floor":[54,54,54,54,54,54,49,30,30,30,30,35,35,7,31,10,80,71,71,71,71,71,42,42,32,32,32,22,14,8,0,0],"gold":99,"neow_bonus":"RANDOM_COLORLESS_2","is_daily":false,"chose_seed":false,"campfire_upgraded":1,"win_rate":0.0,"timestamp":1613142728,"path_taken":["M","M","?","?","M","R","M","?","T","?","?","?","?","E","R","BOSS","M","M","?","$","M","E","R","?","T","$","M","M","M","M"],"items_purchased_type":["Card","Card","Relic"],"build_version":"2020-12-22","purchased_purges":2,"victory":false,"max_hp_per_floor":[75,75,75,75,75,75,75,75,75,75,75,80,80,80,80,80,80,80,80,80,80,80,80,80,80,80,80,80,80,80,80,80],"card_choices":[{"not_picked":["Panache","Metamorphosis"],"picked":"Apotheosis","floor":0.0},{"not_picked":["Tempest","Hologram"],"picked":"Ball Lightning","floor":1.0},{"not_picked":["Consume","Fusion"],"picked":"Beam Cell","floor":2.0},{"not_picked":["Go for the Eyes","Fusion"],"picked":"Turbo","floor":5.0},{"not_picked":["Force Field","Compile Driver"],"picked":"Recycle","floor":7.0},{"not_picked":["Steam","Static Discharge"],"picked":"Doom and Gloom","floor":8.0},{"not_picked":["Hyperbeam","Turbo"],"picked":"Steam","floor":14.0},{"not_picked":["Echo Form","Machine Learning"],"picked":"Creative AI","floor":16.0},{"not_picked":["Doom and Gloom","Tempest"],"picked":"Redo","floor":18.0},{"not_picked":["Steam","Hologram","Sweeping Beam"],"picked":"SKIP","floor":19.0},{"not_picked":["Double Energy","Gash+1","Conserve Battery"],"picked":"SKIP","floor":22.0},{"not_picked":["Doom and Gloom+1","Sweeping Beam","Barrage"],"picked":"SKIP","floor":23.0},{"not_picked":["Beam Cell","Steam+1"],"picked":"Echo Form","floor":25.0},{"not_picked":["Turbo","Redo","Conserve Battery"],"picked":"SKIP","floor":28.0},{"not_picked":["Turbo","Redo"],"picked":"Conserve Battery","floor":28.0},{"not_picked":["Scrape+1","Conserve Battery+1","Ball Lightning"],"picked":"SKIP","floor":29.0},{"not_picked":["Static Discharge+1","Genetic Algorithm","Rip and Tear"],"picked":"SKIP","floor":30.0}],"player_experience":770877,"relics_obtained":[{"floor":9.0,"key":"Gremlin Horn"},{"floor":14.0,"key":"Dead Branch"},{"floor":23.0,"key":"War Paint"},{"floor":26.0,"key":"Smiling Mask"}],"event_choices":[{"damage_healed":0.0,"max_hp_gain":0.0,"max_hp_loss":0.0,"gold_gain":0.0,"cards_transformed":["Strike_B"],"event_name":"Transmorgrifier","player_choice":"Transformed","floor":3.0,"gold_loss":0.0,"damage_taken":0.0,"cards_obtained":["Meteor Strike"]},{"damage_healed":0.0,"max_hp_gain":0.0,"max_hp_loss":0.0,"gold_gain":0.0,"event_name":"Liars Game","player_choice":"Ignored","floor":10.0,"gold_loss":0.0,"damage_taken":0.0},{"cards_removed":["Strike_B"],"damage_healed":0.0,"max_hp_gain":0.0,"max_hp_loss":0.0,"gold_gain":0.0,"event_name":"The Cleric","player_choice":"Card Removal","floor":11.0,"gold_loss":50.0,"damage_taken":0.0},{"damage_healed":0.0,"max_hp_gain":5.0,"max_hp_loss":0.0,"gold_gain":0.0,"event_name":"Big Fish","player_choice":"Donut","floor":12.0,"gold_loss":0.0,"damage_taken":0.0},{"damage_healed":0.0,"max_hp_gain":0.0,"max_hp_loss":0.0,"gold_gain":61.0,"event_name":"Golden Wing","player_choice":"Gained Gold","floor":13.0,"gold_loss":0.0,"damage_taken":0.0},{"damage_healed":0.0,"max_hp_gain":0.0,"max_hp_loss":0.0,"gold_gain":0.0,"event_name":"N\u0027loth","player_choice":"Ignored","floor":20.0,"gold_loss":0.0,"damage_taken":0.0}],"is_beta":false,"boss_relics":[{"not_picked":["SacredBark","Ectoplasm"],"picked":"Fusion Hammer"}],"items_purged_floors":[21,27],"is_endless":false,"potions_floor_spawned":[5,7,14,16,18,25,29],"killed_by":"Shelled Parasite and Fungi","ascension_level":0}}