{"host":"1lwxixhv2lzh5ag1","time":1613163414,"event":{"mods":["AchievementEnabler","BaseMod","Bestiary","Better Altar","Better Match","Better Note","Better Sensory Stone","Better Skull","Better Third Choice","Downfall","Fox Events","Minty Spire (QoL Compilation)","Permanent Neow","Relic Stats","Reliquary","Replay The Spire","Spire Arcade","StSLib","The Alterego","The Blue Laboratory","Waifu the Spire"],"gold_per_floor":[119,68,83,83,33,44,44,54,54,68,80,80,114,131,131,227,227,240,253,253,253],"floor_reached":20,"language":"ENG","playtime":986,"items_purged":[],"score":178,"play_id":"c471a7ca-1783-49f5-a797-2de9adb2f414","local_time":"20210212155654","is_ascension_mode":false,"campfire_choices":[{"data":"Poisoned Stab","floor":7,"key":"SMITH"},{"floor":15,"key":"REST"}],"circlet_count":0,"master_deck":["Strike_G","Strike_G","Strike_G","Strike_G","Strike_G","Defend_G","Defend_G","Defend_G","Defend_G","Survivor","Neutralize+1","Poisoned Stab+1","ReplayTheSpireMod:Scrap Shanks+1","Flying Knee+1","Backflip","Underhanded Strike","Draining Mist","Distraction","All Out Attack","Poisoned Stab","Toxin Wave","ReplayTheSpireMod:From All Sides","Outmaneuver","Outmaneuver"],"relics":["Ring of the Snake","reliquary:IridiumChain","Replay:Bottled Eggs","Black Star"],"acts_visited":["Exordium","TheCity"],"potions_floor_usage":[8,16,16,18,20],"damage_taken":[{"damage":0,"enemies":"2 Louse","floor":1,"turns":3},{"damage":0,"enemies":"Small Slimes","floor":3,"turns":3},{"damage":0,"enemies":"Jaw Worm","floor":6,"turns":4},{"damage":2,"enemies":"Blue Slaver","floor":8,"turns":3},{"damage":16,"enemies":"Gremlin Gang","floor":10,"turns":5},{"damage":16,"enemies":"Lots of Slimes","floor":11,"turns":6},{"damage":26,"enemies":"3 Sentries","floor":13,"turns":8},{"damage":2,"enemies":"Looter","floor":14,"turns":3},{"damage":32,"enemies":"Slime Boss","floor":16,"turns":9},{"damage":11,"enemies":"Spheric Guardian","floor":18,"turns":4},{"damage":27,"enemies":"2 Thieves","floor":19,"turns":5},{"damage":47,"enemies":"Shelled Parasite and Fungi","floor":20,"turns":5}],"seed_played":"6676539079493703065","potions_obtained":[{"floor":6,"key":"blueLaboratory:FruitPunch"},{"floor":8,"key":"blueLaboratory:NullPotion"},{"floor":10,"key":"Adrenaline Potion"},{"floor":13,"key":"Elixir"},{"floor":14,"key":"blueLaboratory:ArtistsPotion"},{"floor":16,"key":"Adrenaline Potion"},{"floor":19,"key":"Fire Potion"}],"is_trial":false,"path_per_floor":["M","$","M","?","?","M","R","M","T","M","M","?","E","M","R","B",null,"M","M","M"],"character_chosen":"THE_SILENT","items_purchased":["ReplayTheSpireMod:Scrap Shanks+1"],"campfire_rested":1,"item_purchase_floors":[2],"current_hp_per_floor":[70,70,70,75,75,75,75,75,75,59,43,43,17,15,38,6,77,66,39,0,0],"gold":253,"neow_bonus":"UPGRADE_CARD","is_daily":false,"chose_seed":false,"campfire_upgraded":1,"win_rate":0.0,"timestamp":1613163414,"path_taken":["M","$","M","?","?","M","R","?","T","M","M","?","E","M","R","BOSS","M","M","M"],"items_purchased_type":["Card"],"build_version":"2020-12-22","purchased_purges":0,"victory":false,"max_hp_per_floor":[70,70,70,75,75,75,75,77,77,77,77,77,77,77,77,77,77,77,77,77,77],"relic_stats":{"counters":[12,58],"Black Star":0,"obtain_stats":[{"Black Star":17,"Replay:Bottled Eggs":13,"reliquary:IridiumChain":9,"Ring of the Snake":0},{"Black Star":9,"Replay:Bottled Eggs":7,"reliquary:IridiumChain":4,"Ring of the Snake":0},{"Black Star":44,"Replay:Bottled Eggs":32,"reliquary:IridiumChain":13,"Ring of the Snake":0}],"Ring of the Snake":[24]},"card_choices":[{"not_picked":["Deflect","Hidden Blade"],"picked":"Poisoned Stab","floor":1},{"not_picked":["Backflip","Reflex"],"picked":"Flying Knee","floor":3},{"not_picked":["Skewer","Predator"],"picked":"Backflip","floor":6},{"not_picked":["Hidden Blade","Bane"],"picked":"Underhanded Strike","floor":8},{"not_picked":["Flying Knee","ReplayTheSpireMod:Speed Training"],"picked":"Draining Mist","floor":10},{"not_picked":["Flying Knee","PiercingWail"],"picked":"Distraction","floor":11},{"not_picked":["Underhanded Strike","Escape Plan"],"picked":"Poisoned Stab","floor":13},{"not_picked":["Outmaneuver","All Out Attack"],"picked":"Toxin Wave","floor":14},{"not_picked":["Tools of the Trade","Unload"],"picked":"ReplayTheSpireMod:From All Sides","floor":16},{"not_picked":["Acrobatics","Underhanded Strike"],"picked":"Outmaneuver","floor":18},{"not_picked":["Poisoned Stab","ReplayTheSpireMod:Exploit Weakness+1"],"picked":"Outmaneuver","floor":19}],"player_experience":11272,"relics_obtained":[{"floor":9,"key":"reliquary:IridiumChain"},{"floor":13,"key":"Replay:Bottled Eggs"}],"event_choices":[{"damage_healed":0,"gold_gain":0,"player_choice":"Donut","damage_taken":0,"max_hp_gain":5,"max_hp_loss":0,"event_name":"Big Fish","floor":4,"gold_loss":0},{"damage_healed":0,"gold_gain":0,"player_choice":"Left","damage_taken":0,"max_hp_gain":0,"max_hp_loss":0,"event_name":"betterThird:BetterGoop","floor":5,"gold_loss":50},{"damage_healed":0,"gold_gain":0,"cards_transformed":["Defend_G"],"player_choice":"Transformed","damage_taken":0,"max_hp_gain":0,"max_hp_loss":0,"event_name":"Transmorgrifier","floor":12,"gold_loss":0,"cards_obtained":["All Out Attack"]}],"is_beta":false,"boss_relics":[{"not_picked":["Runic Dome","bronze:MakeshiftBattery"],"picked":"Black Star"}],"items_purged_floors":[],"is_endless":false,"potions_floor_spawned":[6,8,10,13,14,16,19],"killed_by":"Shelled Parasite and Fungi","ascension_level":0}}