{"host":"xg4r5pv6chpuampg","time":1613147002,"event":{"mods":["AchievementEnabler","BaseMod","Googly Eyes","Minty Spire (QoL Compilation)"],"gold_per_floor":[113,76,76,86,7,7,33,51,51,62,73,98,119,47,47,47,47],"floor_reached":16,"language":"ENG","playtime":501,"items_purged":[],"score":135,"play_id":"505a9186-b709-4e7c-bb81-93c4c8d0ddc5","local_time":"20210212192322","is_ascension_mode":false,"campfire_choices":[{"floor":6,"key":"RECALL"},{"floor":15,"key":"REST"}],"circlet_count":0,"master_deck":["Strike_B","Strike_B","Strike_B","Defend_B","Defend_B","Defend_B","Defend_B","Zap","Dualcast","Rebound","Self Repair","Rip and Tear","Ball Lightning","Heatsinks","Rainbow","Loop","Defragment","Lockon","White Noise"],"relics":["Cracked Core","NeowsBlessing","StoneCalendar","Girya","Blood Vial","Odd Mushroom"],"acts_visited":["Exordium"],"potions_floor_usage":[13,16,16],"damage_taken":[{"damage":0,"enemies":"Small Slimes","floor":1,"turns":1},{"damage":0,"enemies":"Cultist","floor":4,"turns":1},{"damage":0,"enemies":"Gremlin Nob","floor":7,"turns":1},{"damage":0,"enemies":"2 Louse","floor":8,"turns":1},{"damage":6,"enemies":"2 Fungi Beasts","floor":10,"turns":2},{"damage":9,"enemies":"Blue Slaver","floor":11,"turns":4},{"damage":45,"enemies":"3 Sentries","floor":12,"turns":7},{"damage":21,"enemies":"The Mushroom Lair","floor":13,"turns":4},{"damage":43,"enemies":"The Guardian","floor":16,"turns":10}],"seed_played":"2977510348836079053","potions_obtained":[{"floor":1,"key":"PotionOfCapacity"},{"floor":8,"key":"SkillPotion"},{"floor":11,"key":"Explosive Potion"},{"floor":13,"key":"Swift Potion"}],"is_trial":false,"path_per_floor":["M","$","?","M","$","R","E","M","T","M","M","E","?","$","R","B"],"character_chosen":"DEFECT","items_purchased":["Self Repair","Heatsinks","White Noise"],"campfire_rested":1,"item_purchase_floors":[2,5,14],"current_hp_per_floor":[75,75,75,75,75,75,75,75,75,69,67,29,17,17,39,0,0],"gold":47,"neow_bonus":"THREE_ENEMY_KILL","is_daily":false,"chose_seed":false,"campfire_upgraded":0,"win_rate":0.0,"timestamp":1613147002,"path_taken":["M","$","?","M","$","R","E","?","T","M","M","E","?","$","R","BOSS"],"items_purchased_type":["Card","Card","Card"],"build_version":"2020-12-22","purchased_purges":0,"victory":false,"max_hp_per_floor":[75,75,75,75,75,75,75,75,75,75,75,75,75,75,75,75,75],"card_choices":[{"not_picked":["Reinforced Body","Beam Cell"],"picked":"Rebound","floor":1},{"not_picked":["Blizzard","Conserve Battery"],"picked":"Ball Lightning","floor":4},{"not_picked":["Echo Form","Tempest"],"picked":"Rainbow","floor":7},{"not_picked":["Leap","Beam Cell"],"picked":"Loop","floor":8},{"not_picked":["Cold Snap","Skim","Go for the Eyes"],"picked":"SKIP","floor":10},{"not_picked":["Chill","Cold Snap","Compile Driver"],"picked":"SKIP","floor":11},{"not_picked":["Sweeping Beam","Hologram"],"picked":"Defragment","floor":12},{"not_picked":["Streamline","Rainbow"],"picked":"Lockon","floor":13}],"player_experience":116310,"relics_obtained":[{"floor":7,"key":"StoneCalendar"},{"floor":9,"key":"Girya"},{"floor":12,"key":"Blood Vial"},{"floor":13,"key":"Odd Mushroom"}],"event_choices":[{"damage_healed":0,"gold_gain":0,"cards_transformed":["Strike_B"],"player_choice":"Transformed","damage_taken":0,"max_hp_gain":0,"max_hp_loss":0,"event_name":"Transmorgrifier","floor":3,"gold_loss":0,"cards_obtained":["Rip and Tear"]},{"damage_healed":0,"gold_gain":0,"player_choice":"Fought Mushrooms","damage_taken":0,"max_hp_gain":0,"max_hp_loss":0,"event_name":"Mushrooms","floor":13,"gold_loss":0}],"is_beta":false,"boss_relics":[],"items_purged_floors":[],"is_endless":false,"potions_floor_spawned":[1,8,11,13],"killed_by":"The Guardian","ascension_level":0}}