{"host":"cb9xh4d0ss8ax8yb","time":1613120739,"event":{"mods":["100% Spire Juice","BaseMod","Good Game Mod","Jess\u0027s Bottle","Minty Spire (QoL Compilation)","Reliquary","StSLib","The Cursed","The Dragon Tamer","The Gatherer"],"gold_per_floor":[111,181,181,181,194,235,235,275,321,361,381,381,381,435,435,560,560,581,602,381,406,431,464,480,480,480,19,35,35,50,73,73,197,197,218,239,339,359,373,416,416,127,180,180,196,239,258,297,297,297,297,297,53,96,96],"floor_reached":56,"language":"KOR","playtime":2917,"items_purged":["TheCursedMod:Strike_TheCursed"],"score":1955,"play_id":"781153cd-31b9-43ec-abd6-ca67fb5506a8","local_time":"20210212180539","is_ascension_mode":true,"campfire_choices":[{"data":"TheCursedMod:CursedSpellbook","floor":7,"key":"SMITH"},{"data":"TheCursedMod:TacticalStrike","floor":13,"key":"SMITH"},{"data":"TheCursedMod:VitalStrike","floor":15,"key":"SMITH"},{"data":"TheCursedMod:NeowsMight","floor":25,"key":"SMITH"},{"data":"TheCursedMod:CircleOfAbyss","floor":29,"key":"SMITH"},{"data":"TheCursedMod:FuryStrike","floor":32,"key":"SMITH"},{"floor":49,"key":"RECALL"},{"data":"TheCursedMod:FuryStrike","floor":52,"key":"SMITH"}],"circlet_count":0,"master_deck":["TheCursedMod:CleanUpWorkshop","TheCursedMod:SpitefulStrike","TheCursedMod:TacticalStrike+1","TheCursedMod:VitalStrike+1","TheCursedMod:FuryStrike+1","TheCursedMod:FuryStrike+1","TheCursedMod:CircleOfWindfury+1","TheCursedMod:CursedSpellbook+1","Adrenaline","TheCursedMod:SurpriseAttack","TheCursedMod:NeowsMight+1","TheCursedMod:CircleOfAbyss+1","TheCursedMod:SurpriseAttack+1"],"relics":["TheCursedMod:FourLeafCloverCharm","REME:ComplimentaryCards","Golden Idol","TheCursedMod:Tack","Orichalcum","Bag of Marbles","PreservedInsect","reliquary:ExpiredCoupon","SlaversCollar","reliquary:Boomerang","reliquary:HotPoker","Bronze Scales","TungstenRod","Blood Vial","Empty Cage","reliquary:TuningFork","Torii","TheCursedMod:MagicCandle","reliquary:PartyBalloon","reliquary:BoilingFlask","reliquary:PurpleTingedLeaf","StrikeDummy","reliquary:WeakTea"],"acts_visited":["Exordium","TheCity","TheBeyond","TheEnding"],"potions_floor_usage":[19,50,55],"damage_taken":[{"damage":0,"enemies":"2 Louse","floor":1,"turns":1},{"damage":0,"enemies":"Small Slimes","floor":5,"turns":2},{"damage":0,"enemies":"3 Sentries","floor":6,"turns":2},{"damage":0,"enemies":"Gremlin Nob","floor":8,"turns":1},{"damage":0,"enemies":"3 Sentries","floor":10,"turns":3},{"damage":0,"enemies":"Cultist","floor":11,"turns":1},{"damage":0,"enemies":"Slime Boss","floor":16,"turns":1},{"damage":0,"enemies":"2 Thieves","floor":18,"turns":1},{"damage":0,"enemies":"Shell Parasite","floor":19,"turns":1},{"damage":0,"enemies":"Cultist and Chosen","floor":21,"turns":1},{"damage":0,"enemies":"Snake Plant","floor":22,"turns":1},{"damage":0,"enemies":"Slavers","floor":23,"turns":1},{"damage":0,"enemies":"Shelled Parasite and Fungi","floor":24,"turns":1},{"damage":0,"enemies":"Centurion and Healer","floor":28,"turns":1},{"damage":0,"enemies":"3 Cultists","floor":30,"turns":1},{"damage":0,"enemies":"Snake Plant","floor":31,"turns":1},{"damage":0,"enemies":"Collector","floor":33,"turns":1},{"damage":0,"enemies":"3 Shapes","floor":35,"turns":1},{"damage":0,"enemies":"3 Darklings","floor":36,"turns":1},{"damage":0,"enemies":"4 Shapes","floor":38,"turns":1},{"damage":0,"enemies":"Sphere and 2 Shapes","floor":39,"turns":1},{"damage":0,"enemies":"Giant Head","floor":40,"turns":1},{"damage":0,"enemies":"Jaw Worm Horde","floor":45,"turns":1},{"damage":0,"enemies":"Nemesis","floor":46,"turns":1},{"damage":0,"enemies":"3 Darklings","floor":47,"turns":1},{"damage":0,"enemies":"Giant Head","floor":48,"turns":1},{"damage":5,"enemies":"Time Eater","floor":50,"turns":5},{"damage":0,"enemies":"Shield and Spear","floor":54,"turns":1},{"damage":0,"enemies":"The Heart","floor":55,"turns":4}],"seed_played":"-7590314329679470556","potions_obtained":[{"floor":1,"key":"Dexterity Potion"},{"floor":5,"key":"ColorlessPotion"},{"floor":11,"key":"ColorlessPotion"},{"floor":16,"key":"TheCursedMod:DregsPotion"},{"floor":22,"key":"Energy Potion"}],"is_trial":false,"path_per_floor":["M","?","?","?","M","E","R","E","T","E","M","?","R","T","R","B",null,"M","M","$","M","M","E","M","R","T","$","M","R","M","M","R","B",null,"M","M","?","M","M","E","T","$","T","$","M","E","M","E","R","B",null,"R","$","E","B",null],"character_chosen":"THE_CURSED","items_purchased":["reliquary:Boomerang","TungstenRod","Blood Vial","TheCursedMod:MagicCandle","StrikeDummy"],"campfire_rested":0,"item_purchase_floors":[20,27,27,42,53],"current_hp_per_floor":[75,75,57,57,57,57,57,57,57,57,57,62,62,62,62,62,80,80,80,80,80,80,80,80,80,80,80,80,80,80,80,80,80,80,80,80,80,80,80,80,80,80,80,80,80,80,80,80,80,77,80,80,80,80,80],"gold":96,"neow_bonus":"UPGRADE_CARD","is_daily":false,"chose_seed":false,"campfire_upgraded":7,"win_rate":0.0,"timestamp":1613120739,"path_taken":["M","?","?","?","M","E","R","E","T","E","?","?","R","?","R","BOSS","M","M","$","M","M","E","?","R","T","$","M","R","M","M","R","BOSS","M","M","?","M","?","E","?","$","T","$","M","E","M","E","R","BOSS","R","$","E","BOSS"],"items_purchased_type":["Relic","Relic","Relic","Relic","Relic"],"build_version":"2020-12-22","purchased_purges":1,"victory":true,"max_hp_per_floor":[75,75,75,75,75,75,75,75,75,75,75,80,80,80,80,80,80,80,80,80,80,80,80,80,80,80,80,80,80,80,80,80,80,80,80,80,80,80,80,80,80,80,80,80,80,80,80,80,80,80,80,80,80,80,80],"card_choices":[{"not_picked":["TheCursedMod:HellfireBreathing","TheCursedMod:RapidMovement"],"picked":"TheCursedMod:CursedAmulet","floor":1},{"not_picked":["TheCursedMod:CursedAmulet","TheCursedMod:Wield","TheCursedMod:CursedShiv"],"picked":"SKIP","floor":5},{"not_picked":["TheCursedMod:FleshFromBone","TheCursedMod:Wield"],"picked":"TheCursedMod:SurpriseAttack","floor":6},{"not_picked":["TheCursedMod:CircleOfCorruption","TheCursedMod:SmokeScreen","TheCursedMod:BloodBarrier"],"picked":"SKIP","floor":8},{"not_picked":["TheCursedMod:DemonSword","TheCursedMod:FleshFromBone","TheCursedMod:TacticalStrike"],"picked":"SKIP","floor":10},{"not_picked":["TheCursedMod:ManaBullet","TheCursedMod:CircleOfFlame","TheCursedMod:SurpriseAttack"],"picked":"SKIP","floor":11},{"not_picked":["TheCursedMod:StunningStrike","TheCursedMod:ShockAndAwe"],"picked":"TheCursedMod:NeowsMight","floor":16},{"not_picked":["TheCursedMod:CursedBlade","TheCursedMod:RapidMovement","TheCursedMod:CursedMace"],"picked":"SKIP","floor":18},{"not_picked":["TheCursedMod:RavingStaff","TheCursedMod:FleshFromBone","TheCursedMod:CursedShiv"],"picked":"SKIP","floor":19},{"not_picked":["TheCursedMod:TacticalStrike","TheCursedMod:CursedBlade","TheCursedMod:RapidMovement"],"picked":"SKIP","floor":21},{"not_picked":["TheCursedMod:CircleOfAmplification","TheCursedMod:RavingStaff","TheCursedMod:DoubleShield"],"picked":"SKIP","floor":22},{"not_picked":["TheCursedMod:CursedShiv+1","TheCursedMod:BlessingInDisguise+1","TheCursedMod:StingEye"],"picked":"SKIP","floor":23},{"not_picked":["TheCursedMod:CursedArmor+1","TheCursedMod:CursedShiv","TheCursedMod:ManaBullet"],"picked":"SKIP","floor":24},{"not_picked":["TheCursedMod:WearCloak","TheCursedMod:RavingStaff+1"],"picked":"TheCursedMod:CircleOfAbyss","floor":28},{"not_picked":["TheCursedMod:FleshFromBone+1","TheCursedMod:RapidMovement","TheCursedMod:CircleOfWindfury"],"picked":"SKIP","floor":30},{"not_picked":["TheCursedMod:SpitefulPlan","TheCursedMod:CircleOfWindfury","TheCursedMod:AbyssShockwave"],"picked":"SKIP","floor":31},{"not_picked":["TheCursedMod:Obscuration","TheCursedMod:CursedMace+1","TheCursedMod:VitalStrike+1"],"picked":"SKIP","floor":35},{"not_picked":["TheCursedMod:CursedAmulet","TheCursedMod:DoubleShield","TheCursedMod:Obscuration"],"picked":"SKIP","floor":36},{"not_picked":["TheCursedMod:SpitefulStrike+1","TheCursedMod:Grudge","TheCursedMod:Stretching"],"picked":"SKIP","floor":38},{"not_picked":["TheCursedMod:VitalStrike+1","TheCursedMod:TacticalStrike+1"],"picked":"TheCursedMod:SurpriseAttack+1","floor":39},{"not_picked":["TheCursedMod:Hemoplague","TheCursedMod:SoulCrush","TheCursedMod:WearCloak+1"],"picked":"SKIP","floor":40},{"not_picked":["TheCursedMod:CursedShiv+1","TheCursedMod:StingEye+1","TheCursedMod:RavingStaff+1"],"picked":"SKIP","floor":45},{"not_picked":["TheCursedMod:DemonicPact","TheCursedMod:PrepareRite+1","TheCursedMod:Obscuration+1"],"picked":"SKIP","floor":46},{"not_picked":["TheCursedMod:RavingStaff+1","TheCursedMod:WearCloak+1","TheCursedMod:RapidMovement+1"],"picked":"SKIP","floor":47},{"not_picked":["TheCursedMod:SurpriseAttack","TheCursedMod:SaltUponWound+1","TheCursedMod:ManaBullet+1"],"picked":"SKIP","floor":48},{"not_picked":["TheCursedMod:CircleOfCorruption","TheCursedMod:PrepareRite+1","TheCursedMod:SpitefulPray"],"picked":"SKIP","floor":54}],"player_experience":500850,"relics_obtained":[{"floor":6,"key":"Orichalcum"},{"floor":8,"key":"Bag of Marbles"},{"floor":9,"key":"PreservedInsect"},{"floor":10,"key":"reliquary:ExpiredCoupon"},{"floor":23,"key":"reliquary:HotPoker"},{"floor":26,"key":"Bronze Scales"},{"floor":40,"key":"reliquary:TuningFork"},{"floor":41,"key":"Torii"},{"floor":43,"key":"reliquary:PartyBalloon"},{"floor":46,"key":"reliquary:BoilingFlask"},{"floor":48,"key":"reliquary:PurpleTingedLeaf"},{"floor":54,"key":"reliquary:WeakTea"}],"event_choices":[{"damage_healed":0,"gold_gain":70,"player_choice":"Gained Gold","damage_taken":0,"max_hp_gain":0,"max_hp_loss":0,"event_name":"Golden Wing","floor":2,"gold_loss":0},{"damage_healed":0,"gold_gain":0,"player_choice":"Take Damage","damage_taken":18,"relics_obtained":["Golden Idol"],"max_hp_gain":0,"max_hp_loss":0,"event_name":"Golden Idol","floor":3,"gold_loss":0},{"damage_healed":0,"gold_gain":0,"player_choice":"Gave Potion","damage_taken":0,"relics_obtained":["TheCursedMod:Tack"],"max_hp_gain":0,"max_hp_loss":0,"event_name":"WeMeetAgain","floor":4,"gold_loss":0},{"damage_healed":0,"gold_gain":0,"player_choice":"Donut","damage_taken":0,"max_hp_gain":5,"max_hp_loss":0,"event_name":"Big Fish","floor":12,"gold_loss":0},{"damage_healed":0,"gold_gain":100,"player_choice":"Pray","damage_taken":0,"max_hp_gain":0,"max_hp_loss":0,"event_name":"Golden Shrine","floor":37,"gold_loss":0}],"is_beta":false,"boss_relics":[{"not_picked":["Ectoplasm","Fusion Hammer"],"picked":"SlaversCollar"},{"not_picked":["jessBottle:WaterBottleRelic","Velvet Choker"],"picked":"Empty Cage"}],"items_purged_floors":[20],"is_endless":false,"potions_floor_spawned":[1,5,11,16,19,22,23,24,28,35,39,45,47],"ascension_level":4}}