{"host":"Plmjuhv","time":1613110388,"event":{"mods":["AchievementEnabler","BaseMod","Minty Spire (QoL Compilation)","Relic Stats"],"gold_per_floor":[118,137,137,137,137,163,177,177,200,235,248,263,263,276,276,371,371,371,371,296,296,296,296,296,296,296,296,296,296,296,296,296,296,296,296,296,296,10,10,10],"floor_reached":39,"language":"ENG","playtime":1958,"items_purged":["Strike_R"],"score":733,"play_id":"092503e7-0666-4811-a35d-7d2aa054b4b1","local_time":"20210212171308","is_ascension_mode":true,"campfire_choices":[{"floor":8,"key":"REST"},{"floor":13,"key":"REST"},{"data":"Flame Barrier","floor":15,"key":"SMITH"},{"floor":27,"key":"REST"},{"floor":30,"key":"REST"},{"floor":32,"key":"REST"}],"circlet_count":0,"master_deck":["AscendersBane","Strike_R","Strike_R","Strike_R","Defend_R","Defend_R","Defend_R","Defend_R","Bash","Seeing Red","Uppercut","Cleave","Intimidate","Reaper","Flame Barrier+1","Feed","Inflame","Blood for Blood","Armaments","Clothesline","Demon Form","Evolve+1","Limit Break","Offering"],"relics":["Runic Pyramid","Centennial Puzzle","Happy Flower","Pen Nib","Ectoplasm","Matryoshka","Nloth\u0027s Gift","Blue Candle","Bronze Scales","Singing Bowl","Blood Vial","SlaversCollar","Anchor"],"acts_visited":["Exordium","TheCity","TheBeyond"],"potions_floor_usage":[6,10,12,16,21,22,23,28,31,31,33,39,39],"damage_taken":[{"damage":10,"enemies":"2 Louse","floor":1,"turns":4},{"damage":23,"enemies":"Jaw Worm","floor":2,"turns":4},{"damage":8,"enemies":"Gremlin Nob","floor":6,"turns":4},{"damage":1,"enemies":"Cultist","floor":7,"turns":3},{"damage":5,"enemies":"3 Sentries","floor":10,"turns":7},{"damage":6,"enemies":"3 Louse","floor":11,"turns":3},{"damage":4,"enemies":"Lots of Slimes","floor":12,"turns":2},{"damage":5,"enemies":"Exordium Thugs","floor":14,"turns":5},{"damage":38,"enemies":"Hexaghost","floor":16,"turns":12},{"damage":21,"enemies":"Spheric Guardian","floor":18,"turns":5},{"damage":7,"enemies":"Chosen","floor":19,"turns":3},{"damage":30,"enemies":"3 Cultists","floor":21,"turns":5},{"damage":12,"enemies":"Shelled Parasite and Fungi","floor":22,"turns":5},{"damage":48,"enemies":"Slavers","floor":23,"turns":6},{"damage":59,"enemies":"Gremlin Leader","floor":25,"turns":8},{"damage":9,"enemies":"Book of Stabbing","floor":28,"turns":5},{"damage":27,"enemies":"Snake Plant","floor":29,"turns":3},{"damage":35,"enemies":"Sentry and Sphere","floor":31,"turns":6},{"damage":53,"enemies":"Collector","floor":33,"turns":9},{"damage":43,"enemies":"3 Darklings","floor":35,"turns":5},{"damage":27,"enemies":"3 Shapes","floor":36,"turns":7},{"damage":83,"enemies":"Transient","floor":37,"turns":5},{"damage":47,"enemies":"Maw","floor":39,"turns":9}],"seed_played":"-1543246686230245337","potions_obtained":[{"floor":1,"key":"CultistPotion"},{"floor":5,"key":"Ancient Potion"},{"floor":5,"key":"Weak Potion"},{"floor":5,"key":"Block Potion"},{"floor":7,"key":"Fire Potion"},{"floor":10,"key":"Energy Potion"},{"floor":12,"key":"Fruit Juice"},{"floor":18,"key":"Dexterity Potion"},{"floor":21,"key":"SkillPotion"},{"floor":25,"key":"LiquidMemories"},{"floor":28,"key":"AttackPotion"},{"floor":29,"key":"SpeedPotion"},{"floor":31,"key":"Dexterity Potion"},{"floor":37,"key":"SneckoOil"}],"is_trial":false,"path_per_floor":["M","M","?","?","?","E","M","R","T","E","M","M","R","M","R","B",null,"M","M","$","M","M","E","?","E","T","R","E","M","R","M","R","B",null,"M","M","M","$","M"],"character_chosen":"IRONCLAD","items_purchased":["Anchor","Offering"],"campfire_rested":5,"item_purchase_floors":[38,38],"current_hp_per_floor":[62,39,27,20,20,12,11,35,35,30,24,20,44,47,47,27,67,49,54,54,45,54,27,27,8,8,37,43,35,67,48,81,49,99,121,110,35,35,0,0],"gold":10,"neow_bonus":"BOSS_RELIC","is_daily":false,"chose_seed":false,"campfire_upgraded":1,"win_rate":0.0,"timestamp":1613110388,"path_taken":["M","M","?","?","?","E","M","R","T","E","M","?","R","M","R","BOSS","M","M","$","M","M","E","?","E","T","R","E","M","R","M","R","BOSS","M","?","M","$","?"],"items_purchased_type":["Relic","Card"],"build_version":"2020-12-18","purchased_purges":1,"victory":false,"max_hp_per_floor":[80,80,80,80,80,80,80,80,80,80,80,80,80,80,80,80,80,83,86,86,89,92,95,95,99,99,99,104,107,107,113,113,116,116,121,127,129,129,134,134],"relic_stats":{"Blood Vial":12,"Centennial Puzzle":[62],"Happy Flower":[36],"Singing Bowl":10,"counters":[23,125],"Blue Candle":[0],"Bronze Scales":[158],"Pen Nib":[16],"Ectoplasm":326,"Nloth\u0027s Gift":4,"obtain_stats":[{"Happy Flower":9,"Singing Bowl":26,"Blue Candle":25,"Pen Nib":10,"Burning Blood":0,"Blood Vial":28,"SlaversCollar":34,"Centennial Puzzle":3,"Anchor":38,"Matryoshka":23,"Bronze Scales":26,"Tiny Chest":6,"Ectoplasm":17,"Nloth\u0027s Gift":24,"Runic Pyramid":0},{"Happy Flower":4,"Singing Bowl":15,"Blue Candle":15,"Pen Nib":5,"Burning Blood":0,"Blood Vial":16,"SlaversCollar":19,"Centennial Puzzle":2,"Anchor":22,"Matryoshka":14,"Bronze Scales":15,"Tiny Chest":3,"Ectoplasm":9,"Nloth\u0027s Gift":14,"Runic Pyramid":0},{"Happy Flower":15,"Singing Bowl":76,"Blue Candle":76,"Pen Nib":22,"Burning Blood":0,"Blood Vial":81,"SlaversCollar":99,"Centennial Puzzle":8,"Anchor":116,"Matryoshka":68,"Bronze Scales":76,"Tiny Chest":12,"Ectoplasm":44,"Nloth\u0027s Gift":68,"Runic Pyramid":0}]},"card_choices":[{"not_picked":["Sever Soul","Fire Breathing"],"picked":"Seeing Red","floor":1},{"not_picked":["Anger","Clothesline"],"picked":"Uppercut","floor":2},{"not_picked":["Warcry","Flex"],"picked":"Cleave","floor":6},{"not_picked":["Perfected Strike","Anger","Flex"],"picked":"SKIP","floor":7},{"not_picked":["Hemokinesis","Pommel Strike"],"picked":"Intimidate","floor":10},{"not_picked":["Headbutt","Heavy Blade","Sword Boomerang"],"picked":"SKIP","floor":11},{"not_picked":["Headbutt","Iron Wave"],"picked":"Reaper","floor":12},{"not_picked":["Shockwave","Body Slam"],"picked":"Flame Barrier","floor":14},{"not_picked":["Brutality","Bludgeon"],"picked":"Feed","floor":16},{"not_picked":["Pommel Strike","Reckless Charge"],"picked":"Inflame","floor":18},{"not_picked":["Dropkick","Perfected Strike"],"picked":"Blood for Blood","floor":19},{"not_picked":["Cleave","Twin Strike","Battle Trance+1"],"picked":"SKIP","floor":21},{"not_picked":["Flex","Shrug It Off"],"picked":"Armaments","floor":22},{"not_picked":["Sword Boomerang","Searing Blow+1"],"picked":"Clothesline","floor":23},{"not_picked":["Cleave","Juggernaut"],"picked":"Demon Form","floor":25},{"not_picked":["Brutality","Hemokinesis+1","Uppercut"],"picked":"Singing Bowl","floor":28},{"not_picked":["True Grit","Burning Pact"],"picked":"Evolve+1","floor":29},{"not_picked":["Clash","Reckless Charge","Dropkick"],"picked":"Singing Bowl","floor":31},{"not_picked":["Immolate","Feed"],"picked":"Limit Break","floor":33},{"not_picked":["Ghostly Armor","Warcry","Iron Wave+1"],"picked":"Singing Bowl","floor":35},{"not_picked":["Warcry+1","Sword Boomerang+1","Barricade"],"picked":"Singing Bowl","floor":36},{"not_picked":["Twin Strike+1","Clash","Pummel"],"picked":"Singing Bowl","floor":37}],"player_experience":314027,"relics_obtained":[{"floor":6,"key":"Tiny Chest"},{"floor":9,"key":"Happy Flower"},{"floor":10,"key":"Pen Nib"},{"floor":23,"key":"Matryoshka"},{"floor":25,"key":"Blue Candle"},{"floor":26,"key":"Bronze Scales"},{"floor":26,"key":"Singing Bowl"},{"floor":28,"key":"Blood Vial"}],"event_choices":[{"damage_healed":0,"gold_gain":0,"player_choice":"Success","damage_taken":12,"relics_obtained":["Centennial Puzzle"],"max_hp_gain":0,"max_hp_loss":0,"event_name":"Scrap Ooze","floor":3,"gold_loss":0},{"cards_removed":["Strike_R"],"damage_healed":0,"gold_gain":0,"player_choice":"Card Removal","damage_taken":7,"max_hp_gain":0,"max_hp_loss":0,"event_name":"Golden Wing","floor":4,"gold_loss":0},{"damage_healed":0,"gold_gain":0,"player_choice":"Got Potions","damage_taken":0,"max_hp_gain":0,"max_hp_loss":0,"event_name":"Lab","floor":5,"gold_loss":0},{"damage_healed":0,"gold_gain":0,"player_choice":"Traded Relic","damage_taken":0,"relics_obtained":["Nloth\u0027s Gift"],"max_hp_gain":0,"max_hp_loss":0,"event_name":"N\u0027loth","floor":24,"relics_lost":["Tiny Chest"],"gold_loss":0}],"is_beta":true,"boss_relics":[{"not_picked":["Velvet Choker","Tiny House"],"picked":"Ectoplasm"},{"not_picked":["Mark of Pain","Runic Cube"],"picked":"SlaversCollar"}],"items_purged_floors":[20],"is_endless":false,"potions_floor_spawned":[1,7,10,12,18,21,25,28,29,31,37],"killed_by":"Maw","ascension_level":10}}