{"host":"mb4j77vqrnqglrk8","time":1613133207,"event":{"mods":["BaseMod","Downfall","Minty Spire (QoL Compilation)","StSLib"],"gold_per_floor":[99,115,126,138,13,33,33,33,47,47,57,83,83,112,141,257,269,281,293,322,63,63,63,89,101,101,101,113,113,113,113,113],"floor_reached":30,"language":"ENG","playtime":2215,"items_purged":["Slimebound:Defend_Slimebound"],"score":265,"play_id":"9d60d945-3ca9-437e-aa8e-4113d8859a89","local_time":"20210212233327","is_ascension_mode":false,"campfire_choices":[{"data":"Slimebound:Split","floor":1,"key":"SMITH"},{"data":"Slimebound:Equalize","floor":10,"key":"SMITH"},{"data":"Slimebound:OozeBath","floor":18,"key":"SMITH"},{"floor":29,"key":"REST"}],"circlet_count":0,"master_deck":["Slimebound:Strike_Slimebound","Slimebound:Strike_Slimebound","Slimebound:Strike_Slimebound","Slimebound:Tackle","Slimebound:Defend_Slimebound","Slimebound:Defend_Slimebound","Slimebound:Defend_Slimebound","Slimebound:Split+1","Slimebound:CorrosiveSpit","Slimebound:LivingWall","Slimebound:SlimeTap","Slimebound:SplitMire","Slimebound:Prepare","Slimebound:GoopSpray","Dramatic Entrance","Slimebound:SplitMire","Slimebound:Equalize+1","Slimebound:LivingWall","Slimebound:FinishingTackle","Slimebound:RollThrough","Slimebound:SamplingLick","Slimebound:OozeBath+1","Slimebound:BestDefense","Slimebound:SplitMire","Slimebound:DuplicatedForm","expansioncontent:DashGenerateEvil","Slimebound:RainOfGoop","Parasite","Parasite","Slimebound:DisruptingSlam","Slimebound:LevelUp"],"relics":["Slimebound:AbsorbEndCombat","MealTicket","downfall:ExtraCursedKey","MawBank","Black Star","Nloth\u0027s Gift","Lantern"],"acts_visited":["Exordium","TheCity"],"potions_floor_usage":[25,30,30,30],"damage_taken":[{"damage":1,"enemies":"Jaw Worm","floor":2,"turns":4},{"damage":7,"enemies":"2 Louse","floor":3,"turns":3},{"damage":0,"enemies":"Small Slimes","floor":4,"turns":4},{"damage":0,"enemies":"downfall:FleeingMerchant","floor":5,"turns":4},{"damage":10,"enemies":"Gremlin Gang","floor":6,"turns":4},{"damage":3,"enemies":"2 Fungi Beasts","floor":9,"turns":4},{"damage":7,"enemies":"3 Louse","floor":11,"turns":4},{"damage":0,"enemies":"Lagavulin","floor":12,"turns":7},{"damage":5,"enemies":"3 Sentries","floor":14,"turns":6},{"damage":5,"enemies":"Exordium Thugs","floor":15,"turns":3},{"damage":13,"enemies":"WA_ARCHETYPE_RETAIN","floor":16,"turns":6},{"damage":0,"enemies":"Chosen","floor":19,"turns":1},{"damage":20,"enemies":"Spheric Guardian","floor":20,"turns":5},{"damage":3,"enemies":"downfall:FleeingMerchant","floor":21,"turns":4},{"damage":33,"enemies":"Centurion and Healer","floor":25,"turns":6},{"damage":6,"enemies":"Chosen and Byrds","floor":28,"turns":4},{"damage":74,"enemies":"Gremlin Leader","floor":30,"turns":6}],"seed_played":"8560974074501772998","potions_obtained":[{"floor":4,"key":"Weak Potion"},{"floor":9,"key":"Weak Potion"},{"floor":12,"key":"champ:CounterPotion"},{"floor":14,"key":"Regen Potion"},{"floor":15,"key":"CultistPotion"},{"floor":25,"key":"LiquidBronze"}],"is_trial":false,"path_per_floor":["R","M","M","M","$","M","T","?","M","R","M","E","?","E","M","B",null,"R","M","M","$","?","?","T","M","?","?","M","R","E"],"character_chosen":"SLIMEBOUND","items_purchased":["Slimebound:GoopSpray","Dramatic Entrance","expansioncontent:DashGenerateEvil"],"campfire_rested":1,"item_purchase_floors":[5,5,21],"current_hp_per_floor":[65,65,60,64,65,58,58,58,59,59,60,65,65,65,65,65,65,65,65,53,65,65,65,65,60,60,41,55,65,0,0,0],"gold":113,"neow_bonus":"","is_daily":false,"chose_seed":false,"campfire_upgraded":3,"win_rate":0.0,"timestamp":1613133207,"path_taken":["R","M","M","M","$","M","T","?","M","R","M","E","?","E","M","BOSS","R","M","M","$","?","?","T","?","?","?","M","R","E"],"items_purchased_type":["Card","Card","Card"],"build_version":"2020-12-22","purchased_purges":1,"victory":false,"max_hp_per_floor":[65,65,65,65,65,65,65,65,65,65,65,65,65,65,65,65,65,65,65,65,65,65,65,65,65,65,65,65,65,65,65,65],"card_choices":[{"not_picked":["Slimebound:SplitLeeching","Slimebound:GoopTackle"],"picked":"Slimebound:LivingWall","floor":2},{"not_picked":["Slimebound:LeechingTouch","Slimebound:ViciousTackle"],"picked":"Slimebound:SlimeTap","floor":3},{"not_picked":["Slimebound:GoopTackle","Slimebound:SamplingLick"],"picked":"Slimebound:SplitMire","floor":4},{"not_picked":["Slimebound:LeechingTouch","Slimebound:RollThrough"],"picked":"Slimebound:Prepare","floor":5},{"not_picked":["Slimebound:SplitLeeching","Slimebound:DouseInSlime"],"picked":"Slimebound:SplitMire","floor":6},{"not_picked":["Slimebound:LeechingTouch","Slimebound:RollThrough"],"picked":"Slimebound:Equalize","floor":9},{"not_picked":["Slimebound:PressTheAttack","Slimebound:ItLooksTasty"],"picked":"Slimebound:LivingWall","floor":11},{"not_picked":["Slimebound:TongueLash","Slimebound:ItLooksTasty"],"picked":"Slimebound:FinishingTackle","floor":12},{"not_picked":["Slimebound:FinishingTackle","Slimebound:FormOfPuddle"],"picked":"Slimebound:RollThrough","floor":14},{"not_picked":["Slimebound:Chomp","Slimebound:SplitAcid"],"picked":"Slimebound:SamplingLick","floor":15},{"not_picked":["Slimebound:DuplicatedForm","Slimebound:Overexert"],"picked":"Slimebound:OozeBath","floor":16},{"not_picked":["Slimebound:RejuvenatingLick+1","Slimebound:LevelUp"],"picked":"Slimebound:BestDefense","floor":19},{"not_picked":["Slimebound:SplitBruiser+1","Slimebound:Gluttony"],"picked":"Slimebound:SplitMire","floor":20},{"not_picked":["Slimebound:LeechingTouch","Slimebound:SamplingLick"],"picked":"Slimebound:DuplicatedForm","floor":21},{"not_picked":["Slimebound:SlimeBarrage+1","Slimebound:SplitMire"],"picked":"Slimebound:DisruptingSlam","floor":25},{"not_picked":["Slimebound:SlimeBarrage","Slimebound:ItLooksTasty"],"picked":"Slimebound:LevelUp","floor":28}],"player_experience":0,"relics_obtained":[{"floor":7,"key":"Sundial"},{"floor":12,"key":"MealTicket"},{"floor":14,"key":"MawBank"},{"floor":24,"key":"Lantern"}],"event_choices":[{"damage_healed":0,"gold_gain":0,"player_choice":"Read","damage_taken":0,"max_hp_gain":0,"max_hp_loss":0,"event_name":"The Library","floor":22,"gold_loss":0,"cards_obtained":["Slimebound:RainOfGoop"]},{"damage_healed":0,"gold_gain":0,"player_choice":"Ignored","damage_taken":0,"max_hp_gain":0,"max_hp_loss":0,"event_name":"Ghosts","floor":26,"gold_loss":0}],"is_beta":false,"boss_relics":[{"not_picked":["Philosopher\u0027s Stone","Velvet Choker"],"picked":"Black Star"}],"items_purged_floors":[21],"is_endless":false,"potions_floor_spawned":[4,9,12,14,15,25],"killed_by":"Gremlin Leader","ascension_level":0}}