{"host":"7qoz5gmva6til3yp","time":1613146425,"event":{"mods":["2.2 Compatiblity","BaseMod","Minty Spire (QoL Compilation)","StSLib","SuperFastMode"],"gold_per_floor":[13,24,24,41,52,52,80,80,80,1,16,16,29,29,29,131,131,131,56,11,11,11,11,11,11,11,11,11,11,11,11,11,11,11],"floor_reached":33,"language":"KOR","playtime":959,"items_purged":["Defend_G"],"score":462,"play_id":"e4091705-2244-41ee-8a07-acdba8fc2cfb","local_time":"20210213011345","is_ascension_mode":true,"campfire_choices":[{"data":"Underhanded Strike","floor":6.0,"key":"SMITH"},{"data":"Phantasmal Killer","floor":8.0,"key":"SMITH"},{"floor":12.0,"key":"REST"},{"floor":15.0,"key":"REST"},{"floor":28.0,"key":"REST"},{"floor":32.0,"key":"REST"}],"circlet_count":0,"master_deck":["AscendersBane","Strike_G","Strike_G","Strike_G","Defend_G","Defend_G","Defend_G","Survivor","Neutralize","Dagger Throw","PiercingWail","Underhanded Strike+1","Phantasmal Killer+1","Tactician","Cloak And Dagger","Cloak And Dagger","Adrenaline","Backflip","Underhanded Strike","Acrobatics","Prepared+1","Decay","Wraith Form v2"],"relics":["Ring of the Snake","Strawberry","StrikeDummy","Ectoplasm","Vajra","The Specimen","Centennial Puzzle","Bag of Marbles"],"acts_visited":["TheCity"],"potions_floor_usage":[33],"damage_taken":[{"damage":2.0,"enemies":"Jaw Worm","floor":1.0,"turns":5.0},{"damage":0.0,"enemies":"Cultist","floor":2.0,"turns":3.0},{"damage":0.0,"enemies":"Small Slimes","floor":4.0,"turns":3.0},{"damage":0.0,"enemies":"2 Fungi Beasts","floor":5.0,"turns":4.0},{"damage":39.0,"enemies":"3 Sentries","floor":7.0,"turns":13.0},{"damage":7.0,"enemies":"Exordium Thugs","floor":11.0,"turns":5.0},{"damage":7.0,"enemies":"Large Slime","floor":13.0,"turns":5.0},{"damage":22.0,"enemies":"Hexaghost","floor":16.0,"turns":11.0},{"damage":0.0,"enemies":"Chosen","floor":18.0,"turns":4.0},{"damage":6.0,"enemies":"2 Thieves","floor":20.0,"turns":4.0},{"damage":25.0,"enemies":"Centurion and Healer","floor":22.0,"turns":4.0},{"damage":35.0,"enemies":"Slavers","floor":23.0,"turns":6.0},{"damage":0.0,"enemies":"Snake Plant","floor":24.0,"turns":4.0},{"damage":16.0,"enemies":"Book of Stabbing","floor":25.0,"turns":7.0},{"damage":0.0,"enemies":"3 Cultists","floor":27.0,"turns":4.0},{"damage":0.0,"enemies":"Shelled Parasite and Fungi","floor":31.0,"turns":3.0},{"damage":47,"enemies":"Collector","floor":33,"turns":5}],"seed_played":"-4984021579784153620","potions_obtained":[{"floor":1.0,"key":"CunningPotion"},{"floor":2.0,"key":"Explosive Potion"},{"floor":11.0,"key":"AttackPotion"},{"floor":13.0,"key":"SpeedPotion"},{"floor":20.0,"key":"Regen Potion"},{"floor":22.0,"key":"Dexterity Potion"},{"floor":24.0,"key":"Fire Potion"}],"is_trial":false,"path_per_floor":["M","M","?","M","M","R","E","R","T","$","M","R","M","$","R","B",null,"M","$","M","T","M","E","M","E","T","M","R","?","?","M","R","B"],"character_chosen":"THE_SILENT","items_purchased":["Tactician"],"campfire_rested":4,"item_purchase_floors":[10],"current_hp_per_floor":[61,61,61,61,61,61,29,29,29,29,22,45,38,38,61,39,68,68,68,62,62,37,17,17,1,1,1,24,24,24,24,47,0,0],"gold":11,"neow_bonus":"REMOVE_TWO","is_daily":false,"chose_seed":false,"campfire_upgraded":2,"win_rate":0.0,"timestamp":1613146425,"path_taken":["M","M","?","M","M","R","E","R","T","$","M","R","?","$","R","BOSS","M","$","M","?","M","E","M","E","T","M","R","?","?","M","R","BOSS"],"items_purchased_type":["Card"],"build_version":"2020-12-22","purchased_purges":1,"victory":false,"max_hp_per_floor":[70,70,70,70,70,70,77,77,77,77,77,77,77,77,77,77,77,77,77,77,77,77,77,77,77,77,77,77,77,77,77,77,77,77],"card_choices":[{"not_picked":["Dagger Throw","Leg Sweep","Reflex"],"picked":"SKIP","floor":1.0},{"not_picked":["Leg Sweep","Reflex"],"picked":"Dagger Throw","floor":1.0},{"not_picked":["Blade Dance","Deflect","Choke"],"picked":"SKIP","floor":2.0},{"not_picked":["Underhanded Strike","Heel Hook"],"picked":"PiercingWail","floor":4.0},{"not_picked":["Flechettes","Cloak And Dagger"],"picked":"Underhanded Strike","floor":5.0},{"not_picked":["Deadly Poison","Dagger Spray"],"picked":"Phantasmal Killer","floor":7.0},{"not_picked":["Finisher","Dagger Spray"],"picked":"Cloak And Dagger","floor":11.0},{"not_picked":["Dagger Throw","Noxious Fumes"],"picked":"Cloak And Dagger","floor":13.0},{"not_picked":["Wraith Form v2","Unload"],"picked":"Adrenaline","floor":16.0},{"not_picked":["Dodge and Roll","Bouncing Flask","Flying Knee"],"picked":"SKIP","floor":18.0},{"not_picked":["Blade Dance","Reflex"],"picked":"Backflip","floor":20.0},{"not_picked":["Flying Knee","Footwork"],"picked":"Underhanded Strike","floor":22.0},{"not_picked":["Dodge and Roll","Masterful Stab","Sucker Punch"],"picked":"SKIP","floor":23.0},{"not_picked":["Footwork","Dagger Spray"],"picked":"Acrobatics","floor":24.0},{"not_picked":["Storm of Steel","Calculated Gamble","Sucker Punch"],"picked":"SKIP","floor":25.0},{"not_picked":["Blur","Poisoned Stab"],"picked":"Prepared+1","floor":27.0},{"not_picked":["Acrobatics","Deflect"],"picked":"Wraith Form v2","floor":31.0}],"player_experience":475188,"relics_obtained":[{"floor":7.0,"key":"Strawberry"},{"floor":9.0,"key":"StrikeDummy"},{"floor":21.0,"key":"Vajra"},{"floor":23.0,"key":"The Specimen"},{"floor":25.0,"key":"Centennial Puzzle"},{"floor":26.0,"key":"Bag of Marbles"}],"event_choices":[{"cards_removed":["Strike_G"],"damage_healed":0.0,"max_hp_gain":0.0,"max_hp_loss":0.0,"gold_gain":0.0,"event_name":"Bonfire Elementals","player_choice":"Offered Basic","floor":3.0,"gold_loss":0.0,"damage_taken":0.0},{"damage_healed":0.0,"max_hp_gain":0.0,"max_hp_loss":0.0,"gold_gain":99.0,"event_name":"Nest","player_choice":"Stole From Cult","floor":29.0,"gold_loss":0.0,"damage_taken":0.0},{"damage_healed":0.0,"max_hp_gain":0.0,"max_hp_loss":0.0,"gold_gain":0.0,"event_name":"Wheel of Change","player_choice":"Cursed","floor":30.0,"gold_loss":0.0,"damage_taken":0.0,"cards_obtained":["Decay"]}],"is_beta":false,"boss_relics":[{"not_picked":["Calling Bell","Runic Pyramid"],"picked":"Ectoplasm"}],"items_purged_floors":[19],"is_endless":false,"potions_floor_spawned":[1,2,11,13,18,20,22,24],"killed_by":"Collector","ascension_level":12}}