{"host":"a20qfyjn5xm2mdxh","time":1613144491,"event":{"mods":["BaseMod","Downfall","Minty Spire (QoL Compilation)","Relic Stats","Reliquary","Replay The Spire","StSLib"],"gold_per_floor":[99,99,99,99,99,99,99,99,153,167,180,180,199,374,424,471,502,609,621,533,565,120,133,147,247,247,260,276,58,58,58,84,69,83,185,185,85,101,119,136,198,248,273,288,288,307,334,234,234,268,286,286,286,286],"floor_reached":52,"language":"ZHS","playtime":5130,"items_purged":["Doubt","downfall:Aged"],"score":782,"play_id":"029c836b-42c9-411f-b54d-536f5ca45cdc","local_time":"20210212234131","is_ascension_mode":false,"campfire_choices":[{"data":"Slimebound:Split","floor":1,"key":"SMITH"},{"data":"Slimebound:Repurpose","floor":8,"key":"SMITH"},{"floor":20,"key":"RECALL"},{"data":"expansioncontent:StudyTheSpire","floor":30,"key":"SMITH"},{"data":"Slimebound:MassFeed","floor":48,"key":"SMITH"},{"data":"Slimebound:OneTwoCombo","floor":48,"key":"SMITH"}],"circlet_count":0,"master_deck":["Slimebound:Strike_Slimebound","Slimebound:Strike_Slimebound","Slimebound:Strike_Slimebound","Slimebound:Tackle","Slimebound:Defend_Slimebound","Slimebound:Defend_Slimebound","Slimebound:Defend_Slimebound","Slimebound:Split+1","Slimebound:CorrosiveSpit","Slimebound:SpikyOuterGoop","Slimebound:Schlurp","Slimebound:Repurpose+1","Voices","Slimebound:LeechingTouch","Slimebound:ItLooksTasty","Slimebound:SplitMire","Slimebound:SplitBruiser","ReplayTheSpireMod:Splinters","Slimebound:PrepareCrush","Slimebound:FormOfPuddle","Sickly","Slimebound:AcidTongue+1","expansioncontent:StudyTheSpire+1","expansioncontent:QuickStudy","Slimebound:SplitLeeching+1","Slimebound:GrowthPunch","Looming Evil","Slimebound:GrowthPunch+1","Slimebound:TongueLash","Slimebound:CheckThePlaybook","downfall:Icky","Slimebound:LeechEnergy+1","Languid","Slimebound:MassFeed+1","Slimebound:SplitBruiser+1","Parasite","Regret","Clumsy","Slimebound:OneTwoCombo+1","Slimebound:LeadByExample+1","Replay:Hysterical Blindness","Overencumbered","Slimebound:LivingWall+1","Slimebound:Darklings","Slimebound:SlimeBarrage","Slimebound:SplitAcid+1","Slimebound:SpikyOuterGoop+1","Slimebound:RallyTheTroops","Slimebound:SplitLeeching+1"],"relics":["downfall:HeartsMalice","Ring of Fangs","ReplayTheSpireMod:Ring of Collecting","Ring of Misfortune","Simple Rune","m_BurningSludge","Ring of Greed","MawBank","The Courier","reliquary:HotPoker","Replay:Grab Bag","Runic Dome","Cursed Key","Honey Jar","downfall:HeartBlessingBlue","ReplayTheSpireMod:TigerMarble","reliquary:Sideboard","Ring of Fury","reliquary:Firecrackers","ReplayTheSpireMod:Ninjato","Black Star","downfall:HeartBlessingRed","Mummified Hand","Replay:Arrowhead","ReplayTheSpireMod:Ring of Exchange","Omamori","reliquary:TridentHead","InkBottle","downfall:HeartBlessingGreen","Replay:Rubber Ducky","reliquary:Boomerang"],"acts_visited":["Exordium","TheCity","TheBeyond"],"potions_floor_usage":[35,35,35,35,35,35],"damage_taken":[{"damage":0,"enemies":"Small Slimes","floor":2,"turns":1},{"damage":0,"enemies":"2 Louse","floor":3,"turns":1},{"damage":0,"enemies":"Cultist","floor":4,"turns":1},{"damage":7,"enemies":"3 Louse","floor":10,"turns":4},{"damage":1,"enemies":"Blue Slaver","floor":11,"turns":4},{"damage":7,"enemies":"Lots of Slimes","floor":13,"turns":5},{"damage":0,"enemies":"Lagavulin","floor":16,"turns":6},{"damage":15,"enemies":"3 Louse","floor":17,"turns":4},{"damage":9,"enemies":"SI_SHIV_ARCHETYPE","floor":18,"turns":10},{"damage":0,"enemies":"Chosen","floor":21,"turns":4},{"damage":1,"enemies":"downfall:FleeingMerchant","floor":22,"turns":4},{"damage":17,"enemies":"Snecko","floor":23,"turns":5},{"damage":0,"enemies":"Cultist and Chosen","floor":24,"turns":7},{"damage":9,"enemies":"Centurion and Healer","floor":27,"turns":6},{"damage":0,"enemies":"Snecko","floor":28,"turns":3},{"damage":0,"enemies":"downfall:FleeingMerchant","floor":29,"turns":4},{"damage":76,"enemies":"Slavers","floor":32,"turns":5},{"damage":0,"enemies":"downfall:FleeingMerchant","floor":33,"turns":4},{"damage":11,"enemies":"Snake Plant","floor":34,"turns":4},{"damage":16,"enemies":"DF_ARCHETYPE_CLAW","floor":35,"turns":6},{"damage":3,"enemies":"3 Shapes","floor":38,"turns":2},{"damage":3,"enemies":"Orb Walker","floor":39,"turns":1},{"damage":16,"enemies":"Writhing Mass","floor":40,"turns":5},{"damage":0,"enemies":"downfall:FleeingMerchant","floor":41,"turns":2},{"damage":0,"enemies":"downfall:FleeingMerchant","floor":42,"turns":2},{"damage":19,"enemies":"Spire Growth","floor":44,"turns":4},{"damage":0,"enemies":"3 Darklings","floor":46,"turns":2},{"damage":8,"enemies":"Giant Head","floor":47,"turns":7},{"damage":21,"enemies":"Reptomancer","floor":50,"turns":5},{"damage":0,"enemies":"Sphere and 2 Shapes","floor":51,"turns":1},{"damage":81,"enemies":"WA_ARCHETYPE_DIVINITY","floor":52,"turns":5}],"seed_played":"-7893192037340458013","potions_obtained":[{"floor":11,"key":"Guardian:BlockOnCardUsePotion"},{"floor":16,"key":"Fire Potion"},{"floor":18,"key":"ColorlessPotion"},{"floor":21,"key":"Fire Potion"},{"floor":24,"key":"Block Potion"},{"floor":28,"key":"Fire Potion"},{"floor":34,"key":"EntropicBrew"},{"floor":38,"key":"Fire Potion"},{"floor":40,"key":"Explosive Potion"},{"floor":42,"key":"Fire Potion"}],"is_trial":false,"path_per_floor":["R","M","M","M","?","PTL","PTL","R","T","M","M","?","M","?","T","E","M","B",null,"R","M","$","M","M","?","T","M","M","$","R","?","E","$","M","B",null,"R","M","M","M","$","?","T","M","?","M","E","R","?","E","M","B"],"character_chosen":"SLIMEBOUND","items_purchased":["ReplayTheSpireMod:TigerMarble","expansioncontent:StudyTheSpire","expansioncontent:QuickStudy","reliquary:Firecrackers","Mummified Hand"],"campfire_rested":0,"item_purchase_floors":[22,22,22,29,41],"current_hp_per_floor":[65,65,65,65,65,65,65,65,65,62,65,65,62,62,62,65,56,53,65,75,75,75,62,68,68,68,65,71,75,75,75,26,32,23,22,75,75,78,80,73,77,84,84,71,71,76,77,77,77,62,68,0,0,0],"gold":286,"neow_bonus":"THREE_ENEMY_KILL","is_daily":false,"chose_seed":false,"campfire_upgraded":5,"win_rate":0.0,"timestamp":1613144491,"path_taken":["R","M","M","M","?","PTL","PTL","R","T","M","M","?","M","?","?","E","M","BOSS","R","M","$","M","M","?","T","M","M","?","R","?","E","?","M","BOSS","R","M","M","?","$","?","T","M","?","M","E","R","?","E","M","BOSS"],"items_purchased_type":["Relic","Card","Card","Relic","Relic"],"build_version":"2020-12-22","purchased_purges":2,"victory":false,"max_hp_per_floor":[65,65,65,65,65,65,65,65,65,65,65,65,65,65,65,65,65,65,65,75,75,75,75,75,75,75,75,75,75,75,75,75,75,75,75,75,75,78,81,84,84,84,84,84,84,87,90,90,90,90,90,90,90,90],"relic_stats":{"counters":[31,118],"Mummified Hand":[34],"Black Star":2,"MawBank":84,"Cursed Key":2,"obtain_stats":[{"ReplayTheSpireMod:Ring of Exchange":43,"reliquary:Boomerang":50,"reliquary:Firecrackers":29,"downfall:HeartBlessingGreen":48,"Cursed Key":19,"Replay:Rubber Ducky":50,"reliquary:TridentHead":47,"reliquary:HotPoker":16,"Ring of Fangs":5,"downfall:HeartBlessingBlue":20,"Mummified Hand":41,"Honey Jar":19,"InkBottle":47,"ReplayTheSpireMod:Ninjato":32,"downfall:HeartBlessingRed":37,"reliquary:Sideboard":26,"Replay:Grab Bag":19,"downfall:HeartsMalice":0,"The Courier":15,"Omamori":43,"Ring of Greed":15,"MawBank":15,"Replay:Arrowhead":42,"Runic Dome":19,"ReplayTheSpireMod:Ring of Collecting":5,"Ring of Misfortune":9,"Simple Rune":9,"Ring of Fury":26,"Slimebound:AbsorbEndCombat":0,"ReplayTheSpireMod:TigerMarble":22,"Black Star":36,"m_BurningSludge":12},{"ReplayTheSpireMod:Ring of Exchange":25,"reliquary:Boomerang":29,"reliquary:Firecrackers":16,"downfall:HeartBlessingGreen":28,"Cursed Key":9,"Replay:Rubber Ducky":29,"reliquary:TridentHead":28,"reliquary:HotPoker":7,"Ring of Fangs":3,"downfall:HeartBlessingBlue":9,"Mummified Hand":24,"Honey Jar":9,"InkBottle":28,"ReplayTheSpireMod:Ninjato":17,"downfall:HeartBlessingRed":20,"reliquary:Sideboard":13,"Replay:Grab Bag":9,"downfall:HeartsMalice":0,"The Courier":6,"Omamori":25,"Ring of Greed":6,"MawBank":6,"Replay:Arrowhead":25,"Runic Dome":9,"ReplayTheSpireMod:Ring of Collecting":3,"Ring of Misfortune":3,"Simple Rune":3,"Ring of Fury":13,"Slimebound:AbsorbEndCombat":0,"ReplayTheSpireMod:TigerMarble":11,"Black Star":20,"m_BurningSludge":5},{"ReplayTheSpireMod:Ring of Exchange":94,"reliquary:Boomerang":112,"reliquary:Firecrackers":63,"downfall:HeartBlessingGreen":107,"Cursed Key":31,"Replay:Rubber Ducky":112,"reliquary:TridentHead":107,"reliquary:HotPoker":17,"Ring of Fangs":0,"downfall:HeartBlessingBlue":31,"Mummified Hand":92,"Honey Jar":31,"InkBottle":107,"ReplayTheSpireMod:Ninjato":68,"downfall:HeartBlessingRed":82,"reliquary:Sideboard":50,"Replay:Grab Bag":31,"downfall:HeartsMalice":0,"The Courier":11,"Omamori":94,"Ring of Greed":11,"MawBank":11,"Replay:Arrowhead":94,"Runic Dome":31,"ReplayTheSpireMod:Ring of Collecting":0,"Ring of Misfortune":0,"Simple Rune":0,"Ring of Fury":50,"Slimebound:AbsorbEndCombat":0,"ReplayTheSpireMod:TigerMarble":38,"Black Star":82,"m_BurningSludge":7}],"InkBottle":[13]},"card_choices":[{"not_picked":["Slimebound:Prepare","Slimebound:HauntingLick"],"picked":"Slimebound:SpikyOuterGoop","floor":2},{"not_picked":["Slimebound:PressTheAttack","Slimebound:ForwardTackle"],"picked":"Slimebound:Schlurp","floor":3},{"not_picked":["Slimebound:ItLooksTasty","Slimebound:Gluttony"],"picked":"Slimebound:Repurpose","floor":4},{"not_picked":["Slimebound:ComboTackle","Slimebound:RainOfGoop"],"picked":"Slimebound:LeechingTouch","floor":10},{"not_picked":["Slimebound:SamplingLick","Slimebound:LeechingTouch"],"picked":"Slimebound:ItLooksTasty","floor":11},{"not_picked":["Slimebound:Schlurp","Slimebound:Prepare"],"picked":"Slimebound:SplitMire","floor":13},{"not_picked":["Slimebound:FinishingTackle","Slimebound:GoopSpray"],"picked":"Slimebound:SelfFormingGoo","floor":16},{"not_picked":["Pummel","Slimebound:FinishingTackle"],"picked":"Slimebound:SplitBruiser","floor":17},{"not_picked":["Slimebound:SlimeSlap","Slimebound:Overexert"],"picked":"Slimebound:PrepareCrush","floor":18},{"not_picked":["Slimebound:HauntingLick","Slimebound:GoopTackle","Slimebound:FinishingTackle"],"picked":"Slimebound:FormOfPuddle","floor":21},{"not_picked":["Slimebound:Repurpose+1","Slimebound:MegaLick","Slimebound:RollThrough+1"],"picked":"Slimebound:AcidTongue+1","floor":22},{"not_picked":["Slimebound:Schlurp","Slimebound:ItLooksTasty","Slimebound:SlimeSpikes"],"picked":"Slimebound:SplitLeeching+1","floor":23},{"not_picked":["Slimebound:DisruptingSlam","Slimebound:AcidTongue","Slimebound:PressTheAttack+1"],"picked":"Slimebound:GrowthPunch","floor":24},{"not_picked":["Slimebound:SamplingLick","Slimebound:ItLooksTasty","Slimebound:GoopTackle"],"picked":"Slimebound:LeechingTouch","floor":27},{"not_picked":["Slimebound:Repurpose","Slimebound:SplitAcid+1","Slimebound:HauntingLick"],"picked":"Slimebound:GrowthPunch+1","floor":28},{"not_picked":["Slimebound:Nibble+1","Slimebound:RollThrough+1","Slimebound:ItLooksTasty"],"picked":"Slimebound:TongueLash","floor":29},{"not_picked":["Slimebound:Teamwork","Slimebound:PressTheAttack","Slimebound:TongueLash+1"],"picked":"Slimebound:LeechEnergy+1","floor":32},{"not_picked":["Slimebound:Schlurp","Slimebound:RejuvenatingLick+1","Slimebound:ItLooksTasty"],"picked":"Slimebound:FinishingTackle+1","floor":33},{"not_picked":["Slimebound:SplitMire","Slimebound:RollThrough+1","Slimebound:ViciousTackle"],"picked":"Slimebound:SplitBruiser+1","floor":34},{"not_picked":["Slimebound:FirmFortitude","Slimebound:PrepareCrush","Slimebound:DuplicatedForm"],"picked":"Slimebound:MassFeed","floor":35},{"not_picked":["Slimebound:Replication+1","Slimebound:LevelUp","Slimebound:LivingWall","Slimebound:ComboTackle+1"],"picked":"SKIP","floor":38},{"not_picked":["Slimebound:Equalize+1","Slimebound:LeechingTouch","Slimebound:Schlurp+1","Slimebound:Gluttony"],"picked":"SKIP","floor":39},{"not_picked":["Slimebound:DisruptingSlam","Slimebound:HauntingLick+1","Slimebound:PressTheAttack"],"picked":"Slimebound:LeadByExample+1","floor":40},{"not_picked":["Slimebound:SlimeTap","Slimebound:FlameTackle","Slimebound:GoopSpray+1"],"picked":"Slimebound:OneTwoCombo","floor":41},{"not_picked":["Slimebound:Schlurp+1","Slimebound:FormOfPuddle+1","Slimebound:LeechEnergy"],"picked":"Slimebound:LivingWall+1","floor":42},{"not_picked":["Slimebound:Gluttony","Slimebound:RainOfGoop","Slimebound:SamplingLick"],"picked":"Slimebound:SpikyOuterGoop+1","floor":44},{"not_picked":["Slimebound:LivingWall","Slimebound:SlimeBarrage","Slimebound:ComboTackle"],"picked":"Slimebound:SplitAcid+1","floor":46},{"not_picked":["Slimebound:RainOfGoop","Slimebound:RollThrough","Slimebound:ItLooksTasty"],"picked":"Slimebound:DisruptingSlam","floor":47},{"not_picked":["Slimebound:Repurpose","Slimebound:Prepare","Slimebound:Dissolve+1"],"picked":"Slimebound:RallyTheTroops","floor":50},{"not_picked":["Slimebound:LeechEnergy","Slimebound:SlimeTap","Slimebound:LeechingTouch"],"picked":"Slimebound:SplitLeeching+1","floor":51}],"player_experience":245327,"relics_obtained":[{"floor":5,"key":"Ring of Fangs"},{"floor":5,"key":"ReplayTheSpireMod:Ring of Collecting"},{"floor":9,"key":"Ring of Misfortune"},{"floor":9,"key":"Simple Rune"},{"floor":15,"key":"Ring of Greed"},{"floor":15,"key":"MawBank"},{"floor":15,"key":"The Courier"},{"floor":16,"key":"reliquary:HotPoker"},{"floor":26,"key":"reliquary:Sideboard"},{"floor":26,"key":"Ring of Fury"},{"floor":32,"key":"ReplayTheSpireMod:Ninjato"},{"floor":42,"key":"Replay:Arrowhead"},{"floor":43,"key":"ReplayTheSpireMod:Ring of Exchange"},{"floor":43,"key":"Omamori"},{"floor":47,"key":"reliquary:TridentHead"},{"floor":47,"key":"InkBottle"},{"floor":50,"key":"Replay:Rubber Ducky"},{"floor":50,"key":"reliquary:Boomerang"}],"event_choices":[],"is_beta":false,"boss_relics":[{"not_picked":["Busted Crown","Astrolabe"],"picked":"Replay:Grab Bag"},{"not_picked":["Coffee Dripper","SlaversCollar"],"picked":"Runic Dome"},{"not_picked":["Fusion Hammer","Velvet Choker"],"picked":"Cursed Key"},{"not_picked":["Runic Pyramid","SacredBark"],"picked":"Honey Jar"},{"not_picked":["bronze:MakeshiftBattery","Pandora\u0027s Box"],"picked":"Black Star"}],"items_purged_floors":[22,41],"is_endless":false,"potions_floor_spawned":[11,16,18,21,24,28,34,38,40,42,44],"killed_by":"WA_ARCHETYPE_DIVINITY","ascension_level":0}}