{"host":"6eqettg8x500vlqx","time":1613126754,"event":{"mods":["Act Like it!","Ascension Reborn","BaseMod","Colored Map","Colored Powertips","Defuse TimeMaze Blight","Downfall","Energized Spire","Gremlin Mod","GungeonMod","Hallownest","Hubris","Minty Spire (QoL Compilation)","Pale of the Ancients","Quick Restart","READ ME - Guardian Mod","Relic Stats","Replay The Spire","SOS（斯巴达之子）","Shop Mod","Spicy Shops","StSLib","The Bug Knight","The Construct","The Jungle","The Runesmith","[IsaacMod]以撒尖塔","【遗物卡牌】REMEMod","篝火指南"],"gold_per_floor":[209,219,20,35,35,35,35,64,64,64,38,56,75,0,0,96,96,106,161,10,30,30,60,60,72,72,72,89,106,106,106,106,205,205,218,218,218,260,260,260,291,291,291,291,291,323,40,57,57,7],"floor_reached":51,"language":"ZHS","playtime":2901,"items_purged":["Writhe"],"score":769,"play_id":"7ad695fa-daa4-4507-94d9-6b0335056c57","local_time":"20210212184554","is_ascension_mode":true,"campfire_choices":[{"floor":6.0,"key":"REST"},{"floor":10.0,"key":"REST"},{"floor":15.0,"key":"REST"},{"floor":24.0,"key":"REST"},{"floor":27.0,"key":"REST"},{"floor":32.0,"key":"REST"},{"floor":40.0,"key":"REST"},{"floor":42.0,"key":"REST"},{"floor":44.0,"key":"REST"},{"floor":49.0,"key":"REST"}],"circlet_count":0,"master_deck":["HollowMod:NailStrikeStart","HollowMod:NailStrikeStart","HollowMod:NailStrikeStart","HollowMod:NailStrikeStart","HollowMod:QuickDashStart","HollowMod:QuickDashStart","HollowMod:QuickDashStart","HollowMod:QuickDashStart","HollowMod:FocusHealStart","HollowMod:PogoStrike","SuicideKing","REME_EyeOfCthun","HollowMod:DescendingDark+1","HollowMod:CloakDash","Pot Of Greed","Pot Of Greed","HollowMod:DashSlash","HollowMod:GoodIntentions","HollowMod:ShadowDash","HollowMod:AwokenDreamNail","HollowMod:InfectedAttack","HollowMod:BrokenVessel","Hallownest:skillGreenpathMap","HollowMod:ZotesMagnificence","Pot Of Greed","HollowMod:CoiledNail+1","HollowMod:VengefulVoid","HollowMod:NewLittleFool","HollowMod:LifebloodCore","HollowMod:TaintedHusks","HollowMod:TaintedHusks","HollowMod:ZotesMagnificence","HollowMod:CycloneSlash+1","HollowMod:InfectionAssault+1","HollowMod:SharpenedNail+1","HollowMod:RecoilStrike+1","Pot Of Greed","HollowMod:SiblingsShadow","HollowMod:CoiledNail+1","hubris:DuctTapeCard"],"relics":["HollowMod:VesselMask","REME_ComplimentaryCards","HushsDoor","BloodBag","ReplayTheSpireMod:CursedCoin","Grinning Jar","Quantum Egg","Replay:WaspNest","DemoMod:ClearGuonStone","DemoMod:BlueGuonStone","hubris:HollowSoul","DemoMod:Orange","Vajra","hubris:DuctTape","Blue Candle","Fusion Hammer","Hallownest:KingsIdolRelic","hubris:Icosahedron","HowToJump","hubris:MysteriousPyramids","hubris:Towel","hubris:GlazedTorus","hubris:CrystalStatue"],"acts_visited":["Exordium","Hallownest:Greenpath","theJungle:Jungle"],"potions_floor_usage":[50,50],"damage_taken":[{"damage":6.0,"enemies":"Hallownest:2_Baldur","floor":1.0,"turns":2.0},{"damage":14.0,"enemies":"2_ Uuma","floor":2.0,"turns":4.0},{"damage":0.0,"enemies":"Hallownest:monsterHuskWarrior","floor":4.0,"turns":2.0},{"damage":6.0,"enemies":"Hallownest:eliteVengeflyKing","floor":8.0,"turns":5.0},{"damage":0.0,"enemies":"Hallownest:monsterAspidMother","floor":12.0,"turns":3.0},{"damage":0.0,"enemies":"Hallownest:Guard_and_Warrior","floor":13.0,"turns":3.0},{"damage":9.0,"enemies":"Hallownest:BossBrokenVessel","floor":16.0,"turns":9.0},{"damage":1.0,"enemies":"theJungle:Flameango_and_Byrd","floor":18.0,"turns":3.0},{"damage":11.0,"enemies":"theJungle:MUSHROOMGANG","floor":21.0,"turns":3.0},{"damage":29.0,"enemies":"theJungle:2_Phrogs","floor":23.0,"turns":9.0},{"damage":7.0,"enemies":"theJungle:Lyon","floor":25.0,"turns":5.0},{"damage":4.0,"enemies":"theJungle:SlimyTreeVines","floor":28.0,"turns":4.0},{"damage":24.0,"enemies":"theJungle:JungleHuntersEncounter","floor":29.0,"turns":3.0},{"damage":64.0,"enemies":"theJungle:QueenSpyder","floor":33.0,"turns":20.0},{"damage":48.0,"enemies":"Hallownest:Shield_Heavy","floor":35.0,"turns":3.0},{"damage":3.0,"enemies":"Hallownest:eliteCollector","floor":41.0,"turns":5.0},{"damage":67.0,"enemies":"Hallownest:eliteHiveKnight","floor":46.0,"turns":12.0},{"damage":9.0,"enemies":"Hallownest:3_Siblings","floor":48.0,"turns":4.0},{"damage":47,"enemies":"Hallownest:BossHollowKnight","floor":50,"turns":7}],"seed_played":"-6983710114077581537","potions_obtained":[{"floor":2.0,"key":"Guardian:BlockOnCardUsePotion"},{"floor":4.0,"key":"BlessingOfTheForge"},{"floor":8.0,"key":"Energy Potion"},{"floor":13.0,"key":"Explosive Potion"},{"floor":21.0,"key":"Adrenaline Potion"},{"floor":33.0,"key":"SteroidPotion"},{"floor":38.0,"key":"Explosive Potion"},{"floor":38.0,"key":"CultistPotion"},{"floor":46.0,"key":"champ:CounterPotion"},{"floor":48.0,"key":"Dexterity Potion"}],"is_trial":false,"path_per_floor":["M","M","$","M","?","R","?","E","T","R","$","M","M","?","R","B",null,"M","?","$","M","?","E","R","M","T","R","M","M","?","?","R","B",null,"M","$","?","?","?","R","E","R","T","R","?","E","$","M","R_BF","B",null],"character_chosen":"THE_BUGKNIGHT","items_purchased":["ReplayTheSpireMod:CursedCoin","Grinning Jar","HollowMod:DashSlash","HollowMod:VengefulVoid","HollowMod:GoodIntentions","HollowMod:InfectedAttack","DemoMod:Orange","hubris:CrystalStatue","HollowMod:SiblingsShadow"],"campfire_rested":10,"item_purchase_floors":[3,3,3,3,3,11,20,47,47],"current_hp_per_floor":[68,64,64,64,10,37,37,31,31,58,58,58,58,58,85,82,90,89,74,86,75,75,46,76,69,69,99,100,76,76,71,101,43,102,54,54,54,29,29,59,56,86,86,102,102,35,35,26,56,9],"gold":7,"neow_bonus":"TEN_PERCENT_HP_BONUS","is_daily":false,"chose_seed":false,"campfire_upgraded":0,"win_rate":0.0,"timestamp":1613126754,"path_taken":["M","M","$","M","?","R","?","E","T","R","$","M","M","?","R","BOSS","M","?","$","M","?","E","R","M","T","R","M","M","?","?","R","BOSS","M","$","?","?","?","R","E","R","T","R","?","E","$","M","R_BF","BOSS"],"items_purchased_type":["Relic","Relic","Card","Card","Card","Card","Relic","Relic","Card"],"build_version":"2020-12-22","purchased_purges":1,"victory":true,"max_hp_per_floor":[90,90,90,90,90,90,90,90,90,90,90,90,90,90,90,90,90,90,90,102,102,102,102,102,102,102,102,102,102,102,102,102,102,102,102,102,102,102,102,102,102,102,102,102,102,102,102,102,102,102],"relic_stats":{"counters":[19,106],"Blue Candle":[0],"obtain_stats":[{"DemoMod:BlueGuonStone":9,"hubris:CrystalStatue":47,"Vajra":23,"HollowMod:VesselMask":0,"DemoMod:GlassGuonStoneRelic":4,"hubris:MysteriousPyramids":43,"hubris:Icosahedron":39,"Fusion Hammer":34,"DemoMod:ClearGuonStone":8,"hubris:GlazedTorus":46,"KeepersGift":0,"DemoMod:Orange":20,"hubris:DuctTape":26,"HowToJump":41,"ReplayTheSpireMod:CursedCoin":3,"Quantum Egg":5,"Blue Candle":31,"Replay:WaspNest":5,"hubris:HollowSoul":17,"Hallownest:KingsIdolRelic":37,"hubris:Towel":45,"BloodBag":0,"Grinning Jar":3,"HushsDoor":0,"REME_ComplimentaryCards":0,"BloodDonationMachine":0},{"DemoMod:BlueGuonStone":4,"hubris:CrystalStatue":17,"Vajra":10,"HollowMod:VesselMask":0,"DemoMod:GlassGuonStoneRelic":3,"hubris:MysteriousPyramids":16,"hubris:Icosahedron":15,"Fusion Hammer":14,"DemoMod:ClearGuonStone":4,"hubris:GlazedTorus":17,"KeepersGift":0,"DemoMod:Orange":8,"hubris:DuctTape":11,"HowToJump":16,"ReplayTheSpireMod:CursedCoin":2,"Quantum Egg":3,"Blue Candle":13,"Replay:WaspNest":3,"hubris:HollowSoul":7,"Hallownest:KingsIdolRelic":15,"hubris:Towel":16,"BloodBag":0,"Grinning Jar":2,"HushsDoor":0,"REME_ComplimentaryCards":0,"BloodDonationMachine":0},{"DemoMod:BlueGuonStone":13,"hubris:CrystalStatue":95,"Vajra":43,"HollowMod:VesselMask":0,"DemoMod:GlassGuonStoneRelic":8,"hubris:MysteriousPyramids":83,"hubris:Icosahedron":78,"Fusion Hammer":75,"DemoMod:ClearGuonStone":13,"hubris:GlazedTorus":95,"KeepersGift":0,"DemoMod:Orange":31,"hubris:DuctTape":48,"HowToJump":83,"ReplayTheSpireMod:CursedCoin":6,"Quantum Egg":8,"Blue Candle":55,"Replay:WaspNest":8,"hubris:HollowSoul":28,"Hallownest:KingsIdolRelic":78,"hubris:Towel":83,"BloodBag":0,"Grinning Jar":6,"HushsDoor":0,"REME_ComplimentaryCards":0,"BloodDonationMachine":0}]},"card_choices":[{"not_picked":[],"picked":"SuicideKing","floor":0.0},{"not_picked":["HollowMod:Grubsong","HollowMod:NewLittleFool"],"picked":"HollowMod:DescendingDark","floor":1.0},{"not_picked":["HollowMod:InfectedAttack","HollowMod:TaintedHusks"],"picked":"HollowMod:CloakDash","floor":2.0},{"not_picked":["HollowMod:NewLittleFool","HollowMod:LifebloodCocoon"],"picked":"HollowMod:ShadowDash","floor":4.0},{"not_picked":["HollowMod:SoulStrike","HollowMod:SoulEater"],"picked":"HollowMod:AwokenDreamNail","floor":8.0},{"not_picked":["HollowMod:Grubsong","HollowMod:NewLittleFool"],"picked":"HollowMod:BrokenVessel","floor":12.0},{"not_picked":["HollowMod:CornifersMapStart","HollowMod:TaintedHusks"],"picked":"HollowMod:VengefulVoid","floor":13.0},{"not_picked":["HollowMod:ElderbugsWisdom","HollowMod:LordofShades"],"picked":"HollowMod:ZotesMagnificence","floor":16.0},{"not_picked":["HollowMod:ChannelNail","HollowMod:SiblingsSouls"],"picked":"HollowMod:CoiledNail+1","floor":18.0},{"not_picked":["HollowMod:DoubleDash","HollowMod:SoulSplash"],"picked":"HollowMod:VengefulVoid","floor":21.0},{"not_picked":["HollowMod:CornifersMapStart","HollowMod:HowlingWraiths"],"picked":"HollowMod:NewLittleFool","floor":23.0},{"not_picked":["HollowMod:ShadowDash","HollowMod:GreatSlash"],"picked":"HollowMod:LifebloodCore","floor":25.0},{"not_picked":["HollowMod:DashSlash","HollowMod:ShadowDash"],"picked":"HollowMod:TaintedHusks","floor":28.0},{"not_picked":["HollowMod:RecoilStrike","HollowMod:WraithStrike"],"picked":"HollowMod:TaintedHusks","floor":29.0},{"not_picked":["HollowMod:SoulMaster","HollowMod:LordofShades"],"picked":"HollowMod:ZotesMagnificence","floor":33.0},{"not_picked":["HollowMod:CloakDash","HollowMod:InfectionAssault+1"],"picked":"HollowMod:CycloneSlash+1","floor":35.0},{"not_picked":["HollowMod:WraithStrike","HollowMod:PerfectDash"],"picked":"HollowMod:InfectionAssault+1","floor":38.0},{"not_picked":["HollowMod:HornetsHelp","HollowMod:SharpenedShadows"],"picked":"HollowMod:SharpenedNail+1","floor":41.0},{"not_picked":["HollowMod:ChannelNail+1","HollowMod:FallenFury"],"picked":"HollowMod:RecoilStrike+1","floor":46.0},{"not_picked":["HollowMod:CycloneSlash","HollowMod:ShapeofUnn"],"picked":"HollowMod:CoiledNail+1","floor":48.0}],"player_experience":176760,"relics_obtained":[{"floor":8.0,"key":"DemoMod:ClearGuonStone"},{"floor":9.0,"key":"DemoMod:BlueGuonStone"},{"floor":23.0,"key":"Vajra"},{"floor":26.0,"key":"hubris:DuctTape"},{"floor":41.0,"key":"HowToJump"},{"floor":43.0,"key":"hubris:MysteriousPyramids"},{"floor":46.0,"key":"hubris:GlazedTorus"}],"event_choices":[],"is_beta":false,"boss_relics":[{"not_picked":["energizedSpire:OgreHead","hubris:CrackedHourglass"],"picked":"hubris:HollowSoul"},{"not_picked":[]},{"not_picked":["energizedSpire:DeadBattery","hubris:GrandSneckoEye"],"picked":"Fusion Hammer"},{"not_picked":[]}],"items_purged_floors":[3],"is_endless":false,"potions_floor_spawned":[2,4,8,13,21,33,46,48],"ascension_level":0}}