{"host":"fauqrvll5t0ss0vm","time":1613153151,"event":{"mods":["2.2 Compatiblity","Act Like it!","Aspiration","Bard","BaseMod","Beaked The Cultist","Better Altar","Better Match","Better Note","Better Sensory Stone","Better Skull","Better Third Choice","Better Vampires","Card Filter","Clockwork Mod","Colored Map","Conspire","Displayed Cursed Tome","Downfall","Emptier Cage","Energized Spire","Friendly Minions","GifTheSpireLib","Glutton Mod","Gremlin Mod","Gremlin Skip","Halation","Hermit","Highlight Path","Hubris","Jorbs\u0027s Wanderer Trilogy","Mad Scientist","Marked Mod","Minty Spire (QoL Compilation)","Permanent Neow","Random Character Button","Relic Filter","Reorder Act Four","Replay The Spire","Shop Mod","Somnambulant","Spikes Relics","StSLib","Stuff the Spire","SuperFastMode","The Construct","The Cursed","The Disciple","The Elementalist","The Judge","The Juggle","The Mystic","The Runesmith","The Sage","The Servant 0.9.4","The Valiant","Trackpad","Uncapped"],"gold_per_floor":[169,225,18,37,53,67,67,67,93,21,31,50,50,76,94,190,290,290,304,579,579,438,438,483,483,511,496,496,496,516,528,542,640,640,540,553,569,582,592,592,592,624,650,808,840,640,651,651,670,670,670,701,701,504,504,504],"floor_reached":57,"language":"ENG","playtime":6884,"items_purged":["sagemod:Strike","Regret","sagemod:Strike","Twin Strike"],"score":1372,"play_id":"a9bb8545-d72c-4320-9fe3-c0417dc7426d","local_time":"20210212190551","is_ascension_mode":false,"campfire_choices":[{"floor":1,"key":"RECALL"},{"data":"Armaments","floor":8,"key":"SMITH"},{"data":"Metallicize","floor":13,"key":"SMITH"},{"data":"sagemod:Altitude","floor":18,"key":"SMITH"},{"data":"Demon Form","floor":23,"key":"SMITH"},{"data":"Demon Form","floor":25,"key":"SMITH"},{"data":"Glutton:Feed","floor":29,"key":"SMITH"},{"data":"sagemod:Strike","floor":35,"key":"PURGE"},{"data":"Barricade","floor":46,"key":"SMITH"},{"data":"sagemod:Study","floor":53,"key":"SMITH"}],"circlet_count":0,"master_deck":["sagemod:Defend","sagemod:Defend","sagemod:Defend","sagemod:Defend","sagemod:Fly","sagemod:Upwards","sagemod:Grounded_Strike","Uppercut+1","sagemod:Altitude+1","Sword Boomerang","Armaments+1","Metallicize+1","Uppercut","Pommel Strike","sagemod:Study+1","Demon Form+1","Demon Form+1","Sentinel+1","Glutton:Feed+1","Barricade+1","Shockwave","hubris:StunningStrike","conspire:ExplosiveBarrier","Iron Wave+1","Uppercut+1","BarbarianYell+1","Finesse+1","expansioncontent:DashGenerateEvil","conspire:ExplosiveBarrier","Entrench+1"],"relics":["aspiration:IroncladSkillbook","Membership Card","hubris:SlimyHat","Replay:Wanted Poster","Bag of Preparation","Oddly Smooth Stone","aspiration:HummingbirdHeart","beaked:MawFillet","downfall:HeartBlessingGreen","Letter Opener","SuspiciousGoo","Bottled Lightning","aspiration:StickyExplosives","downfall:HeartBlessingRed","downfall:HeartBlessingBlue","GiantMaggot","Replay:Bottled Snecko"],"acts_visited":["Exordium","TheCity","TheBeyond","TheEnding"],"potions_floor_usage":[16,44,56,56,56],"damage_taken":[{"damage":4,"enemies":"downfall:FleeingMerchant","floor":3,"turns":4},{"damage":2,"enemies":"2 Louse","floor":4,"turns":4},{"damage":0,"enemies":"Cultist","floor":5,"turns":4},{"damage":0,"enemies":"Small Slimes","floor":6,"turns":3},{"damage":9,"enemies":"Gremlin Nob","floor":9,"turns":6},{"damage":0,"enemies":"downfall:FleeingMerchant","floor":10,"turns":4},{"damage":7,"enemies":"Red Slaver","floor":11,"turns":6},{"damage":0,"enemies":"Blue Slaver","floor":12,"turns":4},{"damage":0,"enemies":"Lagavulin","floor":14,"turns":7},{"damage":7,"enemies":"3 Louse","floor":15,"turns":5},{"damage":15,"enemies":"IC_STATUS_ARCHETYPE","floor":16,"turns":9},{"damage":5,"enemies":"Chosen","floor":19,"turns":5},{"damage":15,"enemies":"downfall:FleeingMerchant","floor":22,"turns":4},{"damage":25,"enemies":"Slavers","floor":26,"turns":8},{"damage":0,"enemies":"downfall:FleeingMerchant","floor":27,"turns":4},{"damage":4,"enemies":"3 Byrds","floor":30,"turns":5},{"damage":4,"enemies":"Centurion and Healer","floor":31,"turns":7},{"damage":4,"enemies":"Cultist and Chosen","floor":32,"turns":10},{"damage":12,"enemies":"SI_MIRROR_ARCHETYPE","floor":33,"turns":10},{"damage":0,"enemies":"Orb Walker","floor":36,"turns":4},{"damage":3,"enemies":"3 Darklings","floor":37,"turns":9},{"damage":8,"enemies":"Sphere and 2 Shapes","floor":38,"turns":7},{"damage":0,"enemies":"Transient","floor":39,"turns":5},{"damage":5,"enemies":"Reptomancer","floor":42,"turns":13},{"damage":1,"enemies":"Nemesis","floor":43,"turns":5},{"damage":0,"enemies":"downfall:FleeingMerchant","floor":44,"turns":4},{"damage":17,"enemies":"Reptomancer","floor":45,"turns":8},{"damage":8,"enemies":"Writhing Mass","floor":47,"turns":7},{"damage":2,"enemies":"4 Shapes","floor":49,"turns":7},{"damage":45,"enemies":"DF_ARCHETYPE_ORBS","floor":50,"turns":11},{"damage":44,"enemies":"downfall:CharBossMerchant","floor":52,"turns":8},{"damage":9,"enemies":"downfall:NeowBoss","floor":55,"turns":13},{"damage":0,"enemies":"downfall:NeowBossFinal","floor":56,"turns":8}],"seed_played":"-5398472976514168763","potions_obtained":[{"floor":2,"key":"Regen Potion"},{"floor":2,"key":"Doom Potion"},{"floor":2,"key":"Venom Potion"},{"floor":16,"key":"Elixir"},{"floor":33,"key":"LiquidMemories"},{"floor":39,"key":"Flashbang"},{"floor":47,"key":"Elixir"},{"floor":52,"key":"PowerPotion"}],"is_trial":false,"path_per_floor":["R","?","$","M","M","M","T","R","E","$","M","M","R","E","M","B",null,"R_BF","M","?","?","$","R","T","R","E","$","?","R","M","M","M","B",null,"R_BF","M","M","M","M","?","T","E","E","$","E","R","M","?","M","B",null,"E","R","$","B","B",null],"character_chosen":"THE_SAGE","items_purchased":["Membership Card","sagemod:Altitude","Uppercut","Bag of Preparation","Finesse","expansioncontent:DashGenerateEvil","Replay:Bottled Snecko"],"campfire_rested":0,"item_purchase_floors":[3,3,10,22,44,44,54],"current_hp_per_floor":[50,38,38,40,44,48,48,48,43,47,44,48,48,50,47,50,50,50,49,49,49,38,38,38,38,17,21,21,21,25,29,33,25,62,62,66,70,70,74,74,74,77,82,86,77,87,83,75,81,44,108,72,72,72,67,71],"gold":504,"neow_bonus":"BOSS_RELIC","is_daily":false,"chose_seed":false,"campfire_upgraded":8,"win_rate":0.0,"timestamp":1613153151,"path_taken":["R","?","$","M","M","?","T","R","E","?","?","M","R","E","M","BOSS","R_BF","M","?","?","$","R","T","R","E","?","?","R","?","M","M","BOSS","R_BF","M","M","M","?","?","T","E","E","?","E","R","?","?","M","BOSS","E","R","$","BOSS","BOSS"],"items_purchased_type":["Relic","Card","Card","Relic","Card","Card","Relic"],"build_version":"2020-12-22","purchased_purges":4,"victory":true,"max_hp_per_floor":[50,50,50,50,50,50,50,50,50,50,50,50,50,50,50,50,50,50,50,50,50,50,50,50,50,50,50,50,50,54,58,62,62,62,62,66,70,74,74,74,74,78,82,86,90,100,100,100,104,108,108,112,112,112,112,112],"card_choices":[{"not_picked":["Seeing Red","sagemod:Pincer_Repair","Anger"],"picked":"sagemod:Grounded_Strike","floor":2},{"not_picked":["Heavy Blade","sagemod:Ambition","Sword Boomerang"],"picked":"Uppercut","floor":3},{"not_picked":["Abandon","sagemod:Crank","Iron Wave"],"picked":"Sword Boomerang","floor":4},{"not_picked":["ReplayTheSpireMod:Strike From Hell","sagemod:Catch_Me_If_You_Can","sagemod:Salty_Strike"],"picked":"Armaments","floor":5},{"not_picked":["Run Through","Bloodletting","sagemod:Fire_Brew"],"picked":"Metallicize","floor":6},{"not_picked":["sagemod:Alchemy_Expert","Clash","sagemod:Armor_Brew"],"picked":"Twin Strike","floor":10},{"not_picked":["Iron Wave","Replay:Undeath\u0027s Touch","Flex","Anger"],"picked":"SKIP","floor":11},{"not_picked":["StuffTheSpire:RagingBull","Anger","sagemod:Flying_Cauldron","Perfected Strike"],"picked":"SKIP","floor":12},{"not_picked":["sagemod:How_To_Wake_Lyons","Reckless Charge","sagemod:Quackster"],"picked":"Pommel Strike","floor":14},{"not_picked":["Warcry","sagemod:Slalom","Havoc"],"picked":"sagemod:Study","floor":15},{"not_picked":["sagemod:Meditation","Offering","Feed"],"picked":"Demon Form","floor":16},{"not_picked":["sagemod:How_To_Poke_At_Slimes+1","ReplayTheSpireMod:Strike From Hell","sagemod:Energetic_Brew","Sword Boomerang"],"picked":"SKIP","floor":19},{"not_picked":["sagemod:How_To_Greet_Byrds","sagemod:Potion_Trance+1","hubris:CleavingFinish","Headbutt"],"picked":"SKIP","floor":22},{"not_picked":["ReplayTheSpireMod:Strike From Hell","Pommel Strike","sagemod:Fire_Brew","sagemod:Undermine"],"picked":"SKIP","floor":26},{"not_picked":["sagemod:Cane_Strike","StuffTheSpire:RagingBull","sagemod:How_To_Charm_A_Sentry"],"picked":"Sentinel+1","floor":27},{"not_picked":["Hemokinesis+1","Body Slam+1","Iron Wave+1"],"picked":"Barricade","floor":30},{"not_picked":["sagemod:How_To_Charm_A_Sentry","sagemod:Rickety_Defense","sagemod:Bouncing_Strike"],"picked":"Shockwave","floor":31},{"not_picked":["Seeing Red","sagemod:Grounded_Strike","Evolve","BarbarianYell+1"],"picked":"SKIP","floor":32},{"not_picked":["sagemod:Prey","sagemod:Swoop_Down","Replay:Many Hands"],"picked":"hubris:StunningStrike","floor":33},{"not_picked":["Perfected Strike","Anger","sagemod:Ambition"],"picked":"conspire:ExplosiveBarrier","floor":36},{"not_picked":["Carnage","StuffTheSpire:Slingshot","Bloodletting"],"picked":"Iron Wave+1","floor":37},{"not_picked":["sagemod:Energetic_Brew","sagemod:How_To_Warm_Elephants+1","sagemod:Crank+1","Flex+1"],"picked":"SKIP","floor":38},{"not_picked":["sagemod:Energetic_Brew","sagemod:How_To_Warm_Elephants+1","sagemod:Crank+1","Flex+1"],"picked":"SKIP","floor":38},{"not_picked":["sagemod:How_To_Charm_A_Sentry+1","Perfected Strike+1","sagemod:How_To_Befriend_A_Turtle","sagemod:Undermine+1"],"picked":"SKIP","floor":39},{"not_picked":["sagemod:Pour_Tar_Pitch+1","BarbarianYell","Invigoration"],"picked":"Uppercut+1","floor":42},{"not_picked":["sagemod:How_To_Wake_Lyons","StuffTheSpire:RagingBull","Seeing Red","Searing Blow"],"picked":"SKIP","floor":43},{"not_picked":["Feel No Pain","Feed","sagemod:Gearwheel_Master+1"],"picked":"BarbarianYell+1","floor":44},{"not_picked":["sagemod:Crank","Iron Wave+1","sagemod:Quackster","sagemod:Burning_Flask+1"],"picked":"SKIP","floor":45},{"not_picked":["Replay:Undeath\u0027s Touch","sagemod:Ambition+1","Feel No Pain"],"picked":"conspire:ExplosiveBarrier","floor":47},{"not_picked":["sagemod:How_To_Warm_Elephants+1","sagemod:Cane_Strike+1","Wild Strike+1","sagemod:Momentum+1"],"picked":"SKIP","floor":49},{"not_picked":["sagemod:Turn_Around","sagemod:Potion_Explosion+1","sagemod:Let_It_Go+1"],"picked":"Entrench+1","floor":52}],"player_experience":7457056,"relics_obtained":[{"floor":14,"key":"hubris:SlimyHat"},{"floor":24,"key":"Oddly Smooth Stone"},{"floor":26,"key":"aspiration:HummingbirdHeart"},{"floor":41,"key":"Letter Opener"},{"floor":42,"key":"SuspiciousGoo"},{"floor":43,"key":"Bottled Lightning"},{"floor":45,"key":"aspiration:StickyExplosives"},{"floor":52,"key":"GiantMaggot"}],"event_choices":[{"cards_removed":["sagemod:Altitude"],"damage_healed":0,"gold_gain":0,"player_choice":"Take \u0026 Give","damage_taken":0,"max_hp_gain":0,"max_hp_loss":0,"event_name":"betterNote:BetterNote","floor":28,"gold_loss":0,"cards_obtained":["Glutton:Feed"]}],"is_beta":false,"boss_relics":[{"not_picked":["Pandora\u0027s Box","Ectoplasm"],"picked":"Replay:Wanted Poster"},{"not_picked":["hubris:ScarierMask","Astrolabe"],"picked":"beaked:MawFillet"}],"items_purged_floors":[10,22,44,54],"is_endless":false,"potions_floor_spawned":[4,5,11,15,16,19,31,33,38,39,47,49,52],"ascension_level":0}}