{"host":"vxxgntm1odai56nh","time":1613092713,"event":{"mods":["AchievementEnabler","BaseMod","Colored Map","Colored Powertips","Highlight Path","Minty Spire (QoL Compilation)","Permanent Neow","Rare Cards Sparkle","Relic Stats","StSLib"],"gold_per_floor":[113,130,130,5,20,46,46,76,103,103,68,86,112,130,130,130,130],"floor_reached":16,"language":"ENG","playtime":384,"items_purged":[],"score":167,"play_id":"a296ab40-ff2e-4764-b6ec-c95bea2716d2","local_time":"20210211201833","is_ascension_mode":true,"campfire_choices":[{"data":"Dualcast","floor":7,"key":"SMITH"},{"floor":10,"key":"REST"},{"data":"Chill","floor":15,"key":"SMITH"}],"circlet_count":0,"master_deck":["Strike_B","Strike_B","Strike_B","Strike_B","Defend_B","Defend_B","Defend_B","Defend_B","Zap+1","Dualcast+1","Leap","Sunder","Defragment","Gash","Streamline","Gash","Scrape","Reinforced Body","Chill+1","Gash","FTL"],"relics":["Cracked Core","NeowsBlessing","MealTicket","Toy Ornithopter","Omamori","Cables"],"acts_visited":["Exordium"],"potions_floor_usage":[6,6,16],"damage_taken":[{"damage":0,"enemies":"2 Louse","floor":1,"turns":1},{"damage":0,"enemies":"Cultist","floor":2,"turns":1},{"damage":0,"enemies":"Jaw Worm","floor":5,"turns":1},{"damage":0,"enemies":"3 Sentries","floor":6,"turns":4},{"damage":27,"enemies":"Gremlin Nob","floor":8,"turns":4},{"damage":12,"enemies":"2 Fungi Beasts","floor":12,"turns":2},{"damage":16,"enemies":"3 Sentries","floor":13,"turns":7},{"damage":0,"enemies":"Looter","floor":14,"turns":2},{"damage":58,"enemies":"The Guardian","floor":16,"turns":9}],"seed_played":"-8507483931801175381","potions_obtained":[{"floor":1,"key":"SteroidPotion"},{"floor":5,"key":"SneckoOil"},{"floor":14,"key":"Weak Potion"}],"is_trial":false,"path_per_floor":["M","M","?","$","M","E","R","E","T","R","$","M","E","M","R","B"],"character_chosen":"DEFECT","items_purchased":["Defragment","Gash","Reinforced Body"],"campfire_rested":1,"item_purchase_floors":[4,4,11],"current_hp_per_floor":[75,75,75,75,75,75,75,48,48,70,75,63,47,47,47,0,0],"gold":130,"neow_bonus":"THREE_ENEMY_KILL","is_daily":false,"chose_seed":false,"campfire_upgraded":2,"win_rate":0.0,"timestamp":1613092713,"path_taken":["M","M","?","$","M","E","R","E","T","R","$","M","E","?","R","BOSS"],"items_purchased_type":["Card","Card","Card"],"build_version":"2020-12-22","purchased_purges":0,"victory":false,"max_hp_per_floor":[75,75,75,75,75,75,75,75,75,75,75,75,75,75,75,75,75],"relic_stats":{"counters":[9,31],"MealTicket":5,"obtain_stats":[{"NeowsBlessing":0,"MealTicket":6,"Omamori":9,"Cracked Core":0,"Toy Ornithopter":8,"Cables":13},{"NeowsBlessing":0,"MealTicket":4,"Omamori":5,"Cracked Core":0,"Toy Ornithopter":5,"Cables":7},{"NeowsBlessing":0,"MealTicket":7,"Omamori":11,"Cracked Core":0,"Toy Ornithopter":11,"Cables":20}],"Toy Ornithopter":5,"Cables":[10,9,1,0,0]},"card_choices":[{"not_picked":["Compile Driver","Steam Power"],"picked":"Leap","floor":1},{"not_picked":["Recycle","Steam"],"picked":"Sunder","floor":2},{"not_picked":["Conserve Battery","Tempest"],"picked":"Streamline","floor":5},{"not_picked":["Beam Cell","Doom and Gloom"],"picked":"Gash","floor":6},{"not_picked":["Streamline","Defragment"],"picked":"Scrape","floor":8},{"not_picked":["White Noise","Turbo"],"picked":"Chill","floor":12},{"not_picked":["Stack","Heatsinks"],"picked":"Gash","floor":13},{"not_picked":["Leap","Meteor Strike"],"picked":"FTL","floor":14}],"player_experience":136109,"relics_obtained":[{"floor":6,"key":"MealTicket"},{"floor":8,"key":"Toy Ornithopter"},{"floor":9,"key":"Omamori"},{"floor":13,"key":"Cables"}],"event_choices":[{"damage_healed":0,"gold_gain":0,"player_choice":"Upgraded","damage_taken":0,"max_hp_gain":0,"max_hp_loss":0,"event_name":"Upgrade Shrine","floor":3,"gold_loss":0,"cards_upgraded":["Zap"]}],"is_beta":false,"boss_relics":[],"items_purged_floors":[],"is_endless":false,"potions_floor_spawned":[1,5,14],"killed_by":"The Guardian","ascension_level":3}}