{"host":"swavyr4ofmkhu42f","time":1613096595,"event":{"mods":["BaseMod","Colored Map","Minty Spire (QoL Compilation)","StSLib"],"gold_per_floor":[117,132,150,20,20,54,54,54,126,137,168,185,195,205,205,300,300,314,327,252,177,28,60,159,159,159,159,159,185,215,232,232,334,334,345,393,393,410,429,458,472,502,502,502,533,546,18,18,18],"floor_reached":48,"language":"ENG","playtime":2058,"items_purged":["Strike_G","Strike_G","Defend_G"],"score":904,"play_id":"a0d1c718-cf83-4a5a-a71d-66d989281833","local_time":"20210211212315","is_ascension_mode":true,"campfire_choices":[{"data":"Accuracy","floor":8,"key":"SMITH"},{"data":"Storm of Steel","floor":15,"key":"SMITH"},{"data":"Cloak And Dagger","floor":25,"key":"SMITH"},{"data":"Cloak And Dagger","floor":28,"key":"SMITH"},{"floor":32,"key":"REST"},{"floor":44,"key":"RECALL"}],"circlet_count":0,"master_deck":["Strike_G+1","Defend_G","Defend_G","Defend_G","Defend_G","Survivor","Neutralize+1","Cloak And Dagger+1","Cloak And Dagger+1","Blade Dance+1","Accuracy+1","Storm of Steel+1","Masterful Stab+1","Adrenaline","Slice+1","Slice+1","Accuracy","PiercingWail+1"],"relics":["Ring of the Snake","NeowsBlessing","Whetstone","Mercury Hourglass","Molten Egg 2","Busted Crown","Paper Crane","Incense Burner","Red Mask","Du-Vu Doll","HoveringKite","Dead Branch","The Courier","Blood Vial","Peace Pipe","Anchor","White Beast Statue","Omamori"],"acts_visited":["Exordium","TheCity","TheBeyond"],"potions_floor_usage":[6,11,14,16,33,33,36,40,42,46,48],"damage_taken":[{"damage":0,"enemies":"Small Slimes","floor":1,"turns":1},{"damage":0,"enemies":"Cultist","floor":2,"turns":1},{"damage":0,"enemies":"Jaw Worm","floor":3,"turns":1},{"damage":19,"enemies":"Lagavulin","floor":6,"turns":6},{"damage":0,"enemies":"2 Fungi Beasts","floor":10,"turns":1},{"damage":0,"enemies":"3 Sentries","floor":11,"turns":3},{"damage":0,"enemies":"Exordium Wildlife","floor":12,"turns":2},{"damage":0,"enemies":"Looter","floor":13,"turns":1},{"damage":0,"enemies":"2 Fungi Beasts","floor":14,"turns":3},{"damage":24,"enemies":"Hexaghost","floor":16,"turns":8},{"damage":0,"enemies":"3 Byrds","floor":18,"turns":2},{"damage":11,"enemies":"2 Thieves","floor":19,"turns":3},{"damage":7,"enemies":"Book of Stabbing","floor":23,"turns":3},{"damage":12,"enemies":"Masked Bandits","floor":29,"turns":2},{"damage":0,"enemies":"Gremlin Leader","floor":30,"turns":2},{"damage":0,"enemies":"Shelled Parasite and Fungi","floor":31,"turns":1},{"damage":22,"enemies":"Collector","floor":33,"turns":7},{"damage":4,"enemies":"3 Darklings","floor":35,"turns":4},{"damage":30,"enemies":"2 Orb Walkers","floor":36,"turns":5},{"damage":0,"enemies":"Orb Walker","floor":38,"turns":1},{"damage":0,"enemies":"3 Darklings","floor":39,"turns":3},{"damage":0,"enemies":"Nemesis","floor":40,"turns":6},{"damage":1,"enemies":"Sphere and 2 Shapes","floor":41,"turns":3},{"damage":21,"enemies":"Reptomancer","floor":42,"turns":5},{"damage":0,"enemies":"Nemesis","floor":45,"turns":3},{"damage":5,"enemies":"Maw","floor":46,"turns":4},{"damage":40,"enemies":"Transient","floor":48,"turns":5}],"seed_played":"623851984441893153","potions_obtained":[{"floor":1,"key":"Fire Potion"},{"floor":10,"key":"CultistPotion"},{"floor":12,"key":"Explosive Potion"},{"floor":13,"key":"Block Potion"},{"floor":19,"key":"Energy Potion"},{"floor":29,"key":"EssenceOfSteel"},{"floor":30,"key":"SkillPotion"},{"floor":35,"key":"Strength Potion"},{"floor":41,"key":"DuplicationPotion"},{"floor":42,"key":"ColorlessPotion"},{"floor":45,"key":"SteroidPotion"},{"floor":46,"key":"BlessingOfTheForge"}],"is_trial":false,"path_per_floor":["M","M","M","$","?","E","?","R","T","M","E","M","M","M","R","B",null,"M","M","$","?","$","E","?","R","T","?","R","?","E","M","R","B",null,"M","?","?","M","M","E","M","E","T","R","E","M","$","M"],"character_chosen":"THE_SILENT","items_purchased":["Blade Dance","Accuracy","Slice+1","Anchor","White Beast Statue","Omamori"],"campfire_rested":1,"item_purchase_floors":[4,4,22,47,47,47],"current_hp_per_floor":[63,63,63,63,63,44,44,44,44,44,44,44,44,44,44,20,58,58,47,47,47,47,40,40,40,40,40,40,28,28,28,49,27,59,55,25,61,61,61,61,60,39,39,39,41,38,38,0,0],"gold":18,"neow_bonus":"THREE_ENEMY_KILL","is_daily":false,"chose_seed":false,"campfire_upgraded":4,"win_rate":0.0,"timestamp":1613096595,"path_taken":["M","M","M","$","?","E","?","R","T","M","E","M","M","M","R","BOSS","M","M","$","?","$","E","?","R","T","?","R","?","E","M","R","BOSS","M","?","?","M","M","E","M","E","T","R","E","M","$","M"],"items_purchased_type":["Card","Card","Card","Relic","Relic","Relic"],"build_version":"2020-12-22","purchased_purges":3,"victory":false,"max_hp_per_floor":[70,70,70,70,70,70,70,70,70,70,70,70,70,70,70,70,70,70,70,70,70,70,70,70,70,70,70,70,70,70,70,70,70,70,70,70,61,61,61,61,61,61,61,61,61,61,61,61,61],"card_choices":[{"not_picked":["Choke","Dodge and Roll","Quick Slash"],"picked":"SKIP","floor":1},{"not_picked":["Bane","Quick Slash"],"picked":"Cloak And Dagger","floor":2},{"not_picked":["Leg Sweep","Deflect"],"picked":"Cloak And Dagger","floor":3},{"not_picked":["Prepared","PiercingWail","Dagger Spray"],"picked":"SKIP","floor":6},{"not_picked":["Endless Agony","Calculated Gamble"],"picked":"Storm of Steel","floor":10},{"not_picked":["Flying Knee+1","Choke+1"],"picked":"Masterful Stab+1","floor":11},{"not_picked":["Crippling Poison","Tactician","Endless Agony+1"],"picked":"SKIP","floor":12},{"not_picked":["Escape Plan","Sucker Punch+1","Setup"],"picked":"SKIP","floor":13},{"not_picked":["Quick Slash+1","Poisoned Stab+1","Endless Agony+1"],"picked":"SKIP","floor":14},{"not_picked":["Die Die Die+1","Doppelganger"],"picked":"Adrenaline","floor":16},{"not_picked":["Prepared+1"],"picked":"SKIP","floor":18},{"not_picked":["Outmaneuver"],"picked":"SKIP","floor":19},{"not_picked":["Predator+1"],"picked":"SKIP","floor":23},{"not_picked":["Eviscerate+1"],"picked":"SKIP","floor":30},{"not_picked":[],"picked":"Slice+1","floor":31},{"not_picked":[],"picked":"Accuracy","floor":35},{"not_picked":["Prepared+1"],"picked":"SKIP","floor":38},{"not_picked":["Leg Sweep+1"],"picked":"SKIP","floor":39},{"not_picked":["Distraction+1"],"picked":"SKIP","floor":40},{"not_picked":[],"picked":"PiercingWail+1","floor":41},{"not_picked":["Tactician+1"],"picked":"SKIP","floor":42},{"not_picked":["Masterful Stab+1"],"picked":"SKIP","floor":45},{"not_picked":["Acrobatics+1"],"picked":"SKIP","floor":46}],"player_experience":203942,"relics_obtained":[{"floor":6,"key":"Whetstone"},{"floor":9,"key":"Mercury Hourglass"},{"floor":11,"key":"Molten Egg 2"},{"floor":23,"key":"Paper Crane"},{"floor":26,"key":"Incense Burner"},{"floor":29,"key":"Red Mask"},{"floor":30,"key":"Du-Vu Doll"},{"floor":36,"key":"Dead Branch"},{"floor":40,"key":"The Courier"},{"floor":42,"key":"Blood Vial"},{"floor":45,"key":"Peace Pipe"}],"event_choices":[{"cards_removed":["Strike_G"],"damage_healed":0,"gold_gain":0,"player_choice":"Forget","damage_taken":0,"max_hp_gain":0,"max_hp_loss":0,"event_name":"Living Wall","floor":5,"gold_loss":0},{"damage_healed":0,"gold_gain":0,"player_choice":"Upgraded","damage_taken":0,"max_hp_gain":0,"max_hp_loss":0,"event_name":"Upgrade Shrine","floor":7,"gold_loss":0,"cards_upgraded":["Blade Dance"]},{"cards_removed":["Strike_G"],"damage_healed":0,"gold_gain":0,"player_choice":"Gave Gold","damage_taken":0,"max_hp_gain":0,"max_hp_loss":0,"event_name":"Beggar","floor":21,"gold_loss":75},{"damage_healed":0,"gold_gain":99,"player_choice":"Stole From Cult","damage_taken":0,"max_hp_gain":0,"max_hp_loss":0,"event_name":"Nest","floor":24,"gold_loss":0},{"damage_healed":0,"gold_gain":0,"player_choice":"Ignored","damage_taken":0,"max_hp_gain":0,"max_hp_loss":0,"event_name":"Vampires","floor":27,"gold_loss":0},{"damage_healed":0,"gold_gain":0,"player_choice":"Fought Bandits","damage_taken":0,"max_hp_gain":0,"max_hp_loss":0,"event_name":"Masked Bandits","floor":29,"gold_loss":0},{"damage_healed":0,"gold_gain":0,"player_choice":"Fight","damage_taken":0,"max_hp_gain":0,"max_hp_loss":0,"event_name":"Mysterious Sphere","floor":36,"gold_loss":0},{"damage_healed":61,"gold_gain":0,"player_choice":"Heal","damage_taken":0,"max_hp_gain":0,"max_hp_loss":9,"event_name":"The Moai Head","floor":37,"gold_loss":0}],"is_beta":false,"boss_relics":[{"not_picked":["Philosopher\u0027s Stone","Cursed Key"],"picked":"Busted Crown"},{"not_picked":["Sozu","Runic Dome"],"picked":"HoveringKite"}],"items_purged_floors":[20,22,47],"is_endless":false,"potions_floor_spawned":[1,10,12,13,19,29,30,35,41,42,45,46],"killed_by":"Transient","ascension_level":6}}