{"host":"rsbhidffjle4v6w5","time":1613115838,"event":{"mods":["Act Like it!","Ascension Reborn","BaseMod","Better Note","Better Third Choice","BetterRewards","Block Reminder","Colored Map","Minty Spire (QoL Compilation)","Quick Restart","Replay The Spire","StSLib"],"gold_per_floor":[117,117,1,1,17,17,58,58,86,116,116,153,249,266,266,391,391,409,299,279,295,295,295,335,335,335,335,349,381,296,296,296,416,416,435,435,449,449,473,473,510,399,431,431,443,443,443,462,554,554,554,554,274,308,308],"floor_reached":56,"language":"ENG","playtime":1687,"items_purged":[],"score":1952,"play_id":"cf6d36c6-3b6a-442d-b1d7-c6f289573678","local_time":"20210212104358","is_ascension_mode":true,"campfire_choices":[{"floor":6.0,"key":"RECALL"},{"data":"Bash","floor":8.0,"key":"SMITH"},{"data":"Bludgeon","floor":11.0,"key":"SMITH"},{"floor":15.0,"key":"DIG"},{"data":"Corruption","floor":23.0,"key":"SMITH"},{"data":"Clothesline","floor":25.0,"key":"SMITH"},{"data":"Iron Wave","floor":27.0,"key":"SMITH"},{"data":"Shrug It Off","floor":40.0,"key":"SMITH"},{"floor":44.0,"key":"REST"},{"floor":46.0,"key":"REST"},{"floor":52,"key":"REST"}],"circlet_count":0,"master_deck":["Strike_R+1","Strike_R","Strike_R","Defend_R","Defend_R+1","Defend_R","Defend_R","Bash+1","Corruption+1","Iron Wave+1","Body Slam+1","Clothesline+1","Shrug It Off+1","Bludgeon+1","Inflame+1","Double Tap+1","Pommel Strike+1","Seeing Red+1","Feel No Pain+1","Flex+1","Immolate+1","Twin Strike+1","Shrug It Off+1","Pummel+1","Hemogenesis+1","Fire Breathing+1","Reaper+1","Shrug It Off+1","Rupture+1","Fire Breathing+1"],"relics":["Burning Blood","Pocketwatch","StoneCalendar","Mummified Hand","Lee\u0027s Waffle","TungstenRod","Du-Vu Doll","Red Skull","Blood Vial","Frozen Egg 2","Omamori","Golden Egg","Strawberry","Abe\u0027s Treasure","Lantern","Necronomicon","Pantograph","Meat on the Bone","Paper Frog","Chameleon Ring","Bottled Tornado","Runic Dome","ReplayTheSpireMod:Ninjato","King of Hearts","Gremlin Food","Membership Card","Shuriken","Kunai"],"acts_visited":["Exordium","TheCity","TheBeyond","TheEnding"],"potions_floor_usage":[54],"damage_taken":[{"damage":0.0,"enemies":"Small Slimes","floor":1.0,"turns":3.0},{"damage":0.0,"enemies":"2 Louse","floor":5.0,"turns":3.0},{"damage":14.0,"enemies":"3 Sentries","floor":7.0,"turns":7.0},{"damage":1.0,"enemies":"Gremlin Nob","floor":10.0,"turns":3.0},{"damage":8.0,"enemies":"3 Sentries","floor":12.0,"turns":4.0},{"damage":0.0,"enemies":"Jaw Worm","floor":14.0,"turns":2.0},{"damage":31.0,"enemies":"Hexaghost","floor":16.0,"turns":5.0},{"damage":4.0,"enemies":"Chosen","floor":18.0,"turns":3.0},{"damage":0.0,"enemies":"Spheric Guardian","floor":21.0,"turns":1.0},{"damage":20.0,"enemies":"Slavers","floor":24.0,"turns":5.0},{"damage":0.0,"enemies":"Snake Plant","floor":28.0,"turns":1.0},{"damage":26.0,"enemies":"Gremlin Leader","floor":29.0,"turns":3.0},{"damage":0.0,"enemies":"Pondfish","floor":33.0,"turns":5.0},{"damage":1.0,"enemies":"3 Shapes","floor":35.0,"turns":6.0},{"damage":0.0,"enemies":"3 Darklings","floor":37.0,"turns":1.0},{"damage":0.0,"enemies":"Transient","floor":39.0,"turns":5.0},{"damage":15.0,"enemies":"R_Hoarder","floor":41.0,"turns":4.0},{"damage":13.0,"enemies":"Writhing Mass","floor":45.0,"turns":2.0},{"damage":3.0,"enemies":"4 Shapes","floor":48.0,"turns":1.0},{"damage":26.0,"enemies":"Donu and Deca","floor":50.0,"turns":5.0},{"damage":10,"enemies":"Shield and Spear","floor":54,"turns":4},{"damage":98,"enemies":"The Heart","floor":55,"turns":8}],"seed_played":"-6096514576851008580","potions_obtained":[{"floor":10.0,"key":"Adrenaline Potion"},{"floor":20.0,"key":"PowerPotion"},{"floor":21.0,"key":"Reflective Coating"},{"floor":24.0,"key":"FearPotion"},{"floor":32.0,"key":"FairyPotion"},{"floor":32.0,"key":"SkillPotion"},{"floor":35.0,"key":"Explosive Potion"},{"floor":39.0,"key":"Explosive Potion"}],"is_trial":false,"path_per_floor":["M","?","$","?","M","R","E","R","T","E","R","E","?","M","R_BF","B",null,"M","$","?","M","?","R","E","R","T","R","M","E","?","T","R","B",null,"M","?","M","?","M","R","E","$","T","R","M","R","$","M","R_BF","B",null,"R","$","E","B",null],"character_chosen":"IRONCLAD","items_purchased":["StoneCalendar","Mummified Hand","Corruption","Lee\u0027s Waffle","TungstenRod","Red Skull","Blood Vial","Lantern","King of Hearts","Membership Card","Reaper","Shuriken","Shrug It Off","Rupture+1"],"campfire_rested":3,"item_purchase_floors":[0,0,0,0,0,0,3,19,42,53,53,53,53,53],"current_hp_per_floor":[87,87,87,87,87,87,79,79,79,86,86,85,85,87,94,74,99,99,99,99,99,87,87,75,75,75,75,83,65,65,65,65,103,104,104,104,104,104,104,104,95,95,95,104,97,104,104,104,104,89,109,109,109,109,62],"gold":308,"neow_bonus":"","is_daily":false,"chose_seed":false,"campfire_upgraded":6,"win_rate":0.0,"timestamp":1613115838,"path_taken":["M","?","$","?","M","R","E","R","T","E","R","E","?","?","R_BF","BOSS","M","$","?","?","?","R","E","R","T","R","M","E","?","?","R","BOSS","M","?","M","?","M","R","E","$","T","R","M","R","$","?","R_BF","BOSS","R","$","E","BOSS"],"items_purchased_type":["Relic","Relic","Card","Relic","Relic","Relic","Relic","Relic","Relic","Relic","Card","Relic","Card","Card"],"build_version":"2020-12-22","purchased_purges":0,"victory":true,"max_hp_per_floor":[87,87,87,87,87,87,87,87,87,87,87,87,87,87,94,99,99,99,99,99,99,99,99,99,99,99,99,99,99,99,99,99,104,104,104,104,104,104,104,104,104,104,104,104,104,104,104,104,104,109,109,109,109,109,114],"card_choices":[{"not_picked":["Pommel Strike","Second Wind"],"picked":"Iron Wave","floor":1.0},{"not_picked":["Searing Blow","Burning Pact"],"picked":"Clothesline","floor":5.0},{"not_picked":["Cleave","Rupture+1"],"picked":"Shrug It Off","floor":7.0},{"not_picked":["Impervious","Thunderclap"],"picked":"Bludgeon","floor":10.0},{"not_picked":["Heavy Blade","Flex","Clash"],"picked":"SKIP","floor":12.0},{"not_picked":["Defy Death","Shrug It Off"],"picked":"Inflame+1","floor":14.0},{"not_picked":["Limit Break","Hemogenesis"],"picked":"Double Tap","floor":16.0},{"not_picked":["Iron Wave","Anger"],"picked":"Pommel Strike+1","floor":18.0},{"not_picked":["Disarm","Evolve+1"],"picked":"Seeing Red","floor":21.0},{"not_picked":["Body Slam","Headbutt"],"picked":"Feel No Pain+1","floor":24.0},{"not_picked":["Entrench","Replay:Undeath\u0027s Touch","ReplayTheSpireMod:LeadingStrike"],"picked":"SKIP","floor":28.0},{"not_picked":["Havoc+1","Massacre"],"picked":"Flex+1","floor":29.0},{"not_picked":["Corruption+1","Hemogenesis"],"picked":"Immolate","floor":33.0},{"not_picked":["Sword Boomerang+1","Entrench+1","Clash+1"],"picked":"SKIP","floor":35.0},{"not_picked":["Heavy Blade","Anger+1"],"picked":"Twin Strike+1","floor":37.0},{"not_picked":["Pommel Strike","Abandon"],"picked":"Shrug It Off+1","floor":39.0},{"not_picked":["Fire Breathing+1","Cleave+1"],"picked":"Pummel+1","floor":41.0},{"not_picked":["Seeing Red","Warcry+1"],"picked":"Hemogenesis","floor":45.0},{"not_picked":["Clothesline+1","Replay:Undeath\u0027s Touch+1"],"picked":"Fire Breathing+1","floor":48.0},{"not_picked":["Feel No Pain+1","Headbutt"],"picked":"Fire Breathing+1","floor":54}],"player_experience":1132523,"relics_obtained":[{"floor":7.0,"key":"Frozen Egg 2"},{"floor":10.0,"key":"Omamori"},{"floor":12.0,"key":"Golden Egg"},{"floor":15.0,"key":"Strawberry"},{"floor":22.0,"key":"Necronomicon"},{"floor":24.0,"key":"Pantograph"},{"floor":26.0,"key":"Meat on the Bone"},{"floor":29.0,"key":"Paper Frog"},{"floor":31.0,"key":"Bottled Tornado"},{"floor":41.0,"key":"ReplayTheSpireMod:Ninjato"},{"floor":43.0,"key":"Gremlin Food"},{"floor":54,"key":"Kunai"}],"event_choices":[{"damage_healed":0.0,"max_hp_gain":0.0,"max_hp_loss":0.0,"gold_gain":80.0,"event_name":"Golden Wing","player_choice":"Gained Gold","floor":13.0,"gold_loss":0.0,"damage_taken":0.0},{"damage_healed":0.0,"max_hp_gain":0.0,"max_hp_loss":0.0,"gold_gain":0.0,"event_name":"The Woman in Blue","player_choice":"Bought 1 Potion","floor":20.0,"gold_loss":0.0,"damage_taken":0.0},{"damage_healed":0.0,"max_hp_gain":0.0,"max_hp_loss":0.0,"gold_gain":0.0,"event_name":"Cursed Tome","player_choice":"Obtained Book","floor":22.0,"gold_loss":0.0,"damage_taken":16.0},{"damage_healed":0.0,"max_hp_gain":0.0,"max_hp_loss":0.0,"gold_gain":0.0,"event_name":"Addict","player_choice":"Obtained Relic","floor":30.0,"gold_loss":85.0,"damage_taken":0.0,"relics_obtained":["Chameleon Ring"]},{"cards_removed":["Strike_R"],"damage_healed":0.0,"max_hp_gain":0.0,"max_hp_loss":0.0,"gold_gain":0.0,"event_name":"Falling","player_choice":"Removed Attack","floor":36.0,"gold_loss":0.0,"damage_taken":0.0},{"damage_healed":0.0,"max_hp_gain":0.0,"max_hp_loss":0.0,"gold_gain":0.0,"event_name":"betterNote:BetterNote","player_choice":"Ignored","floor":38.0,"gold_loss":0.0,"damage_taken":0.0,"cards_obtained":["FTL"]}],"is_beta":false,"boss_relics":[{"not_picked":["VoidEssence"],"picked":"MetallicRebirth"},{"not_picked":["VoidEssence"],"picked":"MetallicRebirth"},{"not_picked":["Tiny House","Black Blood"],"picked":"Abe\u0027s Treasure"},{"not_picked":["TwistingMind"],"picked":"VoidEssence"},{"not_picked":["TwistingMind"],"picked":"VoidEssence"},{"not_picked":["Runic Cube","Astrolabe"],"picked":"Runic Dome"}],"items_purged_floors":[],"is_endless":false,"potions_floor_spawned":[10,21,24,35,39,45,48],"ascension_level":0}}