{"host":"nsc6ozq3atyrdr3m","time":1613170137,"event":{"mods":["BaseMod","Colored Map","Minty Spire (QoL Compilation)"],"gold_per_floor":[114,126,126,46,56,82,82,114,114,131,131,146,146,146,146,222,222,237,249,32,32,48,48,98,98,98,110,25,25,37,137,137,137,137],"floor_reached":33,"language":"FRA","playtime":587,"items_purged":[],"score":510,"play_id":"20085cc5-60c6-4ba0-bb96-1a584e67894e","local_time":"20210212234857","is_ascension_mode":true,"campfire_choices":[{"data":"Limit Break","floor":7,"key":"SMITH"},{"floor":11,"key":"REST"},{"floor":15,"key":"REST"},{"floor":23,"key":"REST"},{"data":"Flex","floor":25,"key":"SMITH"},{"data":"Flex","floor":29,"key":"SMITH"},{"floor":32,"key":"REST"}],"circlet_count":0,"master_deck":["AscendersBane","Strike_R","Strike_R","Strike_R","Strike_R","Strike_R","Defend_R","Defend_R","Defend_R","Defend_R","Bash","Carnage+1","Pommel Strike","Sword Boomerang","Limit Break+1","Flex","Inflame","Immolate","Flex+1","Heavy Blade","Inflame","Heavy Blade","Flex+1","Heavy Blade","Disarm","Thunderclap"],"relics":["Burning Blood","NeowsBlessing","Letter Opener","Nunchaku","Mummified Hand","Runic Dome","Question Card","InkBottle","Ice Cream","Gremlin Horn"],"acts_visited":["Exordium","TheCity"],"potions_floor_usage":[6,12,16,22,22,31],"damage_taken":[{"damage":0,"enemies":"Jaw Worm","floor":1,"turns":1},{"damage":0,"enemies":"2 Louse","floor":2,"turns":1},{"damage":0,"enemies":"Small Slimes","floor":5,"turns":1},{"damage":25,"enemies":"3 Sentries","floor":6,"turns":8},{"damage":35,"enemies":"Lagavulin","floor":8,"turns":6},{"damage":16,"enemies":"Exordium Wildlife","floor":10,"turns":4},{"damage":17,"enemies":"Gremlin Gang","floor":12,"turns":4},{"damage":53,"enemies":"Hexaghost","floor":16,"turns":7},{"damage":19,"enemies":"Spheric Guardian","floor":18,"turns":4},{"damage":17,"enemies":"2 Thieves","floor":19,"turns":3},{"damage":6,"enemies":"Sentry and Sphere","floor":22,"turns":3},{"damage":5,"enemies":"Snecko","floor":27,"turns":3},{"damage":24,"enemies":"Snake Plant","floor":30,"turns":2},{"damage":22,"enemies":"Colosseum Slavers","floor":31,"turns":2},{"damage":15,"enemies":"Colosseum Nobs","floor":31,"turns":3},{"damage":53,"enemies":"Champ","floor":33,"turns":3}],"seed_played":"-2882672545993446423","potions_obtained":[{"floor":1,"key":"BloodPotion"},{"floor":6,"key":"Fire Potion"},{"floor":19,"key":"Strength Potion"},{"floor":22,"key":"Energy Potion"},{"floor":27,"key":"SkillPotion"},{"floor":31,"key":"DuplicationPotion"}],"is_trial":false,"path_per_floor":["M","M","?","$","M","E","R","E","T","M","R","M","?","?","R","B",null,"M","M","$","?","M","R","?","R","T","M","?","R","M","?","R","B"],"character_chosen":"IRONCLAD","items_purchased":["DuplicationPotion","Inflame","Heavy Blade","DistilledChaos"],"campfire_rested":4,"item_purchase_floors":[4,20,20,20],"current_hp_per_floor":[74,75,75,75,75,56,56,27,27,17,39,28,28,28,50,18,61,48,37,37,37,37,59,59,59,59,60,60,60,42,17,39,0,0],"gold":137,"neow_bonus":"THREE_ENEMY_KILL","is_daily":false,"chose_seed":false,"campfire_upgraded":3,"win_rate":0.0,"timestamp":1613170137,"path_taken":["M","M","?","$","M","E","R","E","T","M","R","M","?","?","R","BOSS","M","M","$","?","?","R","?","R","T","M","?","R","M","?","R","BOSS"],"items_purchased_type":["Potion","Card","Card","Potion"],"build_version":"2020-12-22","purchased_purges":0,"victory":false,"max_hp_per_floor":[75,75,75,75,75,75,75,75,75,75,75,75,75,75,75,75,75,75,75,75,75,75,75,75,75,75,75,75,75,75,75,75,75,75],"card_choices":[{"not_picked":["Burning Pact","Clash"],"picked":"Carnage","floor":1},{"not_picked":["Warcry","Body Slam"],"picked":"Pommel Strike","floor":2},{"not_picked":["Wild Strike","Searing Blow"],"picked":"Sword Boomerang","floor":5},{"not_picked":["Evolve","Blood for Blood"],"picked":"Limit Break","floor":6},{"not_picked":["Clash","Rage"],"picked":"Flex","floor":8},{"not_picked":["Shrug It Off","Havoc"],"picked":"Inflame","floor":10},{"not_picked":["Headbutt","Perfected Strike","Clash"],"picked":"SKIP","floor":12},{"not_picked":["Offering","Berserk"],"picked":"Immolate","floor":16},{"not_picked":["Power Through","Armaments"],"picked":"Flex","floor":18},{"not_picked":["Havoc+1","Rage"],"picked":"Heavy Blade","floor":19},{"not_picked":["Shrug It Off","Clothesline"],"picked":"Flex","floor":22},{"not_picked":["Wild Strike","Sword Boomerang","Pommel Strike+1"],"picked":"Heavy Blade","floor":27},{"not_picked":["Perfected Strike","Heavy Blade","Ghostly Armor"],"picked":"Disarm","floor":30},{"not_picked":["Exhume","Body Slam","Twin Strike"],"picked":"Thunderclap","floor":31}],"player_experience":403753,"relics_obtained":[{"floor":6,"key":"Letter Opener"},{"floor":8,"key":"Nunchaku"},{"floor":9,"key":"Mummified Hand"},{"floor":26,"key":"Question Card"},{"floor":31,"key":"Ice Cream"},{"floor":31,"key":"Gremlin Horn"}],"event_choices":[{"damage_healed":0,"gold_gain":0,"player_choice":"Grow","damage_taken":0,"max_hp_gain":0,"max_hp_loss":0,"event_name":"Living Wall","floor":3,"gold_loss":0,"cards_upgraded":["Carnage"]},{"damage_healed":0,"gold_gain":0,"player_choice":"Fled","damage_taken":0,"max_hp_gain":0,"max_hp_loss":0,"event_name":"Scrap Ooze","floor":13,"gold_loss":0},{"damage_healed":0,"gold_gain":0,"player_choice":"Searched \u00270\u0027 times","damage_taken":0,"max_hp_gain":0,"max_hp_loss":0,"event_name":"Dead Adventurer","floor":14,"gold_loss":0},{"damage_healed":0,"gold_gain":0,"player_choice":"0 cards matched","damage_taken":0,"max_hp_gain":0,"max_hp_loss":0,"event_name":"Match and Keep!","floor":21,"gold_loss":0,"cards_obtained":[]},{"damage_healed":0,"gold_gain":50,"player_choice":"Stole From Cult","damage_taken":0,"max_hp_gain":0,"max_hp_loss":0,"event_name":"Nest","floor":24,"gold_loss":0},{"damage_healed":0,"gold_gain":0,"player_choice":"Obtained Relic","damage_taken":0,"relics_obtained":["InkBottle"],"max_hp_gain":0,"max_hp_loss":0,"event_name":"Addict","floor":28,"gold_loss":85},{"damage_healed":0,"gold_gain":0,"player_choice":"Fight","damage_taken":0,"max_hp_gain":0,"max_hp_loss":0,"event_name":"Colosseum","floor":31,"gold_loss":0},{"damage_healed":0,"gold_gain":0,"player_choice":"Fought Nobs","damage_taken":0,"max_hp_gain":0,"max_hp_loss":0,"event_name":"Colosseum","floor":31,"gold_loss":0}],"is_beta":false,"boss_relics":[{"not_picked":["Mark of Pain","Calling Bell"],"picked":"Runic Dome"}],"items_purged_floors":[],"is_endless":false,"potions_floor_spawned":[1,6,8,19,22,27,31],"killed_by":"Champ","ascension_level":20}}