{"host":"vrsxkkch9ccrec7k","time":1613097483,"event":{"mods":["Act Like it!","BaseMod","Bestiary","Better Altar","Better Match","Better Note","Better Sensory Stone","Better Skull","Better Third Choice","Better Vampires","Downfall","Minty Spire (QoL Compilation)","Permanent Neow","Relic Stats","Spicy Shops","StSLib"],"gold_per_floor":[99,119,130,142,201,219,242,242,242,242,271,282,313,313,330,431,431,431,445,458,458,474,140,140,159,159,159,176,176,194,224,241,342,342,342,362,372,15,11,11,62,62,107,135,35,49,49,49,67,67],"floor_reached":51,"language":"ENG","playtime":3472,"items_purged":["Slimebound:Strike_Slimebound","Slimebound:Strike_Slimebound","Slimebound:SamplingLick"],"score":1114,"play_id":"59ed942b-2af1-438b-94bb-d91718ec909c","local_time":"20210211213803","is_ascension_mode":true,"campfire_choices":[{"data":"Slimebound:Split","floor":1,"key":"SMITH"},{"data":"Slimebound:CorrosiveSpit","floor":10,"key":"SMITH"},{"data":"Slimebound:FirmFortitude","floor":18,"key":"SMITH"},{"data":"Slimebound:MassRepurpose","floor":26,"key":"SMITH"},{"data":"Slimebound:Tackle","floor":29,"key":"PURGE"},{"data":"Slimebound:MinionMaster","floor":35,"key":"SMITH"},{"data":"Slimebound:LeadByExample","floor":42,"key":"SMITH"},{"data":"Slimebound:RallyTheTroops","floor":45,"key":"SMITH"},{"data":"Slimebound:SplitAcid","floor":47,"key":"SMITH"}],"circlet_count":0,"master_deck":["Slimebound:Defend_Slimebound","Slimebound:Defend_Slimebound","Slimebound:Defend_Slimebound","Slimebound:Defend_Slimebound","Slimebound:Split+1","Slimebound:CorrosiveSpit+1","Slimebound:LeechingTouch","Slimebound:SplitAcid+1","Slimebound:SplitSpecialist","Slimebound:PressTheAttack","Slimebound:Prepare","Slimebound:MassRepurpose+1","Slimebound:LivingWall","Slimebound:FirmFortitude+1","Slimebound:Equalize","Slimebound:Prepare","Slimebound:LivingWall","Slimebound:RallyTheTroops+1","Slimebound:Prepare","Slimebound:LivingWall+1","Slimebound:MinionMaster+1","Slimebound:LeadByExample+1","Slimebound:SlimeBrawl","Slimebound:SlimeBarrage+1","Slimebound:WasteNot","Slimebound:FormOfPuddle","Slimebound:TagTeam"],"relics":["Slimebound:AbsorbEndCombat","Anchor","Slimebound:ScrapOozeRelic","Omamori","PreservedInsect","Snecko Eye","sneckomod:BabySnecko","Bag of Marbles","Regal Pillow","Cursed Key","OrangePellets","Ice Cream","hexamod:BolsterEngine","Slimebound:AggressiveSlimeRelic","Lizard Tail","Peace Pipe","downfall:HeartBlessingGreen"],"acts_visited":["Exordium","TheCity","TheBeyond"],"potions_floor_usage":[5,5,11,31,33,36,50],"damage_taken":[{"damage":2,"enemies":"Jaw Worm","floor":2,"turns":4},{"damage":1,"enemies":"2 Louse","floor":3,"turns":4},{"damage":1,"enemies":"Cultist","floor":4,"turns":4},{"damage":27,"enemies":"3 Sentries","floor":5,"turns":6},{"damage":18,"enemies":"Lots of Slimes","floor":6,"turns":3},{"damage":8,"enemies":"Gremlin Nob","floor":11,"turns":3},{"damage":0,"enemies":"2 Fungi Beasts","floor":12,"turns":3},{"damage":5,"enemies":"Lagavulin","floor":13,"turns":6},{"damage":5,"enemies":"Exordium Thugs","floor":15,"turns":4},{"damage":17,"enemies":"DF_ARCHETYPE_STREAMLINE","floor":16,"turns":9},{"damage":0,"enemies":"Chosen","floor":19,"turns":4},{"damage":5,"enemies":"3 Byrds","floor":20,"turns":4},{"damage":0,"enemies":"Cultist and Chosen","floor":22,"turns":4},{"damage":1,"enemies":"downfall:FleeingMerchant","floor":23,"turns":4},{"damage":0,"enemies":"Shelled Parasite and Fungi","floor":25,"turns":4},{"damage":0,"enemies":"3 Cultists","floor":28,"turns":4},{"damage":0,"enemies":"Centurion and Healer","floor":30,"turns":5},{"damage":14,"enemies":"Slavers","floor":31,"turns":6},{"damage":0,"enemies":"Snecko","floor":32,"turns":4},{"damage":9,"enemies":"IC_MUSHROOM_ARCHETYPE","floor":33,"turns":9},{"damage":7,"enemies":"3 Darklings","floor":36,"turns":4},{"damage":0,"enemies":"Orb Walker","floor":37,"turns":3},{"damage":3,"enemies":"downfall:FleeingMerchant","floor":38,"turns":4},{"damage":0,"enemies":"downfall:FleeingMerchant","floor":39,"turns":2},{"damage":0,"enemies":"2 Orb Walkers","floor":43,"turns":3},{"damage":0,"enemies":"Giant Head","floor":44,"turns":5},{"damage":0,"enemies":"4 Shapes","floor":46,"turns":3},{"damage":2,"enemies":"Jaw Worm Horde","floor":49,"turns":4},{"damage":13,"enemies":"SI_POISON_ARCHETYPE","floor":50,"turns":9}],"seed_played":"7217704672354570401","potions_obtained":[{"floor":0,"key":"LiquidBronze"},{"floor":0,"key":"Strength Potion"},{"floor":0,"key":"DistilledChaos"},{"floor":5,"key":"champ:CounterPotion"},{"floor":25,"key":"Block Potion"},{"floor":27,"key":"GamblersBrew"},{"floor":27,"key":"LiquidBronze"},{"floor":31,"key":"champ:CounterPotion"},{"floor":33,"key":"sneckomod:MuddlingPotion"}],"is_trial":false,"path_per_floor":["R","M","M","M","?","M","T","?","?","R","E","M","E","?","M","B",null,"R","M","M","?","M","$","T","M","R","?","M","R","M","E","M","B",null,"R","M","M","$","$","?","T","R","?","E","R","M","R","T","M","B",null],"character_chosen":"SLIMEBOUND","items_purchased":["Bag of Marbles","LiquidBronze","OrangePellets","Ice Cream","Slimebound:WasteNot","hexamod:BolsterEngine"],"campfire_rested":0,"item_purchase_floors":[23,38,38,39,39,39],"current_hp_per_floor":[59,63,64,65,40,22,22,22,43,43,35,39,40,40,39,30,56,56,60,57,57,65,65,65,65,65,65,65,65,65,57,65,65,65,65,65,65,64,65,65,65,65,65,65,65,65,65,65,65,64],"gold":67,"neow_bonus":"THREE_SMALL_POTIONS","is_daily":false,"chose_seed":false,"campfire_upgraded":8,"win_rate":0.0,"timestamp":1613097483,"path_taken":["R","M","M","M","?","M","T","?","?","R","E","M","E","?","M","BOSS","R","M","M","?","M","$","T","M","R","?","M","R","?","E","M","BOSS","R","M","M","?","$","?","T","R","?","E","R","M","R","?","M","BOSS"],"items_purchased_type":["Relic","Potion","Relic","Relic","Card","Relic"],"build_version":"2020-12-22","purchased_purges":3,"victory":true,"max_hp_per_floor":[65,65,65,65,65,65,65,65,65,65,65,65,65,65,65,65,65,65,65,65,65,65,65,65,65,65,65,65,65,65,65,65,65,65,65,65,65,65,65,65,65,65,65,65,65,65,65,65,65,65],"relic_stats":{"Peace Pipe":1,"OrangePellets":[3],"Regal Pillow":0,"Lizard Tail":0,"counters":[29,127],"Snecko Eye":[148,137,161,133],"PreservedInsect":271,"Cursed Key":1,"obtain_stats":[{"Ice Cream":39,"Slimebound:AggressiveSlimeRelic":41,"Regal Pillow":31,"Slimebound:ScrapOozeRelic":8,"downfall:HeartBlessingGreen":45,"PreservedInsect":13,"Omamori":11,"Cursed Key":34,"Peace Pipe":44,"sneckomod:BabySnecko":21,"OrangePellets":38,"Nunchaku":5,"Anchor":7,"Lizard Tail":43,"Snecko Eye":17,"Slimebound:AbsorbEndCombat":0,"Bag of Marbles":23,"hexamod:BolsterEngine":39},{"Ice Cream":24,"Slimebound:AggressiveSlimeRelic":24,"Regal Pillow":18,"Slimebound:ScrapOozeRelic":5,"downfall:HeartBlessingGreen":26,"PreservedInsect":8,"Omamori":6,"Cursed Key":20,"Peace Pipe":26,"sneckomod:BabySnecko":12,"OrangePellets":23,"Nunchaku":4,"Anchor":5,"Lizard Tail":25,"Snecko Eye":10,"Slimebound:AbsorbEndCombat":0,"Bag of Marbles":14,"hexamod:BolsterEngine":24},{"Ice Cream":103,"Slimebound:AggressiveSlimeRelic":103,"Regal Pillow":79,"Slimebound:ScrapOozeRelic":21,"downfall:HeartBlessingGreen":111,"PreservedInsect":33,"Omamori":24,"Cursed Key":90,"Peace Pipe":111,"sneckomod:BabySnecko":53,"OrangePellets":101,"Nunchaku":18,"Anchor":21,"Lizard Tail":106,"Snecko Eye":46,"Slimebound:AbsorbEndCombat":0,"Bag of Marbles":61,"hexamod:BolsterEngine":103}]},"card_choices":[{"not_picked":["Slimebound:Chomp","Slimebound:SplitLeeching"],"picked":"Slimebound:LeechingTouch","floor":2},{"not_picked":["Slimebound:LeechingTouch","Slimebound:Schlurp"],"picked":"Slimebound:SplitAcid","floor":3},{"not_picked":["Slimebound:FinishingTackle","Slimebound:ComboTackle"],"picked":"Slimebound:SplitSpecialist","floor":4},{"not_picked":["Slimebound:ItLooksTasty","Slimebound:RollThrough"],"picked":"Slimebound:PressTheAttack","floor":5},{"not_picked":["Slimebound:GoopSpray","Slimebound:LeechingTouch"],"picked":"Slimebound:ProtectTheBoss","floor":6},{"not_picked":["Slimebound:BestDefense","Slimebound:DivideAndConquer"],"picked":"Slimebound:Prepare","floor":11},{"not_picked":["Slimebound:Recollect","Slimebound:ComboTackle"],"picked":"Slimebound:MassRepurpose","floor":12},{"not_picked":["Slimebound:Schlurp","Slimebound:SplitLeeching"],"picked":"Slimebound:SamplingLick","floor":13},{"not_picked":["Slimebound:SlimeSpikes","Slimebound:RollThrough"],"picked":"Slimebound:LivingWall","floor":15},{"not_picked":["Slimebound:LeechLife","Slimebound:OozeBath"],"picked":"Slimebound:FirmFortitude","floor":16},{"not_picked":["Slimebound:ComboTackle","Slimebound:RollThrough"],"picked":"Slimebound:Equalize","floor":19},{"not_picked":["Slimebound:SplitLeeching","Slimebound:LeechingTouch"],"picked":"Slimebound:Prepare","floor":20},{"not_picked":["Slimebound:Schlurp","Slimebound:RollThrough"],"picked":"Slimebound:LivingWall","floor":22},{"not_picked":["Slimebound:SplitMire","Slimebound:LivingWall+1"],"picked":"Slimebound:RallyTheTroops","floor":23},{"not_picked":["Slimebound:TongueLash+1","Slimebound:Schlurp"],"picked":"Slimebound:Prepare","floor":25},{"not_picked":["Slimebound:PressTheAttack","Slimebound:DivideAndConquer+1","Slimebound:GoopTackle"],"picked":"SKIP","floor":28},{"not_picked":["Slimebound:BestDefense","Slimebound:Repurpose","Slimebound:ForwardTackle"],"picked":"SKIP","floor":30},{"not_picked":["Slimebound:ItLooksTasty","Slimebound:Nibble","Slimebound:Chomp"],"picked":"SKIP","floor":31},{"not_picked":["Slimebound:RejuvenatingLick+1","Slimebound:ItLooksTasty+1"],"picked":"Slimebound:LivingWall+1","floor":32},{"not_picked":["Slimebound:OneTwoCombo","Slimebound:OozeBath"],"picked":"Slimebound:MinionMaster","floor":33},{"not_picked":["Slimebound:SplitMire","Slimebound:SplitAcid"],"picked":"Slimebound:LeadByExample","floor":36},{"not_picked":["Slimebound:RainOfGoop+1","Slimebound:SlimeBarrage+1"],"picked":"Slimebound:SlimeBrawl","floor":37},{"not_picked":["Slimebound:FlameTackle+1","Slimebound:ViciousTackle+1"],"picked":"Slimebound:SlimeBarrage+1","floor":38},{"not_picked":["Slimebound:HungryTackle+1","Slimebound:SlimeSpikes+1","Slimebound:LivingWall"],"picked":"SKIP","floor":39},{"not_picked":["Slimebound:RejuvenatingLick","Slimebound:Chomp","Slimebound:SamplingLick"],"picked":"SKIP","floor":44},{"not_picked":["Slimebound:LivingWall+1","Slimebound:ItLooksTasty"],"picked":"Slimebound:FormOfPuddle","floor":46},{"not_picked":["Slimebound:RollThrough","Slimebound:SplitMire"],"picked":"Slimebound:TagTeam","floor":49}],"player_experience":1891122,"relics_obtained":[{"floor":5,"key":"Nunchaku"},{"floor":7,"key":"Anchor"},{"floor":11,"key":"Omamori"},{"floor":13,"key":"PreservedInsect"},{"floor":31,"key":"Regal Pillow"},{"floor":41,"key":"Slimebound:AggressiveSlimeRelic"},{"floor":43,"key":"Lizard Tail"},{"floor":44,"key":"Peace Pipe"}],"event_choices":[{"damage_healed":21,"gold_gain":0,"player_choice":"Banana","damage_taken":0,"max_hp_gain":0,"max_hp_loss":0,"event_name":"Big Fish","floor":9,"gold_loss":0},{"damage_healed":0,"gold_gain":0,"player_choice":"Got Potions","damage_taken":0,"max_hp_gain":0,"max_hp_loss":0,"event_name":"Lab","floor":27,"gold_loss":0},{"cards_removed":["Slimebound:ProtectTheBoss"],"damage_healed":0,"gold_gain":0,"player_choice":"Removed Power","damage_taken":0,"max_hp_gain":0,"max_hp_loss":0,"event_name":"Falling","floor":40,"gold_loss":0},{"damage_healed":0,"gold_gain":0,"player_choice":"Fight","damage_taken":0,"max_hp_gain":0,"max_hp_loss":0,"event_name":"Mysterious Sphere","floor":43,"gold_loss":0}],"is_beta":false,"boss_relics":[{"not_picked":["Busted Crown","Coffee Dripper"],"picked":"Snecko Eye"},{"not_picked":["Calling Bell","Slimebound:AbsorbEndCombatUpgraded"],"picked":"Cursed Key"}],"items_purged_floors":[23,23,38],"is_endless":false,"potions_floor_spawned":[2,4,5,25,28,30,31,33,44,46,49],"ascension_level":9}}