{"host":"18wi9kpcl4eah7pe","time":1613162300,"event":{"mods":["BaseMod","Colored Powertips","Downfall","Minty Spire (QoL Compilation)","StSLib"],"gold_per_floor":[99,99,99,99,99,126,126,26,26,26,11,40,54,54,69,168,168,68,80,100,300,312,50,99,99,115,146,146,46,81,81,95,200,200,200,212,117,117,128,139,139,139,139,155,167,182,182,217,230,230,230,230,230,230],"floor_reached":52,"language":"ENG","playtime":2279,"items_purged":["Writhe"],"score":1129,"play_id":"f46c8f5d-5166-48a4-9e69-bf6900184d54","local_time":"20210212143820","is_ascension_mode":true,"campfire_choices":[{"floor":1.0,"key":"RECALL"},{"floor":8.0,"key":"REST"},{"data":"bronze:Goto","floor":10.0,"key":"SMITH"},{"floor":18.0,"key":"REST"},{"floor":29,"key":"REST"},{"data":"bronze:CleanCode","floor":35,"key":"SMITH"},{"floor":42,"key":"REST"},{"floor":47,"key":"REST"}],"circlet_count":0,"master_deck":["bronze:Strike+1","bronze:Strike+1","bronze:Strike+1","bronze:Defend+1","bronze:Defend+1","bronze:Defend+1","bronze:Defend+1","bronze:Replicate+1","bronze:Goto+1","bronze:Overheat+1","bronze:OilSpill+1","bronze:DarkDash+1","bronze:Backtrace+1","bronze:GetLatest+1","bronze:Flail+1","bronze:Constructor+1","bronze:Shell+1","bronze:Break+1","bronze:ChosenStrike+1","bronze:Boost+1","bronze:BitShift+1","bronze:BuggyMess+1","bronze:BuggyMess+1","bronze:Branch+1","bronze:FollowUp+1","bronze:ChildClass+1","bronze:CleanCode+1","bronze:ItsAFeature+1","bronze:FineTuning+1","bronze:GetLatest+1","bronze:WhirlingStrike+1","bronze:Iterate+1","bronze:Iterate+1","bronze:Shield+1","bronze:Separator+1","bronze:FineTuning+1"],"relics":["bronze:BronzeCore","downfall:HeartsMalice","Darkstone Periapt","White Beast Statue","expansioncontent:StudyCardRelic","HandDrill","Bag of Preparation","Bag of Marbles","Whetstone","Boot","hexamod:CandleOfCauterizing","SacredBark","Mummified Hand","Molten Egg 2","War Paint"],"acts_visited":["Exordium","TheCity","TheBeyond","TheEnding"],"potions_floor_usage":[27,28,30,30,33,36,37,40,40,40,40,45,48,50,50,52],"damage_taken":[{"damage":0.0,"enemies":"Jaw Worm","floor":2.0,"turns":1.0},{"damage":0.0,"enemies":"2 Louse","floor":3.0,"turns":1.0},{"damage":0.0,"enemies":"Small Slimes","floor":4.0,"turns":1.0},{"damage":16.0,"enemies":"Gremlin Nob","floor":6.0,"turns":4.0},{"damage":5.0,"enemies":"downfall:FleeingMerchant","floor":11.0,"turns":4.0},{"damage":30.0,"enemies":"Lagavulin","floor":12.0,"turns":4.0},{"damage":0.0,"enemies":"2 Fungi Beasts","floor":13.0,"turns":2.0},{"damage":0.0,"enemies":"Exordium Thugs","floor":15.0,"turns":1.0},{"damage":37.0,"enemies":"DF_ARCHETYPE_STREAMLINE","floor":16.0,"turns":9.0},{"damage":12.0,"enemies":"Chosen","floor":19.0,"turns":2.0},{"damage":15.0,"enemies":"Centurion and Healer","floor":20.0,"turns":3.0},{"damage":16.0,"enemies":"Centurion and Healer","floor":21.0,"turns":4.0},{"damage":33.0,"enemies":"Snake Plant","floor":22.0,"turns":3.0},{"damage":0.0,"enemies":"downfall:FleeingMerchant","floor":23.0,"turns":4.0},{"damage":0.0,"enemies":"3 Cultists","floor":26.0,"turns":1.0},{"damage":0,"enemies":"Slavers","floor":27,"turns":1},{"damage":0,"enemies":"Shelled Parasite and Fungi","floor":28,"turns":1},{"damage":0,"enemies":"Book of Stabbing","floor":30,"turns":4},{"damage":0,"enemies":"Snecko","floor":32,"turns":3},{"damage":24,"enemies":"WA_ARCHETYPE_CALM","floor":33,"turns":7},{"damage":3,"enemies":"3 Shapes","floor":36,"turns":2},{"damage":0,"enemies":"downfall:FleeingMerchant","floor":37,"turns":3},{"damage":2,"enemies":"Orb Walker","floor":39,"turns":2},{"damage":9,"enemies":"4 Shapes","floor":40,"turns":4},{"damage":0,"enemies":"Spire Growth","floor":44,"turns":1},{"damage":0,"enemies":"Maw","floor":45,"turns":4},{"damage":0,"enemies":"Sphere and 2 Shapes","floor":46,"turns":2},{"damage":0,"enemies":"Nemesis","floor":48,"turns":1},{"damage":0,"enemies":"Transient","floor":49,"turns":5},{"damage":27,"enemies":"SI_POISON_ARCHETYPE","floor":50,"turns":6},{"damage":90,"enemies":"downfall:CharBossMerchant","floor":52,"turns":7}],"seed_played":"-5756026286855072479","potions_obtained":[{"floor":6.0,"key":"Dexterity Potion"},{"floor":12.0,"key":"AttackPotion"},{"floor":13.0,"key":"SpeedPotion"},{"floor":15.0,"key":"EssenceOfSteel"},{"floor":16.0,"key":"Fire Potion"},{"floor":19.0,"key":"bronze:BurnAndBuffPotion"},{"floor":20.0,"key":"EssenceOfSteel"},{"floor":22.0,"key":"Weak Potion"},{"floor":23.0,"key":"champ:CounterPotion"},{"floor":26.0,"key":"Strength Potion"},{"floor":27,"key":"sneckomod:MuddlingPotion"},{"floor":30,"key":"BlessingOfTheForge"},{"floor":32,"key":"bronze:FreeFunctionsPotion"},{"floor":33,"key":"Energy Potion"},{"floor":36,"key":"SteroidPotion"},{"floor":37,"key":"SneckoOil"},{"floor":39,"key":"Energy Potion"},{"floor":40,"key":"Energy Potion"},{"floor":44,"key":"hexamod:SoulburnPotion"},{"floor":45,"key":"Slimebound:ThreeZeroPotion"},{"floor":48,"key":"Guardian:BlockOnCardUsePotion"}],"is_trial":false,"path_per_floor":["R","M","M","M","?","E","T","R","?","R","$","E","M","?","M","B",null,"R","M","M","?","M","$","T","T","M","E","M","R","E","?","M","B",null,"R","M","?","?","M","M","T","R","?","M","M","M","R","E","M","B",null,"E"],"character_chosen":"THE_AUTOMATON","items_purchased":["HandDrill","SmokeBomb","Mummified Hand","EntropicBrew"],"campfire_rested":5,"item_purchase_floors":[23,23,37,37],"current_hp_per_floor":[63,63,63,63,63,47,47,80,86,86,81,51,51,51,51,14,68,86,74,59,43,10,10,10,10,10,10,10,35,35,41,41,17,73,73,70,70,70,68,59,59,86,82,82,82,82,82,82,82,55,75,0,0,0],"gold":230,"neow_bonus":"THREE_ENEMY_KILL","is_daily":false,"chose_seed":false,"campfire_upgraded":2,"win_rate":0.0,"timestamp":1613162300,"path_taken":["R","M","M","M","?","E","T","R","?","R","$","E","M","?","M","BOSS","R","M","M","?","M","$","T","?","M","E","?","R","E","?","M","BOSS","R","M","?","?","M","M","T","R","?","M","M","M","R","E","M","BOSS","E"],"items_purchased_type":["Relic","Potion","Relic","Potion"],"build_version":"2020-12-22","purchased_purges":1,"victory":false,"max_hp_per_floor":[70,70,70,70,70,70,70,80,86,86,86,86,86,86,86,86,86,86,86,86,86,86,86,86,86,86,86,86,86,86,92,92,92,92,92,92,92,92,92,92,92,92,82,82,82,82,82,82,82,82,82,82,82,82],"card_choices":[{"not_picked":["bronze:CutThrough","bronze:WhirlingStrike"],"picked":"bronze:Overheat","floor":2.0},{"not_picked":["bronze:Branch","bronze:Iterate"],"picked":"bronze:Separator","floor":3.0},{"not_picked":["bronze:InfiniteBeams","bronze:Shell"],"picked":"bronze:OilSpill","floor":4.0},{"not_picked":["bronze:Turbo","bronze:DelayedGuard"],"picked":"bronze:Backtrace","floor":6.0},{"not_picked":["bronze:ForLoop","bronze:Safeguard"],"picked":"bronze:GetLatest","floor":11.0},{"not_picked":["bronze:Safeguard","bronze:BugBarrage"],"picked":"bronze:Flail","floor":12.0},{"not_picked":["bronze:Turbo","bronze:Branch"],"picked":"bronze:Constructor","floor":13.0},{"not_picked":["bronze:ForceShield","bronze:DarkDash"],"picked":"bronze:Shell","floor":15.0},{"not_picked":["bronze:SpaghettiCode","bronze:Virus"],"picked":"bronze:Break","floor":16.0},{"not_picked":["bronze:ForceShield","bronze:Branch"],"picked":"bronze:ChosenStrike","floor":19.0},{"not_picked":["bronze:BuggyMess","bronze:Frontload"],"picked":"bronze:Boost","floor":20.0},{"not_picked":["bronze:Philosophize","bronze:Deprecate"],"picked":"bronze:BitShift+1","floor":22.0},{"not_picked":["bronze:Iterate","bronze:DigitalCarnage"],"picked":"bronze:BuggyMess","floor":23.0},{"not_picked":["bronze:Frontload+1","bronze:ForceShield"],"picked":"bronze:BuggyMess","floor":26.0},{"not_picked":["bronze:OilSpill","bronze:Backtrace+1"],"picked":"bronze:Branch","floor":27},{"not_picked":["bronze:BugBarrage+1","bronze:InfiniteBeams"],"picked":"bronze:FollowUp+1","floor":30},{"not_picked":["bronze:BugBarrage","bronze:Refactor"],"picked":"bronze:ChildClass+1","floor":32},{"not_picked":["bronze:Assembly","bronze:BurnOut"],"picked":"bronze:CleanCode","floor":33},{"not_picked":["bronze:DarkDash+1","bronze:CutThrough+1"],"picked":"bronze:ItsAFeature","floor":36},{"not_picked":["bronze:Turbo+1","bronze:BuggyMess+1"],"picked":"bronze:FineTuning+1","floor":37},{"not_picked":["bronze:WhirlingStrike+1","bronze:BugBarrage"],"picked":"bronze:GetLatest+1","floor":39},{"not_picked":["bronze:Virus","bronze:Constructor"],"picked":"bronze:WhirlingStrike+1","floor":40},{"not_picked":["bronze:Branch+1","bronze:Turbo+1"],"picked":"bronze:Iterate+1","floor":44},{"not_picked":["bronze:Deprecate+1","bronze:Separator+1"],"picked":"bronze:Iterate+1","floor":45},{"not_picked":["bronze:FindAndReplace","bronze:BronzeArmor"],"picked":"bronze:Shield+1","floor":46},{"not_picked":["bronze:MaxOutput","bronze:BronzeArmor"],"picked":"bronze:Separator+1","floor":48},{"not_picked":["bronze:BronzeArmor+1","bronze:Iterate+1"],"picked":"bronze:FineTuning+1","floor":49}],"player_experience":1025132,"relics_obtained":[{"floor":6.0,"key":"Darkstone Periapt"},{"floor":12.0,"key":"White Beast Statue"},{"floor":24.0,"key":"Bag of Preparation"},{"floor":25.0,"key":"Bag of Marbles"},{"floor":27,"key":"Whetstone"},{"floor":30,"key":"Boot"},{"floor":41,"key":"Molten Egg 2"},{"floor":48,"key":"War Paint"}],"event_choices":[{"cards_removed":["downfall:Malfunctioning"],"damage_healed":0.0,"max_hp_gain":0.0,"max_hp_loss":0.0,"gold_gain":0.0,"event_name":"The Cleric","player_choice":"Card Removal","floor":14.0,"gold_loss":0.0,"damage_taken":0.0},{"cards_removed":["bronze:Separator"],"damage_healed":0,"gold_gain":0,"player_choice":"Removed Attack","damage_taken":0,"max_hp_gain":0,"max_hp_loss":0,"event_name":"Falling","floor":38,"gold_loss":0}],"is_beta":false,"boss_relics":[{"not_picked":["bronze:MakeshiftBattery","Philosopher\u0027s Stone"],"picked":"expansioncontent:StudyCardRelic"},{"not_picked":["bronze:ElectromagneticCoil","Cursed Key"],"picked":"SacredBark"}],"items_purged_floors":[37],"is_endless":false,"potions_floor_spawned":[6,12,13,15,16,19,20,21,22,23,26,27,28,30,32,33,36,37,39,40,44,45,46,48,49],"killed_by":"downfall:CharBossMerchant","ascension_level":6}}