{"host":"w6q69c5vmy05l1mm","time":1613123930,"event":{"mods":["BaseMod","Better Third Choice","Colored Map","Colored Powertips","Minty Spire (QoL Compilation)","Replay The Spire","StSLib"],"gold_per_floor":[110,129,144,22,37,37,54,82,82,92,92,92,92,118,118,189,189,199,199,212,226,226,226],"floor_reached":22,"language":"ENG","playtime":1058,"items_purged":[],"score":327,"play_id":"920ee719-95c5-4360-8f86-d2f5661ee8fe","local_time":"20210212115850","is_ascension_mode":true,"campfire_choices":[{"data":"Noxious Fumes","floor":6,"key":"SMITH"},{"floor":11,"key":"REST"},{"data":"Catalyst","floor":13,"key":"SMITH"},{"data":"Noxious Fumes","floor":15,"key":"SMITH"}],"circlet_count":0,"master_deck":["AscendersBane","Strike_G","Strike_G","Strike_G","Strike_G","Strike_G","Defend_G","Defend_G","Defend_G","Defend_G","Defend_G","Survivor+1","Neutralize+1","Blade Dance","Catalyst+1","Noxious Fumes+1","Noxious Fumes+1","Dagger Spray","Sucker Punch","ReplayTheSpireMod:From All Sides","Cloak And Dagger","Acrobatics","Tools of the Trade","Dodge and Roll"],"relics":["Ring of the Snake","ReplayTheSpireMod:TigerMarble","Paper Crane","Replay:Accelerometer","Philosopher\u0027s Stone"],"acts_visited":["Exordium","TheCity"],"potions_floor_usage":[8,8],"damage_taken":[{"damage":5,"enemies":"Small Slimes","floor":1,"turns":5},{"damage":6,"enemies":"Cultist","floor":2,"turns":4},{"damage":11,"enemies":"Jaw Worm","floor":3,"turns":6},{"damage":0,"enemies":"Looter","floor":5,"turns":4},{"damage":18,"enemies":"Exordium Wildlife","floor":7,"turns":5},{"damage":18,"enemies":"3 Sentries","floor":8,"turns":6},{"damage":4,"enemies":"Red Slaver","floor":10,"turns":4},{"damage":18,"enemies":"Replay:BlueRogue","floor":14,"turns":6},{"damage":10,"enemies":"The Guardian","floor":16,"turns":8},{"damage":12,"enemies":"Chosen","floor":18,"turns":6},{"damage":11,"enemies":"3 Byrds","floor":20,"turns":4},{"damage":32,"enemies":"Cultist and Chosen","floor":21,"turns":5}],"seed_played":"7088740597366249766","potions_obtained":[{"floor":1,"key":"Block Potion"},{"floor":3,"key":"Adrenaline Potion"},{"floor":14,"key":"SpeedPotion"}],"is_trial":false,"path_per_floor":["M","M","M","$","M","R","M","E","T","M","R","?","R","E","R","B",null,"M","?","M","M","?"],"character_chosen":"THE_SILENT","items_purchased":["Noxious Fumes","Dagger Spray"],"campfire_rested":1,"item_purchase_floors":[4,4],"current_hp_per_floor":[58,52,41,41,41,41,23,5,5,1,22,70,70,52,52,42,63,51,51,40,8,0,0],"gold":226,"neow_bonus":"UPGRADE_CARD","is_daily":false,"chose_seed":false,"campfire_upgraded":3,"win_rate":0.0,"timestamp":1613123930,"path_taken":["M","M","M","$","M","R","M","E","T","M","R","?","R","E","R","BOSS","M","?","M","?","?"],"items_purchased_type":["Card","Card"],"build_version":"2020-12-22","purchased_purges":0,"victory":false,"max_hp_per_floor":[70,70,70,70,70,70,70,70,70,70,70,70,70,70,70,70,70,70,70,70,70,75,75],"card_choices":[{"not_picked":["Skewer","Underhanded Strike"],"picked":"Blade Dance","floor":1},{"not_picked":["Outmaneuver","Bane"],"picked":"Catalyst","floor":2},{"not_picked":["Dodge and Roll","Accuracy"],"picked":"Noxious Fumes","floor":3},{"not_picked":["Acrobatics","Concentrate"],"picked":"Sucker Punch","floor":5},{"not_picked":["Underhanded Strike","Hidden Blade"],"picked":"ReplayTheSpireMod:From All Sides","floor":7},{"not_picked":["Dodge and Roll","Tactician"],"picked":"Accuracy","floor":8},{"not_picked":["Deadly Poison","Replay:Poison Smokescreen"],"picked":"Cloak And Dagger","floor":10},{"not_picked":["Storm of Steel","ReplayTheSpireMod:Speed Training"],"picked":"Acrobatics","floor":14},{"not_picked":["ReplayTheSpireMod:Necrosis","Night Terror"],"picked":"Tools of the Trade","floor":16},{"not_picked":["ReplayTheSpireMod:The Works","Finisher"],"picked":"Dodge and Roll","floor":18},{"not_picked":["Dagger Throw","ReplayTheSpireMod:Shiv Toss","ReplayTheSpireMod:Tripwire"],"picked":"SKIP","floor":20},{"not_picked":["Deflect","Sucker Punch","PiercingWail"],"picked":"SKIP","floor":21}],"player_experience":403117,"relics_obtained":[{"floor":8,"key":"ReplayTheSpireMod:TigerMarble"},{"floor":9,"key":"Paper Crane"},{"floor":14,"key":"Replay:Accelerometer"}],"event_choices":[{"cards_removed":["Accuracy"],"damage_healed":48,"gold_gain":0,"player_choice":"Offered Uncommon","damage_taken":0,"max_hp_gain":0,"max_hp_loss":0,"event_name":"Bonfire Elementals","floor":12,"gold_loss":0},{"damage_healed":0,"gold_gain":0,"player_choice":"Upgraded","damage_taken":0,"max_hp_gain":0,"max_hp_loss":0,"event_name":"Upgrade Shrine","floor":19,"gold_loss":0,"cards_upgraded":["Survivor"]}],"is_beta":false,"boss_relics":[{"not_picked":["Kintsugi","Replay:Ancient Bell"],"picked":"Philosopher\u0027s Stone"}],"items_purged_floors":[],"is_endless":false,"potions_floor_spawned":[1,3,5,14],"ascension_level":13}}