{"host":"2rbn7ywmirq5y689","time":1613156744,"event":{"mods":["BaseMod","Colored Map","Colored Powertips","Highlight Path","Minty Spire (QoL Compilation)","Rare Cards Sparkle","Relic Stats","StSLib"],"gold_per_floor":[115,190,37,37,37,67,79,79,79,79,79],"floor_reached":10,"language":"ENG","playtime":195,"items_purged":["Strike_B"],"score":93,"play_id":"ed6effa3-60d8-4136-900e-63a0ca9d3ce9","local_time":"20210213030544","is_ascension_mode":true,"campfire_choices":[{"data":"Hologram","floor":8,"key":"SMITH"}],"circlet_count":0,"master_deck":["Strike_B","Strike_B","Defend_B","Defend_B","Defend_B","Defend_B","Zap","Dualcast","Hologram+1","Blizzard","Loop","Rainbow"],"relics":["Cracked Core","NeowsBlessing","Meat on the Bone","Bronze Scales","Shovel"],"acts_visited":["Exordium"],"potions_floor_usage":[],"damage_taken":[{"damage":0,"enemies":"Small Slimes","floor":1,"turns":1},{"damage":0,"enemies":"3 Sentries","floor":6,"turns":1},{"damage":0,"enemies":"Jaw Worm","floor":7,"turns":1},{"damage":69,"enemies":"Gremlin Nob","floor":10,"turns":6}],"seed_played":"4433652114086085830","potions_obtained":[{"floor":6,"key":"Energy Potion"}],"is_trial":false,"path_per_floor":["M","?","$","?","?","E","M","R","T","E"],"character_chosen":"DEFECT","items_purchased":["Blizzard"],"campfire_rested":0,"item_purchase_floors":[3],"current_hp_per_floor":[75,64,64,52,52,52,52,52,52,0,0],"gold":79,"neow_bonus":"THREE_ENEMY_KILL","is_daily":false,"chose_seed":false,"campfire_upgraded":1,"win_rate":0.0,"timestamp":1613156744,"path_taken":["M","?","$","?","?","E","?","R","T","E"],"items_purchased_type":["Card"],"build_version":"2020-12-22","purchased_purges":1,"victory":false,"max_hp_per_floor":[75,75,75,75,75,75,75,75,75,75,75],"relic_stats":{"Shovel":0,"counters":[4,9],"Bronze Scales":[12],"obtain_stats":[{"Shovel":9,"NeowsBlessing":0,"Bronze Scales":6,"Cracked Core":0,"Meat on the Bone":4},{"Shovel":3,"NeowsBlessing":0,"Bronze Scales":2,"Cracked Core":0,"Meat on the Bone":1},{"Shovel":3,"NeowsBlessing":0,"Bronze Scales":2,"Cracked Core":0,"Meat on the Bone":1}],"Meat on the Bone":0},"card_choices":[{"not_picked":["Stack","Rip and Tear"],"picked":"Hologram","floor":1},{"not_picked":["Leap","Storm"],"picked":"Loop","floor":6},{"not_picked":["Aggregate","FTL"],"picked":"Rainbow","floor":7}],"player_experience":229785,"relics_obtained":[{"floor":6,"key":"Bronze Scales"},{"floor":9,"key":"Shovel"}],"event_choices":[{"damage_healed":0,"gold_gain":75,"player_choice":"Gather Gold","damage_taken":11,"max_hp_gain":0,"max_hp_loss":0,"event_name":"World of Goop","floor":2,"gold_loss":0},{"damage_healed":0,"gold_gain":0,"player_choice":"Success","damage_taken":12,"relics_obtained":["Meat on the Bone"],"max_hp_gain":0,"max_hp_loss":0,"event_name":"Scrap Ooze","floor":4,"gold_loss":0},{"cards_removed":["Strike_B"],"damage_healed":0,"gold_gain":0,"player_choice":"Purged","damage_taken":0,"max_hp_gain":0,"max_hp_loss":0,"event_name":"Purifier","floor":5,"gold_loss":0}],"is_beta":false,"boss_relics":[],"items_purged_floors":[3],"is_endless":false,"potions_floor_spawned":[6],"killed_by":"Gremlin Nob","ascension_level":1}}