{"host":"vqs1j3qalc1cciyt","time":1613151195,"event":{"mods":["2.2 Compatiblity","AchievementEnabler","Aspiration","BaseMod","Beaked The Cultist","Better Altar","Better Match","Better Note","Better Sensory Stone","Better Skull","Better Third Choice","Clockwork Mod","Colored Map","Conspire","Downfall","Friendly Minions","GifTheSpireLib","Glutton Mod","Halation","Highlight Path","Hubris","Infinite Spire","Minty Spire (QoL Compilation)","RRrroohrrRGHHhhh!!","Replay The Spire","Spicy Shops","StSLib","Stuff the Spire","The Construct","The Cursed","The Disciple","The Hierophant"],"gold_per_floor":[113,127,127,141,141,168,184,211,211,228,228,228,81,94,94,191,191,208,223,322,322,199,228,228,262,262,262,277,306,322,322,322,425,425,438,438,458,76,88,115,115,150,150,150,150,150,160,173,173,173],"floor_reached":51,"language":"ENG","playtime":8753,"items_purged":["Regret"],"score":840,"play_id":"05cc0473-4d79-4f81-b511-015a827036a7","local_time":"20210212093315","is_ascension_mode":true,"campfire_choices":[{"data":"beaked:Brace","floor":12.0,"key":"SMITH"},{"data":"ReplayTheSpireMod:Wings of Steel","floor":15.0,"key":"SMITH"},{"data":"beaked:MaddeningMurmurs","floor":24,"key":"SMITH"},{"data":"beaked:KnowThyFoe","floor":32,"key":"SMITH"},{"data":"beaked:SacrificialAttack","floor":41,"key":"SMITH"},{"data":"beaked:BraceForImpact","floor":44,"key":"SMITH"},{"data":"beaked:Overpower","floor":49,"key":"SMITH"}],"circlet_count":0,"master_deck":["beaked:Strike_Y","beaked:Strike_Y+1","beaked:Strike_Y+1","beaked:Strike_Y","beaked:Defend_Y","beaked:Defend_Y","beaked:Defend_Y","beaked:Ceremony","beaked:Ceremony","beaked:Ceremony","beaked:Foresight","beaked:Brace+1","beaked:Overpower+1","ReplayTheSpireMod:Wings of Steel+1","beaked:KnowThyFoe+1","beaked:SurvivalInstinct+1","beaked:Pecker+1","beaked:Flinch+1","beaked:Tweet","beaked:BraceForImpact","beaked:MaddeningMurmurs+1","beaked:WarriorEssence","beaked:WarriorEssence","infinitespire:FutureSight","beaked:Tweet","beaked:SacrificialAttack+1","beaked:BraceForImpact+1","beaked:MimicWarrior+1","Headbutt","Parasite"],"relics":["beaked:MendingPlumage","Whetstone","hubris:Icosahedron","StuffTheSpire:RedRose","Bag of Preparation","Gremlin Food","Bronze Scales","Astrolabe","Regal Pillow","beaked:ThroatLozenge","hubris:CuriousFeather","Blood Vial","ReplayTheSpireMod:Shallot","halation:PinkSoulGem","aspiration:SecretTechniqueScroll","infinitespire:EmpoweringShard","Strawberry","Blood Vial","hubris:CrystalStatue"],"acts_visited":["Exordium","TheCity","TheBeyond"],"potions_floor_usage":[25,50,50,50],"damage_taken":[{"damage":5.0,"enemies":"Cultist","floor":1.0,"turns":4.0},{"damage":14.0,"enemies":"2 Louse","floor":2.0,"turns":6.0},{"damage":18.0,"enemies":"Jaw Worm","floor":4.0,"turns":8.0},{"damage":28.0,"enemies":"Lagavulin","floor":6.0,"turns":6.0},{"damage":12.0,"enemies":"3 Louse","floor":7.0,"turns":3.0},{"damage":25.0,"enemies":"Gremlin Nob","floor":8.0,"turns":5.0},{"damage":5.0,"enemies":"Exordium Thugs","floor":10.0,"turns":4.0},{"damage":2.0,"enemies":"Blue Slaver","floor":14.0,"turns":5.0},{"damage":9.0,"enemies":"Hexaghost","floor":16.0,"turns":7.0},{"damage":11.0,"enemies":"Shell Parasite","floor":18.0,"turns":4.0},{"damage":0.0,"enemies":"Spheric Guardian","floor":19.0,"turns":5.0},{"damage":0.0,"enemies":"conspire:Head Lice","floor":23.0,"turns":7.0},{"damage":52,"enemies":"conspire:SneckoGhost","floor":25,"turns":8},{"damage":0,"enemies":"conspire:HollyBat","floor":28,"turns":6},{"damage":0,"enemies":"conspire:Head Lice","floor":29,"turns":7},{"damage":12,"enemies":"Cultist and Chosen","floor":30,"turns":8},{"damage":4,"enemies":"Champ","floor":33,"turns":7},{"damage":30,"enemies":"3 Shapes","floor":35,"turns":6},{"damage":12,"enemies":"Orb Walker","floor":37,"turns":4},{"damage":39,"enemies":"3 Darklings","floor":39,"turns":5},{"damage":35,"enemies":"Nemesis","floor":40,"turns":4},{"damage":3,"enemies":"Nightmare","floor":42,"turns":8},{"damage":2,"enemies":"Maw","floor":47,"turns":6},{"damage":14,"enemies":"Writhing Mass","floor":48,"turns":7},{"damage":63,"enemies":"Awakened One","floor":50,"turns":7}],"seed_played":"-5361666733937927003","potions_obtained":[{"floor":2.0,"key":"champ:CounterPotion"},{"floor":6.0,"key":"LifebloodPotion"},{"floor":10.0,"key":"GamblersBrew"},{"floor":11.0,"key":"Slimebound:ThreeZeroPotion"},{"floor":19.0,"key":"Regen Potion"},{"floor":30,"key":"champ:CounterPotion"},{"floor":33,"key":"Explosive Potion"},{"floor":37,"key":"sneckomod:MuddlingPotion"},{"floor":40,"key":"Weak Potion"}],"is_trial":false,"path_per_floor":["M","M","?","M","?","E","M","E","T","M","?","R","$","M","R","B",null,"M","M","?","?","$","E","R","E","T","?","M","E","M","?","R","B",null,"M","?","M","$","M","E","R","NM","T","R","?","?","M","M","R_BF","B",null],"character_chosen":"BEAKED_THE_CULTIST","items_purchased":["ReplayTheSpireMod:Wings of Steel","beaked:BraceForImpact","beaked:MaddeningMurmurs","beaked:SacrificialAttack","infinitespire:EmpoweringShard","beaked:BraceForImpact"],"campfire_rested":0,"item_purchase_floors":[13,22,22,38,38,38],"current_hp_per_floor":[48,49,49,50,50,33,28,17,17,27,27,27,27,39,39,50,50,42,52,52,52,52,52,52,33,33,19,43,52,45,45,45,52,52,45,32,44,44,45,58,58,59,59,59,62,62,62,62,62,41],"gold":173,"neow_bonus":"RANDOM_COMMON_RELIC","is_daily":false,"chose_seed":false,"campfire_upgraded":7,"win_rate":0.0,"timestamp":1613151195,"path_taken":["M","M","?","M","?","E","M","E","T","?","?","R","$","M","R","BOSS","M","M","?","?","$","E","R","E","T","?","M","E","M","?","R","BOSS","M","?","M","$","M","E","R","NM","T","R","?","?","?","M","R_BF","BOSS"],"items_purchased_type":["Card","Card","Card","Card","Relic","Card"],"build_version":"2020-12-22","purchased_purges":1,"victory":true,"max_hp_per_floor":[50,50,50,50,50,50,50,50,50,50,50,50,50,50,50,50,50,52,52,52,52,52,52,52,52,52,52,52,52,52,52,52,52,52,52,52,52,52,52,59,59,59,59,59,62,62,62,62,62,62],"card_choices":[{"not_picked":["beaked:Flinch","ReplayTheSpireMod:Prepare the Ceremony"],"picked":"beaked:Foresight","floor":1.0},{"not_picked":["beaked:Devastation","beaked:DigDeep"],"picked":"beaked:Brace","floor":2.0},{"not_picked":["beaked:Struggle","beaked:TuckingFeathers","beaked:Windmill"],"picked":"SKIP","floor":4.0},{"not_picked":["beaked:Devastation","ReplayTheSpireMod:Prepare the Ceremony"],"picked":"beaked:Overpower","floor":6.0},{"not_picked":["beaked:BounceBack","beaked:DarkTribute","beaked:TuckingFeathers"],"picked":"SKIP","floor":7.0},{"not_picked":["beaked:BounceBack","beaked:DarkTribute","beaked:TuckingFeathers"],"picked":"SKIP","floor":7.0},{"not_picked":["beaked:Cower","beaked:Daydream","beaked:Devastation"],"picked":"SKIP","floor":8.0},{"not_picked":["beaked:TuckingFeathers","beaked:Resilience","beaked:DigDeep"],"picked":"SKIP","floor":10.0},{"not_picked":["beaked:Tradeoff","beaked:BarbedWire","beaked:Hexing"],"picked":"SKIP","floor":14.0},{"not_picked":["beaked:SacrificialScars","beaked:VolatileMisfortune"],"picked":"beaked:KnowThyFoe","floor":16.0},{"not_picked":["beaked:Struggle+1","beaked:MachineSpirit","beaked:Cower"],"picked":"SKIP","floor":18.0},{"not_picked":["beaked:DigDeep","beaked:Insight+1"],"picked":"beaked:Tweet","floor":19.0},{"not_picked":["beaked:Negation","beaked:ShadowFade","ReplayTheSpireMod:Wings of Steel"],"picked":"SKIP","floor":23},{"not_picked":["beaked:BarbedWire+1","beaked:SacrificialDive","beaked:Cower"],"picked":"SKIP","floor":25},{"not_picked":["beaked:Redirect+1","beaked:VigorBurst"],"picked":"beaked:WarriorEssence","floor":28},{"not_picked":["beaked:Poke","beaked:SurvivalInstinct"],"picked":"beaked:WarriorEssence","floor":29},{"not_picked":["beaked:BloodForTheGods","beaked:Replenish","beaked:DigDeep"],"picked":"SKIP","floor":30},{"not_picked":["beaked:Cower","beaked:DigDeep+1","beaked:DesperateSwing+1"],"picked":"SKIP","floor":35},{"not_picked":["ReplayTheSpireMod:Black Plague","hubris:InfiniteBlow+2"],"picked":"infinitespire:FutureSight","floor":36},{"not_picked":["beaked:MimicMachine","beaked:HuntressEssence"],"picked":"beaked:Tweet","floor":37},{"not_picked":["beaked:Cower","beaked:SacrificialDive+1","beaked:Mantra+1"],"picked":"SKIP","floor":39},{"not_picked":["beaked:WarriorEssence+1","beaked:CursingBlood+1"],"picked":"beaked:MimicWarrior+1","floor":40},{"not_picked":["beaked:Cower+1","beaked:Windmill","beaked:BarbedWire+1"],"picked":"SKIP","floor":42},{"not_picked":["beaked:Poke+1","beaked:FakeOut","beaked:SacrificialDive+1"],"picked":"SKIP","floor":47},{"not_picked":["beaked:Tweet+1","beaked:Poke+1","beaked:CursingBlood+1"],"picked":"SKIP","floor":48}],"player_experience":943522,"relics_obtained":[{"floor":6.0,"key":"Bag of Preparation"},{"floor":8.0,"key":"Gremlin Food"},{"floor":9.0,"key":"Bronze Scales"},{"floor":23,"key":"Regal Pillow"},{"floor":25,"key":"beaked:ThroatLozenge"},{"floor":26,"key":"hubris:CuriousFeather"},{"floor":29,"key":"ReplayTheSpireMod:Shallot"},{"floor":40,"key":"Strawberry"},{"floor":42,"key":"Blood Vial"},{"floor":43,"key":"hubris:CrystalStatue"}],"event_choices":[{"damage_healed":0.0,"max_hp_gain":0.0,"max_hp_loss":0.0,"gold_gain":0.0,"event_name":"Lab","player_choice":"Got Potions","floor":11.0,"gold_loss":0.0,"damage_taken":0.0},{"damage_healed":0.0,"max_hp_gain":0.0,"max_hp_loss":0.0,"gold_gain":99.0,"event_name":"betterThird:BetterNest","player_choice":"Steal","floor":20.0,"gold_loss":0.0,"damage_taken":0.0},{"damage_healed":0,"gold_gain":0,"player_choice":" Vial ","damage_taken":14,"relics_obtained":["Blood Vial"],"max_hp_gain":33,"max_hp_loss":19,"event_name":"betterAltar:BetterAltar","floor":27,"potions_obtained":[],"relics_lost":[],"gold_loss":0},{"damage_healed":0,"gold_gain":3,"player_choice":"4","damage_taken":0,"max_hp_gain":0,"max_hp_loss":0,"event_name":"betterStone:BetterStone","floor":46,"gold_loss":0,"cards_obtained":["Headbutt"]}],"is_beta":false,"boss_relics":[{"not_picked":["conspire:RoyalGoblet","Replay:Wanted Poster"],"picked":"Astrolabe"},{"not_picked":["halation:SmartPhone","halation:PinkAlligatorPlush"],"picked":"aspiration:SecretTechniqueScroll"}],"items_purged_floors":[13],"is_endless":false,"potions_floor_spawned":[2,6,10,14,16,19,30,33,37,40],"ascension_level":1}}