{"host":"ia9e4s524g7bamk7","time":1613155902,"event":{"mods":["AchievementEnabler","BaseMod","Colored Map","Minty Spire (QoL Compilation)","Permanent Neow","Slay-I","slay the spire mod where everything is the same but ironclad has a cowboy hat"],"gold_per_floor":[119,138,154,165,185,211,211,241,241,241,241],"floor_reached":10,"language":"ENG","playtime":571,"items_purged":[],"score":137,"play_id":"9a296cf0-f463-4211-9d3b-a39ecfcfb016","local_time":"20210212195142","is_ascension_mode":true,"campfire_choices":[{"data":"Pommel Strike","floor":7,"key":"SMITH"}],"circlet_count":0,"master_deck":["Strike_R","Strike_R","Strike_R","Strike_R","Strike_R","Defend_R","Defend_R+1","Defend_R+1","Defend_R","Bash","Pommel Strike+1","Flex","Flex","Twin Strike","Pummel","Entrench","Bludgeon"],"relics":["Coffee Dripper","Gambling Chip","War Paint","Torii"],"acts_visited":["Exordium"],"potions_floor_usage":[4,6,8],"damage_taken":[{"damage":3,"enemies":"2 Louse","floor":1,"turns":3},{"damage":7,"enemies":"Jaw Worm","floor":2,"turns":3},{"damage":0,"enemies":"Cultist","floor":3,"turns":3},{"damage":18,"enemies":"3 Louse","floor":4,"turns":4},{"damage":4,"enemies":"2 Fungi Beasts","floor":5,"turns":3},{"damage":30,"enemies":"Lagavulin","floor":6,"turns":4},{"damage":0,"enemies":"Gremlin Nob","floor":8,"turns":2},{"damage":15,"enemies":"Lagavulin","floor":10,"turns":2}],"seed_played":"-4207535066989907475","potions_obtained":[{"floor":1,"key":"AttackPotion"},{"floor":4,"key":"DistilledChaos"},{"floor":6,"key":"ColorlessPotion"}],"is_trial":false,"path_per_floor":["M","M","M","M","M","E","R","E","T","E"],"character_chosen":"IRONCLAD","items_purchased":[],"campfire_rested":0,"item_purchase_floors":[],"current_hp_per_floor":[69,62,62,44,40,10,10,10,10,0,0],"gold":241,"neow_bonus":"BOSS_RELIC","is_daily":false,"chose_seed":false,"campfire_upgraded":1,"win_rate":0.0,"timestamp":1613155902,"path_taken":["M","M","M","M","M","E","R","E","T","E"],"items_purchased_type":[],"build_version":"2020-12-22","purchased_purges":0,"victory":false,"max_hp_per_floor":[80,80,80,80,80,80,80,80,80,80,80],"card_choices":[{"not_picked":["Hemokinesis","Wild Strike"],"picked":"Pommel Strike","floor":1},{"not_picked":["Power Through","Anger"],"picked":"Flex","floor":2},{"not_picked":["Rage","Bloodletting"],"picked":"Flex","floor":3},{"not_picked":["Anger","True Grit"],"picked":"Twin Strike","floor":4},{"not_picked":["Second Wind","Dropkick"],"picked":"Pummel","floor":5},{"not_picked":["Dark Embrace","Disarm"],"picked":"Entrench","floor":6},{"not_picked":["Armaments","Dropkick"],"picked":"Bludgeon","floor":8}],"player_experience":328980,"relics_obtained":[{"floor":6,"key":"Gambling Chip"},{"floor":8,"key":"War Paint"},{"floor":9,"key":"Torii"}],"event_choices":[],"is_beta":false,"boss_relics":[],"items_purged_floors":[],"is_endless":false,"potions_floor_spawned":[1,4,6],"killed_by":"Lagavulin","ascension_level":6}}