{"host":"dvpvhz1t6etneyb3","time":1613097327,"event":{"mods":["AchievementEnabler","BaseMod","Colored Map","Highlight Path","Minty Spire (QoL Compilation)","Permanent Neow","Quick Restart"],"gold_per_floor":[110,49,65,78,78,78,106,106,106,106,116,147,167,167,167],"floor_reached":14,"language":"ENG","playtime":385,"items_purged":[],"score":200,"play_id":"cddb2809-4d66-4bfd-97f9-6794253ca631","local_time":"20210211213527","is_ascension_mode":true,"campfire_choices":[{"data":"Rainbow","floor":6.0,"key":"SMITH"},{"data":"Doom and Gloom","floor":8.0,"key":"SMITH"},{"floor":10.0,"key":"REST"}],"circlet_count":0,"master_deck":["AscendersBane","Strike_B","Strike_B","Strike_B","Defend_B","Defend_B","Defend_B","Defend_B","Zap","Dualcast","Compile Driver","Rainbow+1","Melter","Doom and Gloom+1","Ball Lightning","Cold Snap","Hologram"],"relics":["Sozu","Gremlin Horn","Darkstone Periapt","Potion Belt"],"acts_visited":["Exordium"],"potions_floor_usage":[],"damage_taken":[{"damage":0.0,"enemies":"Jaw Worm","floor":1.0,"turns":3.0},{"damage":0.0,"enemies":"Cultist","floor":3.0,"turns":4.0},{"damage":0.0,"enemies":"Small Slimes","floor":4.0,"turns":2.0},{"damage":29.0,"enemies":"Gremlin Nob","floor":7.0,"turns":4.0},{"damage":12.0,"enemies":"Red Slaver","floor":11.0,"turns":3.0},{"damage":10.0,"enemies":"Lagavulin","floor":12.0,"turns":4.0},{"damage":2.0,"enemies":"2 Fungi Beasts","floor":13.0,"turns":2.0},{"damage":37,"enemies":"Gremlin Nob","floor":14,"turns":3}],"seed_played":"-6490107987271151963","potions_obtained":[],"is_trial":false,"path_per_floor":["M","?","M","M","?","R","E","R","T","R","M","E","M","E"],"character_chosen":"DEFECT","items_purchased":[],"campfire_rested":1,"item_purchase_floors":[],"current_hp_per_floor":[64,64,64,64,64,64,35,35,35,56,44,34,32,0,0],"gold":167,"neow_bonus":"BOSS_RELIC","is_daily":false,"chose_seed":false,"campfire_upgraded":2,"win_rate":0.0,"timestamp":1613097327,"path_taken":["M","?","M","M","?","R","E","R","T","R","?","E","M","E"],"items_purchased_type":[],"build_version":"2020-12-22","purchased_purges":0,"victory":false,"max_hp_per_floor":[71,71,71,71,71,71,71,71,71,71,71,71,71,71,71],"card_choices":[{"not_picked":["Chill","Streamline","Rebound"],"picked":"SKIP","floor":1.0},{"not_picked":["Streamline","Blizzard"],"picked":"Compile Driver","floor":3.0},{"not_picked":["Defragment","Darkness"],"picked":"Rainbow","floor":4.0},{"not_picked":["Conserve Battery","Loop"],"picked":"Doom and Gloom","floor":7.0},{"not_picked":["Beam Cell","Go for the Eyes"],"picked":"Ball Lightning","floor":11.0},{"not_picked":["Barrage","Leap"],"picked":"Cold Snap","floor":12.0},{"not_picked":["Compile Driver","Go for the Eyes"],"picked":"Hologram","floor":13.0}],"player_experience":2193980,"relics_obtained":[{"floor":7.0,"key":"Gremlin Horn"},{"floor":9.0,"key":"Darkstone Periapt"},{"floor":12.0,"key":"Potion Belt"}],"event_choices":[{"damage_healed":0.0,"max_hp_gain":0.0,"max_hp_loss":0.0,"gold_gain":0.0,"event_name":"World of Goop","player_choice":"Left Gold","floor":2.0,"gold_loss":61.0,"damage_taken":0.0},{"damage_healed":0.0,"max_hp_gain":0.0,"max_hp_loss":0.0,"gold_gain":0.0,"cards_transformed":["Strike_B"],"event_name":"Transmorgrifier","player_choice":"Transformed","floor":5.0,"gold_loss":0.0,"damage_taken":0.0,"cards_obtained":["Melter"]}],"is_beta":false,"boss_relics":[],"items_purged_floors":[],"is_endless":false,"potions_floor_spawned":[1,7,11,13],"killed_by":"Gremlin Nob","ascension_level":20}}