{"host":"z8k0b1oqxoiri7b9","time":1613146178,"event":{"mods":["AchievementEnabler","BaseMod","Downfall","Minty Spire (QoL Compilation)","StSLib"],"gold_per_floor":[99,111,111,122,133,133,133,283,299,315,326,326,236,236,251,351,351,351,371,166,181,193,193,193,193],"floor_reached":23,"language":"ENG","playtime":4283,"items_purged":["downfall:Icky","champ:Strike"],"score":185,"play_id":"9a78c938-3aa3-465d-ace7-4ffee98023c8","local_time":"20210213000938","is_ascension_mode":false,"campfire_choices":[{"data":"champ:Taunt","floor":1,"key":"SMITH"},{"data":"champ:SetATrap","floor":6,"key":"SMITH"},{"data":"champ:PreemptiveStrike","floor":12,"key":"SMITH"},{"data":"champ:IgnorePain","floor":18,"key":"SMITH"}],"circlet_count":0,"master_deck":["champ:Strike","champ:Strike","champ:Defend","champ:Defend","champ:Defend","champ:Defend","champ:Execute","champ:Taunt+1","champ:SetATrap+1","champ:DeathBlow","champ:ShieldThrow","champ:PreemptiveStrike+1","champ:VampiricStrike","champ:IgnorePain+1","champ:DefensiveShout","expansioncontent:InvincibleStrength","champ:TripleStrike"],"relics":["champ:ChampionCrown","SlaversCollar"],"acts_visited":["Exordium","TheCity"],"potions_floor_usage":[23,23,23],"damage_taken":[{"damage":22,"enemies":"Jaw Worm","floor":2,"turns":6},{"damage":26,"enemies":"Cultist","floor":4,"turns":4},{"damage":15,"enemies":"Small Slimes","floor":5,"turns":3},{"damage":17,"enemies":"Blue Slaver","floor":9,"turns":3},{"damage":40,"enemies":"Large Slime","floor":10,"turns":5},{"damage":14,"enemies":"3 Louse","floor":11,"turns":2},{"damage":20,"enemies":"downfall:FleeingMerchant","floor":13,"turns":4},{"damage":12,"enemies":"Lots of Slimes","floor":15,"turns":3},{"damage":63,"enemies":"DF_ARCHETYPE_STREAMLINE","floor":16,"turns":12},{"damage":47,"enemies":"Spheric Guardian","floor":19,"turns":8},{"damage":30,"enemies":"downfall:FleeingMerchant","floor":20,"turns":4},{"damage":41,"enemies":"3 Cultists","floor":21,"turns":5},{"damage":24,"enemies":"Snecko","floor":22,"turns":5},{"damage":35,"enemies":"Slavers","floor":23,"turns":3}],"seed_played":"1998926322567645172","potions_obtained":[{"floor":9,"key":"Dexterity Potion"},{"floor":10,"key":"champ:UltimateStancePotion"},{"floor":11,"key":"LiquidBronze"}],"is_trial":false,"path_per_floor":["R","M","?","M","M","R","T","?","M","M","M","R","$","?","M","B",null,"R","M","$","M","M","E"],"character_chosen":"THE_CHAMP","items_purchased":["expansioncontent:InvincibleStrength"],"campfire_rested":0,"item_purchase_floors":[20],"current_hp_per_floor":[81,79,91,85,80,80,80,80,73,73,69,69,69,69,67,24,91,91,64,54,33,29,0,0,0],"gold":193,"neow_bonus":"RANDOM_COLORLESS_2","is_daily":false,"chose_seed":false,"campfire_upgraded":4,"win_rate":0.0,"timestamp":1613146178,"path_taken":["R","M","?","M","?","R","T","?","M","M","M","R","$","?","M","BOSS","R","M","$","M","M","E"],"items_purchased_type":["Card"],"build_version":"2020-12-22","purchased_purges":2,"victory":false,"max_hp_per_floor":[81,81,91,91,91,91,91,91,91,91,91,91,91,91,91,91,91,91,91,91,91,91,91,91,91],"card_choices":[{"not_picked":["Metamorphosis","The Bomb"],"picked":"Panache","floor":0},{"not_picked":["champ:Backstep","champ:FocusedDefense"],"picked":"champ:SetATrap","floor":2},{"not_picked":["champ:BringItOn","champ:CrownThrow"],"picked":"champ:DeathBlow","floor":4},{"not_picked":["champ:FanOfKnives","champ:EnGarde"],"picked":"champ:ShieldThrow","floor":5},{"not_picked":["champ:EnragedBash","champ:FanOfKnives","champ:TornadoPunch"],"picked":"SKIP","floor":9},{"not_picked":["champ:PerfectedStrike","champ:FlashCut"],"picked":"champ:PreemptiveStrike","floor":10},{"not_picked":["champ:PreciseThrust","champ:RecklessLeap","champ:CrookedStrike"],"picked":"SKIP","floor":11},{"not_picked":["champ:Backstep","champ:FlashCut"],"picked":"champ:VampiricStrike","floor":13},{"not_picked":["champ:FanOfKnives","champ:ArenaPreparation","champ:FlashCut"],"picked":"SKIP","floor":15},{"not_picked":["champ:HeavySlash","champ:SteelEdge"],"picked":"champ:IgnorePain","floor":16},{"not_picked":["champ:Shatter","champ:StanceDance"],"picked":"champ:DefensiveShout","floor":19},{"not_picked":["champ:CrownThrow","champ:Backstep","champ:PreemptiveStrike"],"picked":"SKIP","floor":20},{"not_picked":["champ:SetATrap+1","champ:Endure","champ:Circumvent+1"],"picked":"SKIP","floor":21},{"not_picked":["champ:CrownThrow","champ:Shatter"],"picked":"champ:TripleStrike","floor":22}],"player_experience":191962,"relics_obtained":[],"event_choices":[{"cards_removed":["Panache"],"damage_healed":2,"gold_gain":0,"player_choice":"Offered Rare","damage_taken":0,"max_hp_gain":10,"max_hp_loss":0,"event_name":"Bonfire Elementals","floor":3,"gold_loss":0},{"cards_removed":["champ:Strike"],"damage_healed":0,"gold_gain":0,"player_choice":"Card Removal","damage_taken":0,"max_hp_gain":0,"max_hp_loss":0,"event_name":"The Cleric","floor":14,"gold_loss":0}],"is_beta":false,"boss_relics":[{"not_picked":["Snecko Eye","Calling Bell"],"picked":"SlaversCollar"}],"items_purged_floors":[13,20],"is_endless":false,"potions_floor_spawned":[9,10,11,21,22],"killed_by":"Slavers","ascension_level":0}}