{"host":"u8f6oqzdc7r6igag","time":1613166209,"event":{"mods":["BaseMod","Minty Spire (QoL Compilation)","Relic Stats"],"gold_per_floor":[114,14,14,14,32,67,67,94,94,113,125,125,151,162,162,258,258,273,273,198,216,315,315,93,93,93,120,120,153,153,153,153,255,255,271,290,250,260,274,274,300,318,343,370,2,2,12,12,12,12],"floor_reached":51,"language":"ENG","playtime":1995,"items_purged":["Strike_B"],"score":1136,"play_id":"71276337-f10d-47f3-86ce-ceff252f8c86","local_time":"20210212154329","is_ascension_mode":true,"campfire_choices":[{"data":"Doom and Gloom","floor":7.0,"key":"SMITH"},{"data":"Doom and Gloom","floor":12,"key":"SMITH"},{"data":"Redo","floor":15,"key":"SMITH"},{"data":"Ghostly","floor":23,"key":"SMITH"},{"data":"Ghostly","floor":25,"key":"SMITH"},{"data":"Ghostly","floor":28,"key":"SMITH"},{"data":"Defragment","floor":32,"key":"SMITH"},{"data":"White Noise","floor":40,"key":"SMITH"},{"data":"White Noise","floor":49,"key":"SMITH"}],"circlet_count":0,"master_deck":["Strike_B","Strike_B","Defend_B","Defend_B","Zap","Dualcast","Go for the Eyes","Doom and Gloom+1","Coolheaded","Doom and Gloom+1","Self Repair","Melter","Redo+1","Seek","Ghostly+1","Ghostly+1","Ghostly+1","Ghostly","Ghostly","Capacitor","Loop+1","White Noise+1","Hello World+1","Reboot+1","Biased Cognition","Defragment+1","Rebound","Meteor Strike","White Noise+1","Hello World","Defragment+1"],"relics":["Cracked Core","NeowsBlessing","Mummified Hand","Ginger","Shuriken","MealTicket","Incense Burner","Coffee Dripper","Orrery","Singing Bowl","HornCleat","Strawberry","Black Star","Regal Pillow","Toy Ornithopter","CaptainsWheel","Darkstone Periapt","Cables"],"acts_visited":["Exordium","TheCity","TheBeyond"],"potions_floor_usage":[8,33,39,44,50],"damage_taken":[{"damage":0.0,"enemies":"Small Slimes","floor":1.0,"turns":1.0},{"damage":0.0,"enemies":"Cultist","floor":5.0,"turns":1.0},{"damage":0.0,"enemies":"Lagavulin","floor":6.0,"turns":1.0},{"damage":13,"enemies":"3 Sentries","floor":8,"turns":3},{"damage":3,"enemies":"2 Louse","floor":10,"turns":3},{"damage":0,"enemies":"2 Fungi Beasts","floor":11,"turns":2},{"damage":21,"enemies":"Lagavulin","floor":13,"turns":5},{"damage":1,"enemies":"Blue Slaver","floor":14,"turns":3},{"damage":24,"enemies":"Hexaghost","floor":16,"turns":9},{"damage":0,"enemies":"3 Byrds","floor":18,"turns":3},{"damage":0,"enemies":"Spheric Guardian","floor":21,"turns":1},{"damage":1,"enemies":"Slavers","floor":27,"turns":5},{"damage":1,"enemies":"Book of Stabbing","floor":29,"turns":6},{"damage":37,"enemies":"Champ","floor":33,"turns":8},{"damage":17,"enemies":"3 Darklings","floor":35,"turns":4},{"damage":6,"enemies":"3 Shapes","floor":36,"turns":3},{"damage":6,"enemies":"3 Darklings","floor":38,"turns":4},{"damage":0,"enemies":"Spire Growth","floor":39,"turns":4},{"damage":0,"enemies":"Giant Head","floor":41,"turns":6},{"damage":0,"enemies":"Sphere and 2 Shapes","floor":42,"turns":4},{"damage":0,"enemies":"Nemesis","floor":44,"turns":7},{"damage":1,"enemies":"4 Shapes","floor":47,"turns":3},{"damage":2,"enemies":"Donu and Deca","floor":50,"turns":5}],"seed_played":"-8532987657427000912","potions_obtained":[{"floor":5.0,"key":"FearPotion"},{"floor":6.0,"key":"DuplicationPotion"},{"floor":16,"key":"Explosive Potion"},{"floor":18,"key":"CultistPotion"},{"floor":33,"key":"Strength Potion"},{"floor":35,"key":"DuplicationPotion"},{"floor":39,"key":"Weak Potion"},{"floor":42,"key":"SneckoOil"},{"floor":47,"key":"Swift Potion"}],"is_trial":false,"path_per_floor":["M","$","?","$","M","E","R","E","T","M","M","R","E","M","R","B",null,"M","?","?","M","?","R","$","R","T","E","R","E","?","?","R","B",null,"M","M","?","M","M","R","E","M","T","E","$","?","M","?","R","B",null],"character_chosen":"DEFECT","items_purchased":["Hologram","Capacitor","Orrery","Cables","White Noise","Hello World"],"campfire_rested":0,"item_purchase_floors":[2,24,24,45,45,45],"current_hp_per_floor":[68,68,68,68,68,68,68,55,55,52,52,52,38,44,44,27,63,70,37,37,37,37,37,37,37,37,37,37,46,46,46,46,18,41,33,36,36,39,48,48,57,60,60,62,62,62,64,61,61,61],"gold":12,"neow_bonus":"THREE_ENEMY_KILL","is_daily":false,"chose_seed":false,"campfire_upgraded":9,"win_rate":0.0,"timestamp":1613166209,"path_taken":["M","$","?","$","M","E","R","E","T","?","M","R","E","M","R","BOSS","M","?","?","M","?","R","$","R","T","E","R","E","?","?","R","BOSS","M","M","?","M","?","R","E","M","T","E","$","?","?","?","R","BOSS"],"items_purchased_type":["Card","Card","Relic","Relic","Card","Card"],"build_version":"2020-12-22","purchased_purges":1,"victory":true,"max_hp_per_floor":[75,75,75,75,75,75,75,75,75,75,75,75,75,75,75,75,75,75,37,37,37,37,37,37,37,37,37,37,46,46,46,46,48,48,50,52,52,54,56,56,58,60,60,62,62,62,64,61,61,61],"relic_stats":{"Darkstone Periapt":0,"Regal Pillow":0,"Singing Bowl":20,"counters":[23,91],"Mummified Hand":[94],"Shuriken":[21],"MealTicket":0,"Black Star":2,"Ginger":[7],"obtain_stats":[{"Darkstone Periapt":44,"Regal Pillow":41,"NeowsBlessing":0,"Singing Bowl":26,"Incense Burner":13,"Ginger":6,"Cables":45,"CaptainsWheel":44,"HornCleat":27,"Mummified Hand":3,"Shuriken":8,"Strawberry":29,"Orrery":24,"MealTicket":9,"Coffee Dripper":17,"Black Star":34,"Cracked Core":0,"Toy Ornithopter":41},{"Darkstone Periapt":21,"Regal Pillow":19,"NeowsBlessing":0,"Singing Bowl":11,"Incense Burner":7,"Ginger":3,"Cables":21,"CaptainsWheel":21,"HornCleat":12,"Mummified Hand":1,"Shuriken":4,"Strawberry":13,"Orrery":11,"MealTicket":4,"Coffee Dripper":9,"Black Star":14,"Cracked Core":0,"Toy Ornithopter":19},{"Darkstone Periapt":83,"Regal Pillow":72,"NeowsBlessing":0,"Singing Bowl":32,"Incense Burner":16,"Ginger":3,"Cables":83,"CaptainsWheel":83,"HornCleat":37,"Mummified Hand":1,"Shuriken":6,"Strawberry":43,"Orrery":32,"MealTicket":6,"Coffee Dripper":28,"Black Star":51,"Cracked Core":0,"Toy Ornithopter":72}],"Toy Ornithopter":0,"Cables":[6,5,1,0,0]},"card_choices":[{"not_picked":["Turbo","Stack"],"picked":"Go for the Eyes","floor":1.0},{"not_picked":["Compile Driver","Leap"],"picked":"Doom and Gloom","floor":5.0},{"not_picked":["Streamline","Hyperbeam"],"picked":"Coolheaded","floor":6.0},{"not_picked":["Redo","Auto Shields"],"picked":"Doom and Gloom","floor":8},{"not_picked":["Go for the Eyes","Gash","Reprogram"],"picked":"SKIP","floor":10},{"not_picked":["Rebound","Streamline"],"picked":"Self Repair","floor":11},{"not_picked":["Gash","Hologram"],"picked":"Melter","floor":13},{"not_picked":["Sweeping Beam","Rebound"],"picked":"Redo","floor":14},{"not_picked":["Meteor Strike","Amplify"],"picked":"Seek","floor":16},{"not_picked":["Reprogram","Recycle","Coolheaded+1"],"picked":"SKIP","floor":18},{"not_picked":["Steam Power","Cold Snap","Doom and Gloom"],"picked":"SKIP","floor":21},{"not_picked":["Redo","Stack"],"picked":"Loop+1","floor":24},{"not_picked":["Gash","Coolheaded"],"picked":"White Noise","floor":24},{"not_picked":["Recycle","Sunder"],"picked":"Hello World","floor":24},{"not_picked":["FTL","Meteor Strike"],"picked":"Reboot","floor":24},{"not_picked":["Streamline","Turbo"],"picked":"Biased Cognition","floor":27},{"not_picked":["Cold Snap","Chill","Scrape+1"],"picked":"Singing Bowl","floor":29},{"not_picked":["Reboot","Meteor Strike","Fission"],"picked":"Singing Bowl","floor":33},{"not_picked":["FTL","Sweeping Beam+1","Coolheaded"],"picked":"Singing Bowl","floor":35},{"not_picked":["Ball Lightning","BootSequence+1","Steam Power+1"],"picked":"Singing Bowl","floor":36},{"not_picked":["Ball Lightning+1","Steam+1","Leap+1"],"picked":"Singing Bowl","floor":38},{"not_picked":["Turbo","Reprogram","Beam Cell+1"],"picked":"Singing Bowl","floor":39},{"not_picked":["Rebound","Turbo","Redo+1"],"picked":"Singing Bowl","floor":41},{"not_picked":["Go for the Eyes","Hologram","Reboot"],"picked":"Singing Bowl","floor":42},{"not_picked":["Ball Lightning+1","Stack+1","Streamline+1"],"picked":"Singing Bowl","floor":44},{"not_picked":["Undo+1","Genetic Algorithm","Sweeping Beam"],"picked":"Singing Bowl","floor":47}],"player_experience":174540,"relics_obtained":[{"floor":6.0,"key":"Ginger"},{"floor":8,"key":"Shuriken"},{"floor":9,"key":"MealTicket"},{"floor":13,"key":"Incense Burner"},{"floor":26,"key":"Singing Bowl"},{"floor":27,"key":"HornCleat"},{"floor":29,"key":"Strawberry"},{"floor":41,"key":"Regal Pillow"},{"floor":41,"key":"Toy Ornithopter"},{"floor":44,"key":"CaptainsWheel"},{"floor":44,"key":"Darkstone Periapt"}],"event_choices":[{"cards_removed":["Hologram"],"damage_healed":0.0,"max_hp_gain":0.0,"max_hp_loss":0.0,"gold_gain":0.0,"event_name":"WeMeetAgain","player_choice":"Gave Card","floor":3.0,"gold_loss":0.0,"damage_taken":0.0,"relics_obtained":["Mummified Hand"]},{"damage_healed":0,"gold_gain":0,"player_choice":"Became a Ghost","damage_taken":0,"max_hp_gain":0,"max_hp_loss":38,"event_name":"Ghosts","floor":19,"gold_loss":0,"cards_obtained":["Ghostly","Ghostly","Ghostly","Ghostly","Ghostly"]},{"cards_removed":["Strike_B"],"damage_healed":0,"gold_gain":0,"player_choice":"Gave Gold","damage_taken":0,"max_hp_gain":0,"max_hp_loss":0,"event_name":"Beggar","floor":20,"gold_loss":75},{"damage_healed":0,"gold_gain":99,"player_choice":"Stole From Cult","damage_taken":0,"max_hp_gain":0,"max_hp_loss":0,"event_name":"Nest","floor":22,"gold_loss":0},{"damage_healed":0,"gold_gain":0,"player_choice":"Read","damage_taken":0,"max_hp_gain":0,"max_hp_loss":0,"event_name":"The Library","floor":30,"gold_loss":0,"cards_obtained":["Defragment"]},{"damage_healed":0,"gold_gain":0,"cards_transformed":["Defend_B","Defend_B"],"player_choice":"Became Test Subject","damage_taken":0,"max_hp_gain":0,"max_hp_loss":0,"event_name":"Drug Dealer","floor":31,"gold_loss":0,"cards_obtained":["Rebound","Meteor Strike"]},{"damage_healed":0,"gold_gain":0,"player_choice":"Upgraded Two","damage_taken":0,"max_hp_gain":0,"max_hp_loss":0,"event_name":"Designer","floor":37,"gold_loss":40,"cards_upgraded":["Hello World","Reboot"]},{"damage_healed":0,"gold_gain":0,"player_choice":"Copied","damage_taken":0,"max_hp_gain":0,"max_hp_loss":0,"event_name":"Duplicator","floor":46,"gold_loss":0,"cards_obtained":["Defragment"]},{"damage_healed":0,"gold_gain":0,"player_choice":"Max HP","damage_taken":0,"max_hp_gain":0,"max_hp_loss":3,"event_name":"Winding Halls","floor":48,"gold_loss":0}],"is_beta":false,"boss_relics":[{"not_picked":["FrozenCore","SlaversCollar"],"picked":"Coffee Dripper"},{"not_picked":["Calling Bell","Pandora\u0027s Box"],"picked":"Black Star"}],"items_purged_floors":[2],"is_endless":false,"potions_floor_spawned":[5,6,16,18,33,35,39,42,47],"ascension_level":7}}