{"host":"x730sfaw5rd1mxd8","time":1613096023,"event":{"mods":["BaseMod","BetterRewards","Colored Powertips","Highlight Path","Minty Spire (QoL Compilation)","Relic Sorter","Relic Stats","Replay The Spire","StSLib"],"gold_per_floor":[114,133,133,145,155,187,204,235,260,292,304,304,323,350,350,423,423,437,454,454,454,303,303,338,338,338,33,67,87,87,420,420,496,496,508,533,533,533,544,579,597,627,627,652,668,701,717,496,496,496,496,496,496,20,48,48],"floor_reached":57,"language":"ENG","playtime":4431,"items_purged":["Strike_R","Strike_R","Injury","Strike_R"],"score":3045,"play_id":"86005e44-a80f-4b0b-9962-f8df5fe49d13","local_time":"20210211211343","is_ascension_mode":true,"campfire_choices":[{"data":"True Grit","floor":12,"key":"SMITH"},{"data":"Brutality","floor":15,"key":"SMITH"},{"data":"Heavy Blade","floor":23,"key":"SMITH"},{"data":"Uppercut","floor":25,"key":"SMITH"},{"data":"Rage","floor":32,"key":"SMITH"},{"floor":49,"key":"RECALL"},{"data":"Berserk","floor":53,"key":"SMITH"}],"circlet_count":0,"master_deck":["AscendersBane","Strike_R","Strike_R","Defend_R","Defend_R","Defend_R","Bash","Feed","Inflame","Disarm","Pommel Strike","Inflame","Heavy Blade+1","Cleave","Armaments","Uppercut+1","Brutality+1","True Grit+1","Power Through","Twin Strike","ReplayTheSpireMod:Stacked","Combust","Offering","Disarm","True Grit+1","True Grit+1","Whirlwind+1","True Grit+1","Headbutt+1","J.A.X.","Rage+1","Limit Break+1","Apotheosis+1","Anger+1","Whirlwind+1","Berserk+1","Shrug It Off+1","Poisoned Strike+1","Dark Shackles","Clothesline+1","Feel No Pain"],"relics":["Burning Blood","TungstenRod","Kunai","Replay:Ringing Soul","Bird Faced Urn","DollysMirror","Omamori","Orichalcum","Replay:Wax Seal","Molten Egg 2","Philosopher\u0027s Stone","Ring of Misfortune","Necronomicon","Replay:Bottled Eggs","ReplayTheSpireMod:CursedCoin","Eternal Feather","Vajra","Divine Protection","Old Coin","Runic Pyramid","StoneCalendar","ReplayTheSpireMod:Lightbulb","StrikeDummy","Meat on the Bone","Smiling Mask","Chameleon Ring","Guide Book","Charon\u0027s Ashes"],"acts_visited":["Exordium","TheCity","TheBeyond","TheEnding"],"potions_floor_usage":[5,6,8,14,19,29,31,56],"damage_taken":[{"damage":2,"enemies":"Small Slimes","floor":1,"turns":4},{"damage":0,"enemies":"Cultist","floor":2,"turns":3},{"damage":6,"enemies":"Jaw Worm","floor":4,"turns":3},{"damage":6,"enemies":"Large Slime","floor":5,"turns":4},{"damage":28,"enemies":"Gremlin Nob","floor":6,"turns":4},{"damage":13,"enemies":"Exordium Wildlife","floor":7,"turns":6},{"damage":10,"enemies":"Lagavulin","floor":8,"turns":8},{"damage":13,"enemies":"3 Sentries","floor":10,"turns":7},{"damage":0,"enemies":"3 Louse","floor":11,"turns":4},{"damage":2,"enemies":"Looter","floor":13,"turns":4},{"damage":5,"enemies":"Lagavulin","floor":14,"turns":8},{"damage":53,"enemies":"Hexaghost","floor":16,"turns":11},{"damage":13,"enemies":"Shell Parasite","floor":18,"turns":5},{"damage":5,"enemies":"Chosen","floor":19,"turns":4},{"damage":36,"enemies":"Gremlin Leader","floor":24,"turns":4},{"damage":15,"enemies":"Slavers","floor":28,"turns":3},{"damage":0,"enemies":"3 Cultists","floor":29,"turns":4},{"damage":7,"enemies":"Book of Stabbing","floor":31,"turns":4},{"damage":34,"enemies":"Collector","floor":33,"turns":6},{"damage":0,"enemies":"3 Shapes","floor":35,"turns":6},{"damage":6,"enemies":"Mind Bloom Boss Battle","floor":36,"turns":5},{"damage":7,"enemies":"3 Darklings","floor":39,"turns":4},{"damage":13,"enemies":"Nemesis","floor":40,"turns":3},{"damage":13,"enemies":"Jaw Worm Horde","floor":41,"turns":3},{"damage":32,"enemies":"Giant Head","floor":42,"turns":6},{"damage":5,"enemies":"R_Hoarder","floor":44,"turns":5},{"damage":1,"enemies":"Transient","floor":45,"turns":6},{"damage":15,"enemies":"Nemesis","floor":46,"turns":3},{"damage":28,"enemies":"Spire Growth","floor":47,"turns":5},{"damage":44,"enemies":"Donu and Deca","floor":50,"turns":4},{"damage":73,"enemies":"Replay:Hell Engine","floor":51,"turns":6},{"damage":36,"enemies":"Shield and Spear","floor":55,"turns":6},{"damage":115,"enemies":"The Heart","floor":56,"turns":9}],"seed_played":"3853089912649362608","potions_obtained":[{"floor":2,"key":"AttackPotion"},{"floor":3,"key":"Doom Potion"},{"floor":3,"key":"ColorlessPotion"},{"floor":7,"key":"SteroidPotion"},{"floor":10,"key":"Toxic Potion"},{"floor":13,"key":"SteroidPotion"},{"floor":16,"key":"Milkshake"},{"floor":28,"key":"SteroidPotion"},{"floor":40,"key":"DuplicationPotion"},{"floor":41,"key":"Reflective Coating"},{"floor":44,"key":"FearPotion"}],"is_trial":false,"path_per_floor":["M","M","?","M","M","E","M","E","T","E","M","R","M","E","R","B",null,"M","M","?","?","$","R","E","R","T","$","E","M","?","E","R","B",null,"M","?","?","?","M","E","M","E","T","E","M","E","M","$","R","B","B",null,"R","$","E","B",null],"character_chosen":"IRONCLAD","items_purchased":["TungstenRod","Kunai","Feed","Inflame","Disarm","Pommel Strike","Replay:Ringing Soul","Bird Faced Urn","DollysMirror","Heavy Blade","Cleave","Armaments","True Grit","Replay:Bottled Eggs","ReplayTheSpireMod:CursedCoin","Whirlwind+1","True Grit","Vajra","Guide Book","Poisoned Strike+1","Dark Shackles","Clothesline+1","BloodPotion"],"campfire_rested":0,"item_purchase_floors":[0,0,0,0,0,0,0,0,0,0,0,0,22,22,22,27,27,27,48,54,54,54,54],"current_hp_per_floor":[84,87,87,93,99,81,84,89,89,91,104,104,113,123,123,81,115,117,127,127,110,113,113,89,104,104,107,110,121,124,130,148,130,150,159,162,156,156,166,167,167,150,150,157,168,165,154,154,175,143,96,166,187,190,171,132],"gold":48,"neow_bonus":"","is_daily":false,"chose_seed":false,"campfire_upgraded":6,"win_rate":0.0,"timestamp":1613096023,"path_taken":["M","M","?","M","M","E","M","E","T","E","?","R","M","E","R","BOSS","M","M","?","?","$","R","E","R","T","?","E","M","?","E","R","BOSS","M","?","?","?","M","E","M","E","T","E","M","E","M","?","R","BOSS","BOSS","R","$","E","BOSS"],"items_purchased_type":["Relic","Relic","Card","Card","Card","Card","Relic","Relic","Relic","Card","Card","Card","Card","Relic","Relic","Card","Card","Relic","Relic","Card","Card","Card","Potion"],"build_version":"2020-12-22","purchased_purges":4,"victory":true,"max_hp_per_floor":[84,87,87,93,99,99,105,108,108,111,114,114,117,123,123,126,126,129,132,132,132,135,135,135,135,135,138,144,147,150,153,153,156,156,159,162,165,165,172,172,175,178,178,182,182,182,189,189,189,189,189,189,189,192,195,195],"relic_stats":{"counters":[609,2838],"Eternal Feather":75,"StoneCalendar":[52],"Charon\u0027s Ashes":[39],"Orichalcum":[240],"Smiling Mask":601,"Burning Blood":2155,"Bird Faced Urn":[155],"Necronomicon":[55],"Kunai":[40],"obtain_stats":[{"Golden Egg":8,"Replay:Accelerometer":52,"Whetstone":14,"Ginger":6,"Bottled Tornado":44,"Boot":53,"Sling":0,"Old Coin":47,"Ring of Searing":4,"Blood Vial":20,"Replay:Wanted Poster":34,"Replay:Ringing Soul":54,"Sundial":28,"Replay:Bronze Core":34,"MealTicket":27,"Fusion Hammer":19,"Replay:Bottled Flurry":0,"Necronomicon":21,"Kunai":53,"Replay:Wax Seal":43,"Electric Blood":17,"Replay:Bottled Steam":6,"Pear":9,"Blue Candle":30,"Counterbalance":11,"Velvet Choker":19,"Eternal Feather":9,"Akabeko":27,"SlaversCollar":17,"Bird Faced Urn":12,"Snecko Eye":17,"Pandora\u0027s Box":34,"Mark of Pain":0,"Kintsugi":17,"StrikeDummy":0,"Abe\u0027s Treasure":17,"Unceasing Top":49,"Regal Pillow":9,"Lantern":14,"Singing Bowl":10,"Torii":0,"Magic Flower":11,"StoneCalendar":14,"Painkiller Herb":17,"Blue Doll":27,"King of Hearts":12,"Bag of Preparation":9,"Cursed Key":34,"Smiling Mask":24,"Ancient Tea Set":40,"Burning Blood":0,"Pet Ghost":23,"Replay:Rubber Ducky":0,"Matryoshka":0,"Shovel":46,"WingedGreaves":8,"Chemical X":41,"Replay:Bottled Eggs":27,"InkBottle":26,"Paper Frog":9,"Potion Belt":48,"Lee\u0027s Waffle":20,"Golden Idol":11,"Self Forming Clay":7,"Thread and Needle":50,"The Courier":14,"PreservedInsect":22,"Omamori":40,"Frozen Egg 2":0,"MawBank":26,"Busted Crown":17,"Ornamental Fan":50,"Ring of Misfortune":20,"Orrery":0,"Turnip":46,"Art of War":40,"Garlic":32,"Champion Belt":56,"Bottled Lightning":9,"ReplayTheSpireMod:Lightbulb":0,"Toy Ornithopter":25,"Ice Cream":14,"Divine Protection":42,"Calipers":6,"Gremlin Horn":9,"CeramicFish":43,"Vajra":0,"Sozu":17,"Centennial Puzzle":9,"Lizard Tail":38,"DollysMirror":43,"Strawberry":28,"Honey Jar":17,"Philosopher\u0027s Stone":17,"Iron Hammer":0,"Toxic Egg 2":9,"Girya":19,"Happy Flower":27,"Ring of Hypnosis":4,"ReplayTheSpireMod:CursedCoin":0,"Dead Branch":13,"Replay:Grab Bag":17,"Oddly Smooth Stone":26,"Charon\u0027s Ashes":39,"Letter Opener":25,"Replay:Kaleidoscope":50,"War Paint":8,"Question Card":0,"OrangePellets":53,"Replay:Baseball":38,"ReplayTheSpireMod:Spearhead":24,"ReplayTheSpireMod:Shallot":30,"Shuriken":55,"Bronze Scales":12,"Simple Rune":28,"Onion Ring":45,"Molten Egg 2":7,"ReplayTheSpireMod:TigerMarble":13,"Black Star":17,"Grinning Jar":25,"Pocketwatch":0,"Meat on the Bone":43,"Darkstone Periapt":5,"ReplayFunnel":19,"Iron Core":3,"Replay:PocketPolymizer":34,"Black Blood":17,"Mango":6,"Juzu Bracelet":42,"Incense Burner":12,"Replay:Mystery Machine":0,"ClockworkSouvenir":0,"Dream Catcher":43,"Nunchaku":38,"Replay:Bandana":0,"TheAbacus":0,"Chameleon Ring":24,"Mummified Hand":0,"Pantograph":23,"Gambling Chip":24,"Replay:Bottled Snecko":6,"Red Skull":6,"Runic Pyramid":34,"Gremlin Food":0,"BargainBundle":0,"ReplayTheSpireMod:Ninjato":0,"Replay:Towering Pillar of Hats":0,"Quantum Egg":32,"Guide Book":53,"Replay:WaspNest":0,"Orichalcum":48,"Odd Mushroom":10,"Medical Kit":53,"White Beast Statue":0,"Mercury Hourglass":43,"Calling Bell":34,"Cauldron":54,"Anchor":10,"CaptainsWheel":49,"ChewingGum":17,"Another Sword":42,"Snack Pack":8,"Bag of Marbles":12,"Membership Card":0,"TungstenRod":40,"FossilizedHelix":28},{"Golden Egg":68,"Replay:Accelerometer":153,"Whetstone":70,"Ginger":401,"Bottled Tornado":247,"Boot":153,"Sling":360,"Old Coin":88,"Ring of Searing":546,"Blood Vial":26,"Replay:Wanted Poster":241,"Replay:Ringing Soul":220,"Sundial":108,"Replay:Bronze Core":311,"MealTicket":58,"Fusion Hammer":456,"Replay:Bottled Flurry":251,"Necronomicon":590,"Kunai":153,"Replay:Wax Seal":438,"Electric Blood":51,"Replay:Bottled Steam":364,"Pear":347,"Blue Candle":30,"Counterbalance":349,"Velvet Choker":72,"Eternal Feather":255,"Akabeko":138,"SlaversCollar":24,"Bird Faced Urn":22,"Snecko Eye":520,"Pandora\u0027s Box":208,"Mark of Pain":0,"Kintsugi":352,"StrikeDummy":543,"Abe\u0027s Treasure":102,"Unceasing Top":120,"Regal Pillow":275,"Lantern":324,"Singing Bowl":21,"Torii":186,"Magic Flower":49,"StoneCalendar":166,"Painkiller Herb":259,"Blue Doll":358,"King of Hearts":277,"Bag of Preparation":68,"Cursed Key":31,"Smiling Mask":106,"Ancient Tea Set":437,"Burning Blood":0,"Pet Ghost":56,"Replay:Rubber Ducky":93,"Matryoshka":93,"Shovel":151,"WingedGreaves":255,"Chemical X":114,"Replay:Bottled Eggs":78,"InkBottle":377,"Paper Frog":226,"Potion Belt":119,"Lee\u0027s Waffle":340,"Golden Idol":5,"Self Forming Clay":97,"Thread and Needle":90,"The Courier":7,"PreservedInsect":11,"Omamori":245,"Frozen Egg 2":14,"MawBank":106,"Busted Crown":8,"Ornamental Fan":120,"Ring of Misfortune":590,"Orrery":330,"Turnip":38,"Art of War":36,"Garlic":109,"Champion Belt":92,"Bottled Lightning":129,"ReplayTheSpireMod:Lightbulb":93,"Toy Ornithopter":306,"Ice Cream":23,"Divine Protection":148,"Calipers":294,"Gremlin Horn":20,"CeramicFish":115,"Vajra":221,"Sozu":338,"Centennial Puzzle":5,"Lizard Tail":567,"DollysMirror":469,"Strawberry":13,"Honey Jar":231,"Philosopher\u0027s Stone":167,"Iron Hammer":155,"Toxic Egg 2":192,"Girya":134,"Happy Flower":203,"Ring of Hypnosis":546,"ReplayTheSpireMod:CursedCoin":155,"Dead Branch":165,"Replay:Grab Bag":279,"Oddly Smooth Stone":57,"Charon\u0027s Ashes":213,"Letter Opener":266,"Replay:Kaleidoscope":474,"War Paint":163,"Question Card":221,"OrangePellets":219,"Replay:Baseball":83,"ReplayTheSpireMod:Spearhead":202,"ReplayTheSpireMod:Shallot":206,"Shuriken":91,"Bronze Scales":6,"Simple Rune":78,"Onion Ring":116,"Molten Egg 2":226,"ReplayTheSpireMod:TigerMarble":132,"Black Star":407,"Grinning Jar":137,"Pocketwatch":41,"Meat on the Bone":601,"Darkstone Periapt":18,"ReplayFunnel":103,"Iron Core":188,"Replay:PocketPolymizer":433,"Black Blood":279,"Mango":19,"Juzu Bracelet":87,"Incense Burner":131,"Replay:Mystery Machine":93,"ClockworkSouvenir":123,"Dream Catcher":37,"Nunchaku":83,"Replay:Bandana":123,"TheAbacus":61,"Chameleon Ring":170,"Mummified Hand":155,"Pantograph":12,"Gambling Chip":27,"Replay:Bottled Snecko":161,"Red Skull":47,"Runic Pyramid":142,"Gremlin Food":155,"BargainBundle":251,"ReplayTheSpireMod:Ninjato":477,"Replay:Towering Pillar of Hats":444,"Quantum Egg":80,"Guide Book":249,"Replay:WaspNest":93,"Orichalcum":218,"Odd Mushroom":422,"Medical Kit":394,"White Beast Statue":155,"Mercury Hourglass":181,"Calling Bell":433,"Cauldron":574,"Anchor":69,"CaptainsWheel":152,"ChewingGum":279,"Another Sword":181,"Snack Pack":48,"Bag of Marbles":257,"Membership Card":93,"TungstenRod":214,"FossilizedHelix":239},{"Golden Egg":270,"Replay:Accelerometer":693,"Whetstone":276,"Ginger":1860,"Bottled Tornado":1111,"Boot":693,"Sling":1690,"Old Coin":374,"Ring of Searing":2535,"Blood Vial":107,"Replay:Wanted Poster":1084,"Replay:Ringing Soul":1002,"Sundial":475,"Replay:Bronze Core":1396,"MealTicket":230,"Fusion Hammer":2097,"Replay:Bottled Flurry":1133,"Necronomicon":2746,"Kunai":693,"Replay:Wax Seal":2016,"Electric Blood":208,"Replay:Bottled Steam":1707,"Pear":1608,"Blue Candle":123,"Counterbalance":1619,"Velvet Choker":287,"Eternal Feather":1149,"Akabeko":613,"SlaversCollar":100,"Bird Faced Urn":86,"Snecko Eye":2418,"Pandora\u0027s Box":935,"Mark of Pain":0,"Kintsugi":1635,"StrikeDummy":2528,"Abe\u0027s Treasure":449,"Unceasing Top":539,"Regal Pillow":1226,"Lantern":1469,"Singing Bowl":82,"Torii":830,"Magic Flower":200,"StoneCalendar":746,"Painkiller Herb":1169,"Blue Doll":1675,"King of Hearts":1234,"Bag of Preparation":270,"Cursed Key":130,"Smiling Mask":466,"Ancient Tea Set":2011,"Burning Blood":0,"Pet Ghost":224,"Replay:Rubber Ducky":411,"Matryoshka":411,"Shovel":679,"WingedGreaves":1149,"Chemical X":510,"Replay:Bottled Eggs":311,"InkBottle":1760,"Paper Frog":1023,"Potion Belt":538,"Lee\u0027s Waffle":1566,"Golden Idol":17,"Self Forming Clay":425,"Thread and Needle":385,"The Courier":25,"PreservedInsect":40,"Omamori":1101,"Frozen Egg 2":51,"MawBank":466,"Busted Crown":30,"Ornamental Fan":539,"Ring of Misfortune":2746,"Orrery":1509,"Turnip":156,"Art of War":146,"Garlic":481,"Champion Belt":400,"Bottled Lightning":578,"ReplayTheSpireMod:Lightbulb":411,"Toy Ornithopter":1366,"Ice Cream":93,"Divine Protection":660,"Calipers":1310,"Gremlin Horn":78,"CeramicFish":521,"Vajra":1010,"Sozu":1554,"Centennial Puzzle":17,"Lizard Tail":2618,"DollysMirror":2147,"Strawberry":48,"Honey Jar":1045,"Philosopher\u0027s Stone":751,"Iron Hammer":713,"Toxic Egg 2":857,"Girya":598,"Happy Flower":908,"Ring of Hypnosis":2535,"ReplayTheSpireMod:CursedCoin":713,"Dead Branch":743,"Replay:Grab Bag":1251,"Oddly Smooth Stone":226,"Charon\u0027s Ashes":957,"Letter Opener":1198,"Replay:Kaleidoscope":2176,"War Paint":736,"Question Card":1010,"OrangePellets":999,"Replay:Baseball":343,"ReplayTheSpireMod:Spearhead":903,"ReplayTheSpireMod:Shallot":922,"Shuriken":395,"Bronze Scales":20,"Simple Rune":311,"Onion Ring":524,"Molten Egg 2":1023,"ReplayTheSpireMod:TigerMarble":589,"Black Star":1894,"Grinning Jar":609,"Pocketwatch":170,"Meat on the Bone":2794,"Darkstone Periapt":65,"ReplayFunnel":454,"Iron Core":838,"Replay:PocketPolymizer":1997,"Black Blood":1251,"Mango":73,"Juzu Bracelet":367,"Incense Burner":585,"Replay:Mystery Machine":411,"ClockworkSouvenir":554,"Dream Catcher":151,"Nunchaku":343,"Replay:Bandana":554,"TheAbacus":244,"Chameleon Ring":764,"Mummified Hand":713,"Pantograph":44,"Gambling Chip":111,"Replay:Bottled Snecko":730,"Red Skull":189,"Runic Pyramid":629,"Gremlin Food":713,"BargainBundle":1133,"ReplayTheSpireMod:Ninjato":2194,"Replay:Towering Pillar of Hats":2046,"Quantum Egg":320,"Guide Book":1122,"Replay:WaspNest":411,"Orichalcum":988,"Odd Mushroom":1954,"Medical Kit":1829,"White Beast Statue":713,"Mercury Hourglass":808,"Calling Bell":1997,"Cauldron":2662,"Anchor":273,"CaptainsWheel":682,"ChewingGum":1251,"Another Sword":808,"Snack Pack":196,"Bag of Marbles":1159,"Membership Card":411,"TungstenRod":963,"FossilizedHelix":1074}],"TungstenRod":236,"Meat on the Bone":60},"card_choices":[{"not_picked":["ReplayTheSpireMod:Strike From Hell","Cleave"],"picked":"Uppercut","floor":1},{"not_picked":["Heavy Blade","Massacre","Body Slam"],"picked":"SKIP","floor":2},{"not_picked":["Cleave","Intimidate"],"picked":"Brutality","floor":4},{"not_picked":["Pommel Strike","Body Slam"],"picked":"True Grit","floor":5},{"not_picked":["Wild Strike","Thunderclap","True Grit"],"picked":"SKIP","floor":6},{"not_picked":["Twin Strike","Flex"],"picked":"Power Through","floor":7},{"not_picked":["Thunderclap","Seeing Red"],"picked":"Twin Strike","floor":8},{"not_picked":["Hemokinesis","Shockwave"],"picked":"ReplayTheSpireMod:Stacked","floor":10},{"not_picked":["Perfected Strike","Dropkick","True Grit"],"picked":"SKIP","floor":11},{"not_picked":["Body Slam","Thunderclap","Dual Wield"],"picked":"SKIP","floor":13},{"not_picked":["Sever Soul+1","Massacre+1"],"picked":"Combust","floor":14},{"not_picked":["Exhume","Impervious"],"picked":"Offering","floor":16},{"not_picked":["Armaments","Fire Breathing","Rupture"],"picked":"SKIP","floor":18},{"not_picked":["Cleave+1","Intimidate"],"picked":"Disarm","floor":19},{"not_picked":["Searing Blow+1","ReplayTheSpireMod:Strike From Hell+1","Perfected Strike+1"],"picked":"SKIP","floor":24},{"not_picked":["Inflame","Wild Strike+1"],"picked":"Headbutt+1","floor":28},{"not_picked":["Life Link+1","Flex","Hemokinesis+1"],"picked":"SKIP","floor":29},{"not_picked":["Bludgeon+1","Warcry"],"picked":"Rage","floor":31},{"not_picked":["Impervious","Corruption"],"picked":"Limit Break","floor":33},{"not_picked":["Hemokinesis+1","Perfected Strike+1","Twin Strike+1"],"picked":"SKIP","floor":35},{"not_picked":["Poisoned Strike+1","Dark Shackles"],"picked":"Apotheosis","floor":37},{"not_picked":["Wild Strike+1","Entrench"],"picked":"Anger+1","floor":39},{"not_picked":["Twin Strike+1","Clash+1","Ghostly Armor"],"picked":"SKIP","floor":40},{"not_picked":["Power Through","Twin Strike+1"],"picked":"Whirlwind+1","floor":41},{"not_picked":["Clothesline+1","True Grit"],"picked":"Berserk","floor":42},{"not_picked":["Warcry+1","Rage+1","Shrug It Off"],"picked":"SKIP","floor":44},{"not_picked":["Iron Wave+1","Pommel Strike+1","ReplayTheSpireMod:Strike From Hell+1"],"picked":"SKIP","floor":45},{"not_picked":["Perfected Strike+1","Anger+1","Evolve"],"picked":"SKIP","floor":46},{"not_picked":["Havoc","ReplayTheSpireMod:Strike From Hell+1"],"picked":"Shrug It Off+1","floor":47},{"not_picked":["Anger+1","Rupture"],"picked":"Feel No Pain","floor":55}],"player_experience":4137637,"relics_obtained":[{"floor":6,"key":"Omamori"},{"floor":8,"key":"Orichalcum"},{"floor":10,"key":"Replay:Wax Seal"},{"floor":14,"key":"Molten Egg 2"},{"floor":20,"key":"Ring of Misfortune"},{"floor":21,"key":"Necronomicon"},{"floor":24,"key":"Eternal Feather"},{"floor":28,"key":"Divine Protection"},{"floor":31,"key":"Old Coin"},{"floor":36,"key":"StoneCalendar"},{"floor":40,"key":"ReplayTheSpireMod:Lightbulb"},{"floor":42,"key":"StrikeDummy"},{"floor":43,"key":"Meat on the Bone"},{"floor":44,"key":"Smiling Mask"},{"floor":46,"key":"Chameleon Ring"},{"floor":55,"key":"Charon\u0027s Ashes"}],"event_choices":[{"damage_healed":0,"gold_gain":0,"player_choice":"Got Potions","damage_taken":0,"max_hp_gain":0,"max_hp_loss":0,"event_name":"Lab","floor":3,"gold_loss":0},{"damage_healed":0,"gold_gain":0,"player_choice":"Obtained Book","damage_taken":21,"max_hp_gain":0,"max_hp_loss":0,"event_name":"Cursed Tome","floor":21,"gold_loss":0},{"damage_healed":0,"gold_gain":0,"player_choice":"Obtain J.A.X.","damage_taken":0,"max_hp_gain":0,"max_hp_loss":0,"event_name":"Drug Dealer","floor":30,"gold_loss":0,"cards_obtained":["J.A.X."]},{"damage_healed":0,"gold_gain":0,"player_choice":"Fight","damage_taken":0,"max_hp_gain":0,"max_hp_loss":0,"event_name":"MindBloom","floor":36,"gold_loss":0},{"damage_healed":0,"gold_gain":0,"player_choice":"Memory 3","damage_taken":10,"max_hp_gain":0,"max_hp_loss":0,"event_name":"SensoryStone","floor":37,"gold_loss":0},{"cards_removed":["Defend_R"],"damage_healed":0,"gold_gain":0,"player_choice":"Removed Skill","damage_taken":0,"max_hp_gain":0,"max_hp_loss":0,"event_name":"Falling","floor":38,"gold_loss":0}],"is_beta":false,"boss_relics":[{"not_picked":["Runic Cube","Snecko Heart"],"picked":"Philosopher\u0027s Stone"},{"not_picked":["Black Blood","Tiny House"],"picked":"Runic Pyramid"}],"items_purged_floors":[0,0,48,54],"is_endless":false,"potions_floor_spawned":[2,7,10,13,16,18,28,40,41,44,45],"ascension_level":20}}