{"host":"hcfgv6p6h0ubjkk0","time":1613143329,"event":{"mods":["AchievementEnabler","BaseMod","Highlight Path","Minty Spire (QoL Compilation)","Quick Restart","Replay The Spire","StSLib"],"gold_per_floor":[115,115,129,129,229,241,166,181,181,181,191,191,205,205,205,302,302,316,326,99,99,99,99,99,99],"floor_reached":24,"language":"ENG","playtime":603,"items_purged":["Strike_R"],"score":248,"play_id":"10c8973c-2e1e-4cda-b4bc-fc4e58315a08","local_time":"20210212152209","is_ascension_mode":true,"campfire_choices":[{"data":"Flex","floor":10,"key":"SMITH"},{"data":"Enlightenment","floor":23,"key":"SMITH"}],"circlet_count":0,"master_deck":["Strike_R","Strike_R","Defend_R","Defend_R","Defend_R","Defend_R","Bash","Limit Break+1","Ghostly Armor","Cleave","Flex+1","Heavy Blade","Enlightenment+1","Evolve","Dark Embrace","Replay:Many Hands","CurseOfTheBell","Shrug It Off","Twin Strike","Inflame","Ghostly","Ghostly","Ghostly","Ghostly","Ghostly"],"relics":["Burning Blood","Self Forming Clay","Potion Belt","Calling Bell","Gremlin Food","Quantum Egg","CaptainsWheel","Brimstone"],"acts_visited":["Exordium","TheCity"],"potions_floor_usage":[16,16],"damage_taken":[{"damage":12,"enemies":"Small Slimes","floor":1,"turns":3},{"damage":1,"enemies":"2 Louse","floor":3,"turns":3},{"damage":0,"enemies":"Cultist","floor":6,"turns":4},{"damage":14,"enemies":"Exordium Thugs","floor":8,"turns":8},{"damage":9,"enemies":"Looter","floor":11,"turns":3},{"damage":22,"enemies":"Gremlin Gang","floor":13,"turns":6},{"damage":28,"enemies":"Slime Boss","floor":16,"turns":10},{"damage":28,"enemies":"Shell Parasite","floor":18,"turns":6},{"damage":33,"enemies":"Spheric Guardian","floor":19,"turns":7},{"damage":27,"enemies":"Slavers","floor":24,"turns":1}],"seed_played":"8442262546780170371","potions_obtained":[{"floor":6,"key":"Toxic Potion"},{"floor":11,"key":"Elixir"},{"floor":13,"key":"Ancient Potion"},{"floor":18,"key":"Weak Potion"},{"floor":19,"key":"Dexterity Potion"}],"is_trial":false,"path_per_floor":["M","?","M","?","?","M","$","M","T","R","M","T","M","?","R","B",null,"M","M","$","?","$","R","E"],"character_chosen":"IRONCLAD","items_purchased":["Inflame","Brimstone"],"campfire_rested":0,"item_purchase_floors":[20,20],"current_hp_per_floor":[66,66,71,64,64,70,70,62,62,62,59,59,43,43,43,21,72,50,23,23,23,23,23,0,0],"gold":99,"neow_bonus":"THREE_RARE_CARDS","is_daily":false,"chose_seed":false,"campfire_upgraded":2,"win_rate":0.0,"timestamp":1613143329,"path_taken":["M","?","M","?","?","M","$","M","T","R","?","?","M","?","R","BOSS","M","?","$","?","$","R","E"],"items_purchased_type":["Card","Relic"],"build_version":"2020-12-22","purchased_purges":1,"victory":false,"max_hp_per_floor":[72,72,72,72,72,72,72,72,72,72,72,72,72,72,72,72,72,72,72,72,36,36,36,36,36],"card_choices":[{"not_picked":["Exhume","Eclipse"],"picked":"Limit Break","floor":0},{"not_picked":["Headbutt","Cleave"],"picked":"Ghostly Armor","floor":1},{"not_picked":["Sever Soul","Sentinel"],"picked":"Cleave","floor":3},{"not_picked":["Defy Death","Rage","Replay:Undeath\u0027s Touch"],"picked":"SKIP","floor":6},{"not_picked":["Seeing Red","Iron Wave"],"picked":"Flex","floor":8},{"not_picked":["Iron Wave","Run Through","Seeing Red"],"picked":"SKIP","floor":11},{"not_picked":["Wild Strike","Replay:Undeath\u0027s Touch"],"picked":"Heavy Blade","floor":13},{"not_picked":["Barricade","Bludgeon"],"picked":"Replay:Many Hands","floor":16},{"not_picked":["Seeing Red","ReplayTheSpireMod:Muscle Training+1"],"picked":"Shrug It Off","floor":18},{"not_picked":["Fire Breathing","Cleave"],"picked":"Twin Strike","floor":19}],"player_experience":194943,"relics_obtained":[{"floor":9,"key":"Self Forming Clay"},{"floor":12,"key":"Potion Belt"},{"floor":17,"key":"Gremlin Food"},{"floor":17,"key":"Quantum Egg"},{"floor":17,"key":"CaptainsWheel"}],"event_choices":[{"cards_removed":["Strike_R"],"damage_healed":0,"gold_gain":0,"player_choice":"Card Removal","damage_taken":7,"max_hp_gain":0,"max_hp_loss":0,"event_name":"Golden Wing","floor":4,"gold_loss":0},{"damage_healed":0,"gold_gain":100,"player_choice":"Pray","damage_taken":0,"max_hp_gain":0,"max_hp_loss":0,"event_name":"Golden Shrine","floor":5,"gold_loss":0},{"damage_healed":0,"gold_gain":0,"player_choice":"2 cards matched","damage_taken":0,"max_hp_gain":0,"max_hp_loss":0,"event_name":"Match and Keep!","floor":14,"gold_loss":0,"cards_obtained":["Enlightenment","Evolve"]},{"damage_healed":0,"gold_gain":0,"player_choice":"Became a Ghost","damage_taken":0,"max_hp_gain":0,"max_hp_loss":36,"event_name":"Ghosts","floor":21,"gold_loss":0,"cards_obtained":["Ghostly","Ghostly","Ghostly","Ghostly","Ghostly"]}],"is_beta":false,"boss_relics":[{"not_picked":["Replay:Wanted Poster","Velvet Choker"],"picked":"Calling Bell"}],"items_purged_floors":[7],"is_endless":false,"potions_floor_spawned":[6,11,13,18,19],"killed_by":"Slavers","ascension_level":4}}