{"host":"flm17o2q7bfjyna6","time":1613147228,"event":{"mods":["2.2 Compatiblity","Act Like it!","BaseMod","Better Altar","Better Match","Better Note","Better Sensory Stone","Better Skull","Better Third Choice","Better Vampires","Colored Map","Colored Powertips","DeckTracker","Fox Events","Hermit","Minty Spire (QoL Compilation)","Quick Restart","Replay The Spire","Reworked Bosses","Spicy Shops","StSLib","TheSwordswoman","Wandering Minibosses"],"gold_per_floor":[213,228,228,2,2,2,30,43,43,43,43,54,83,101,101,202,202,222,233,243,256,8,8,26,39,39,67,67,67,67,67],"floor_reached":30,"language":"ENG","playtime":2312,"items_purged":["blazmod:Strike"],"score":384,"play_id":"a0365f32-1925-4c42-a375-44ed8fcbef67","local_time":"20210212112708","is_ascension_mode":true,"campfire_choices":[{"data":"blazmod:ButterflyEffect","floor":6,"key":"SMITH"},{"data":"blazmod:MindsEye","floor":10,"key":"SMITH"},{"data":"blazmod:TrueOfHeart","floor":15,"key":"SMITH"},{"data":"blazmod:Kyokasuigetsu","floor":23,"key":"SMITH"}],"circlet_count":0,"master_deck":["blazmod:Defend+1","blazmod:Defend+1","blazmod:Defend+1","blazmod:ButterflyEffect+1","blazmod:Kyokasuigetsu+1","blazmod:Unrestrained+1","blazmod:MindsEye+1","blazmod:TenThousand","blazmod:DevilDivine+1","blazmod:StanceChange+1","blazmod:TrueOfHeart+1","blazmod:SidewaySolace+1","blazmod:Valiance+1","blazmod:KatanaStrike+1","blazmod:SidewaySolace+1","blazmod:MindsEye+1","blazmod:DanceOfTheGods+1","blazmod:PhysicalEndurance+1","blazmod:BlindBlade+1","blazmod:OneWithNature+1","blazmod:BlindingFlash","blazmod:StanceChange+1"],"relics":["blazmod:Venustas","Toy Ornithopter","Toxic Egg 2","Replay:Bottled Eggs","Replay:Wax Seal","Astrolabe","PreservedInsect","Pantograph","Matryoshka"],"acts_visited":["Exordium","TheCity"],"potions_floor_usage":[7,19,25,30,30],"damage_taken":[{"damage":3,"enemies":"Jaw Worm","floor":1,"turns":5},{"damage":6,"enemies":"Small Slimes","floor":2,"turns":7},{"damage":0,"enemies":"Gremlin Nob","floor":7,"turns":4},{"damage":0,"enemies":"2 Louse","floor":8,"turns":3},{"damage":0,"enemies":"Exordium Wildlife","floor":12,"turns":3},{"damage":2,"enemies":"Lagavulin","floor":13,"turns":7},{"damage":6,"enemies":"Lots of Slimes","floor":14,"turns":5},{"damage":8,"enemies":"The Guardian","floor":16,"turns":7},{"damage":5,"enemies":"Spheric Guardian","floor":18,"turns":4},{"damage":16,"enemies":"2 Thieves","floor":19,"turns":4},{"damage":6,"enemies":"Centurion and Healer","floor":20,"turns":6},{"damage":10,"enemies":"Snecko","floor":21,"turns":7},{"damage":4,"enemies":"3 Cultists","floor":24,"turns":5},{"damage":18,"enemies":"Shelled Parasite and Fungi","floor":25,"turns":7},{"damage":0,"enemies":"Replay:Snechameleon","floor":27,"turns":7},{"damage":22,"enemies":"Gremlin Leader","floor":30,"turns":4}],"seed_played":"-7217838913274735508","potions_obtained":[{"floor":1,"key":"EssenceOfSteel"},{"floor":7,"key":"LiquidMemories"},{"floor":13,"key":"LifebloodPotion"},{"floor":19,"key":"SkillPotion"}],"is_trial":false,"path_per_floor":["M","M","?","$","?","R","E","M","T","R","?","M","E","M","R","B",null,"M","M","M","M","$","R","M","M","T","E","?","?","E"],"character_chosen":"THE_SWORDSWOMAN","items_purchased":["Toy Ornithopter","Block Potion","blazmod:OneWithNature+1","PreservedInsect"],"campfire_rested":0,"item_purchase_floors":[4,4,22,22],"current_hp_per_floor":[37,31,23,23,23,23,28,28,28,28,33,33,31,25,25,17,45,40,43,37,27,27,27,23,10,10,10,10,10,0,0],"gold":67,"neow_bonus":"HUNDRED_GOLD","is_daily":false,"chose_seed":false,"campfire_upgraded":4,"win_rate":0.0,"timestamp":1613147228,"path_taken":["M","M","?","$","?","R","E","M","T","R","?","M","E","?","R","BOSS","M","?","?","M","$","R","M","M","T","E","?","?","E"],"items_purchased_type":["Relic","Potion","Card","Relic"],"build_version":"2020-12-22","purchased_purges":1,"victory":false,"max_hp_per_floor":[40,40,40,40,40,40,40,40,40,40,45,45,45,45,45,45,45,45,59,59,59,59,59,59,59,59,59,59,59,59,59],"card_choices":[{"not_picked":["blazmod:PureOfSoul","blazmod:BoulderFlash"],"picked":"blazmod:Unrestrained","floor":1},{"not_picked":["blazmod:Observant","blazmod:TravelJournal"],"picked":"blazmod:MindsEye","floor":2},{"not_picked":["blazmod:PhysicalEndurance+1","blazmod:SidewaySolace+1"],"picked":"blazmod:TenThousand","floor":7},{"not_picked":["blazmod:BoulderFlash","blazmod:QuickBlade"],"picked":"blazmod:DevilDivine+1","floor":8},{"not_picked":["blazmod:Trasient","blazmod:QuickBlade"],"picked":"blazmod:StanceChange+1","floor":12},{"not_picked":["blazmod:Valiance+1","blazmod:MyEverything+1"],"picked":"blazmod:TrueOfHeart","floor":13},{"not_picked":["blazmod:FleetOfFoot+1","blazmod:Crosscut"],"picked":"blazmod:SidewaySolace+1","floor":14},{"not_picked":["blazmod:InLoveAndWar","blazmod:MirrorImage"],"picked":"blazmod:CrescentMoon","floor":16},{"not_picked":["blazmod:PureOfSoul+1","blazmod:KatanaStrike"],"picked":"blazmod:MindsEye+1","floor":18},{"not_picked":["blazmod:MentalFocus","blazmod:Trasient"],"picked":"blazmod:DanceOfTheGods+1","floor":19},{"not_picked":["blazmod:QuickBlade","blazmod:StanceChange+1"],"picked":"blazmod:PhysicalEndurance+1","floor":20},{"not_picked":["blazmod:FleetOfFoot+1","blazmod:BlindingFlash"],"picked":"blazmod:BlindBlade+1","floor":21},{"not_picked":["blazmod:TenThousand","blazmod:FlashRock+1"],"picked":"blazmod:BlindingFlash","floor":24},{"not_picked":["blazmod:Crosscut","blazmod:BlindBlade+1","blazmod:Valiance+1"],"picked":"SKIP","floor":25},{"not_picked":["blazmod:TravelJournal","blazmod:Unrestrained"],"picked":"blazmod:StanceChange+1","floor":27}],"player_experience":1771655,"relics_obtained":[{"floor":7,"key":"Toxic Egg 2"},{"floor":9,"key":"Replay:Bottled Eggs"},{"floor":13,"key":"Replay:Wax Seal"},{"floor":26,"key":"Pantograph"},{"floor":27,"key":"Matryoshka"}],"event_choices":[{"damage_healed":31,"gold_gain":0,"player_choice":"Upgrade","damage_taken":8,"max_hp_gain":0,"max_hp_loss":40,"event_name":"betterThird:BetterShining","floor":3,"gold_loss":0,"cards_upgraded":["blazmod:Unrestrained","blazmod:Strike"]},{"damage_healed":0,"gold_gain":0,"player_choice":"Donut","damage_taken":0,"max_hp_gain":5,"max_hp_loss":0,"event_name":"Big Fish","floor":11,"gold_loss":0},{"cards_removed":["blazmod:SidewaySolace"],"damage_healed":0,"gold_gain":0,"player_choice":"Give","damage_taken":0,"max_hp_gain":0,"max_hp_loss":0,"event_name":"betterNote:BetterNote","floor":28,"gold_loss":0,"cards_obtained":["blazmod:Defend"]},{"cards_removed":["blazmod:Strike"],"damage_healed":0,"gold_gain":0,"player_choice":"Elegance","damage_taken":0,"max_hp_gain":0,"max_hp_loss":0,"event_name":"betterThird:BetterWriting","floor":29,"gold_loss":0}],"is_beta":false,"boss_relics":[{"not_picked":["SacredBark","blazmod:SoshuMasabe"],"picked":"Astrolabe"}],"items_purged_floors":[4],"is_endless":false,"potions_floor_spawned":[1,7,13,14,16,18,19,20],"killed_by":"Gremlin Leader","ascension_level":3}}