{"host":"b0hh64pqctf46s8m","time":1613088687,"event":{"mods":["100% Spire Juice","Act Like it!","Aspiration","BaseMod","Bestiary","Better Third Choice","CCEM2","CapriCore","ChefMod","Conspire","Curses Come First","Displayed Cursed Tome","Dota2Spire","Downfall","Ekko","Elementarium","Evolution","Fireblade Mod","Fox Events","Halation","Hallownest","Hermit","Hubris","Infinite Spire","Jess\u0027s Bottle","JesterMod","Jorbs\u0027s Wanderer Trilogy","Koishi","Kratos Character Expansion","Lobotomy","Luminous","Mari Mod (Legacy)","Mari\u0027s V1 Patch","Menagerie","Mimic Mod","Minty Spire (QoL Compilation)","Pale of the Ancients","Permanent Neow","Pikachu Mod","QueenMod","Random Character Button","Relic Sorter","Relic Stats","Reliquary","Replay The Spire","Robot Space Explorer","Shade Mod","Spire Arcade","StSLib","The Blue Laboratory","The Bug Knight","The Dragon Tamer","The Hayseed","The Immortal","TheSurvivalist","TheSwordswoman","TheVacant","TheWitcher","Treasure Hunter","UnlockEverythingMod","Wandering Minibosses","??????REMEMod"],"gold_per_floor":[99,99,99,99,50,68,92,121,121,139,165,182,182,182,199,294,294,294,305,316,330,388,388,388],"floor_reached":23,"language":"ENG","playtime":982,"items_purged":[],"score":201,"play_id":"e29768b5-ea0b-4f78-b5a7-b395f459e664","local_time":"20210211161127","is_ascension_mode":false,"campfire_choices":[{"floor":1,"key":"DIG"},{"data":"theextravagant:Drift","floor":9,"key":"SMITH"},{"data":"theextravagant:Shake","floor":13,"key":"SMITH"},{"floor":18,"key":"DIG"}],"circlet_count":0,"master_deck":["theextravagant:SlyStrike+1","theextravagant:SlyStrike+1","theextravagant:SlyStrike","theextravagant:SlyStrike","theextravagant:Fence+1","theextravagant:Fence+1","theextravagant:Fence+1","theextravagant:Fence","theextravagant:QuickAttack+1","theextravagant:Triumph+1","stsjorbsmod:Toil+1","stsjorbsmod:Toil+1","theextravagant:Drift+1","theextravagant:Tension+1","theextravagant:ShootingStar+1","theextravagant:Ravage+1","theextravagant:GustOfWind","theextravagant:Shake+1","Injury","theextravagant:Shove+1","theextravagant:Outrun","theextravagant:HeavyBlows","theextravagant:CuttingEdge+1","theextravagant:TreasureHunt+1","theextravagant:Castle"],"relics":["theextravagant:TranslucentFeather","aspiration:PoetsPen_weak","REME_ComplimentaryCards","EVO:Axolotl","downfall:HeartsMalice","CCEMRelics:FryingPan","Akabeko","Potion Belt","Centennial Puzzle","Toxic Egg 2","Pear"],"acts_visited":["Exordium","Hallownest:CityofTears"],"potions_floor_usage":[16,16,16,16],"damage_taken":[{"damage":0,"enemies":"Cultist","floor":2,"turns":1},{"damage":0,"enemies":"Jaw Worm","floor":4,"turns":1},{"damage":0,"enemies":"downfall:FleeingMerchant","floor":5,"turns":1},{"damage":0,"enemies":"2 Louse","floor":6,"turns":5},{"damage":13,"enemies":"Replay:BlueRogue","floor":8,"turns":5},{"damage":17,"enemies":"Exordium Thugs","floor":10,"turns":5},{"damage":5,"enemies":"Lagavulin","floor":11,"turns":5},{"damage":2,"enemies":"Large Slime","floor":12,"turns":7},{"damage":0,"enemies":"conspire:2 RoseBushes","floor":15,"turns":6},{"damage":33,"enemies":"DF_ARCHETYPE_STREAMLINE","floor":16,"turns":9},{"damage":0,"enemies":"Hallownest:3_Youths","floor":19,"turns":6},{"damage":25,"enemies":"Hallownest:Guard_and_Sentry","floor":20,"turns":4},{"damage":11,"enemies":"Hallownest:Warrior_and_Youth","floor":21,"turns":3},{"damage":22,"enemies":"Hallownest:Glutton_and_Coward","floor":22,"turns":3},{"damage":30,"enemies":"Nightmare","floor":23,"turns":3}],"seed_played":"-7874460041149407756","potions_obtained":[{"floor":6,"key":"SteroidPotion"},{"floor":10,"key":"Swift Potion"},{"floor":12,"key":"Block Potion"},{"floor":19,"key":"SmokeBomb"},{"floor":20,"key":"Strength Potion"}],"is_trial":false,"path_per_floor":["R","M","?","M","$","M","T","E","R","M","E","M","R","?","M","B",null,"R","M","M","M","M","NM"],"character_chosen":"THE_EXTRAVAGANT","items_purchased":["SteroidPotion"],"campfire_rested":0,"item_purchase_floors":[5],"current_hp_per_floor":[75,75,75,75,75,75,75,62,62,45,40,38,38,38,38,5,75,85,85,60,49,27,0,0],"gold":388,"neow_bonus":"THREE_ENEMY_KILL","is_daily":false,"chose_seed":false,"campfire_upgraded":2,"win_rate":0.0,"timestamp":1613088687,"path_taken":["R","M","?","M","?","M","T","E","R","?","E","M","R","?","M","BOSS","R","M","M","M","M","NM"],"items_purchased_type":["Potion"],"build_version":"2020-12-22","purchased_purges":0,"victory":false,"max_hp_per_floor":[75,75,75,75,75,75,75,75,75,75,75,75,75,75,75,75,75,85,85,85,85,85,85,85],"relic_stats":{"Centennial Puzzle":[18],"counters":[15,61],"obtain_stats":[{"Potion Belt":8,"Centennial Puzzle":11,"Pear":18,"CCEMRelics:FryingPan":1,"downfall:HeartsMalice":0,"aspiration:PoetsPen_weak":17,"theextravagant:TranslucentFeather":0,"EVO:Axolotl":0,"Toxic Egg 2":14,"Akabeko":7,"REME_ComplimentaryCards":0},{"Potion Belt":5,"Centennial Puzzle":7,"Pear":10,"CCEMRelics:FryingPan":0,"downfall:HeartsMalice":0,"aspiration:PoetsPen_weak":10,"theextravagant:TranslucentFeather":0,"EVO:Axolotl":0,"Toxic Egg 2":8,"Akabeko":4,"REME_ComplimentaryCards":0},{"Potion Belt":10,"Centennial Puzzle":20,"Pear":42,"CCEMRelics:FryingPan":0,"downfall:HeartsMalice":0,"aspiration:PoetsPen_weak":42,"theextravagant:TranslucentFeather":0,"EVO:Axolotl":0,"Toxic Egg 2":27,"Akabeko":5,"REME_ComplimentaryCards":0}]},"card_choices":[{"not_picked":["theextravagant:HeavyBlows","theextravagant:Twitch","theextravagant:Comeback"],"picked":"SKIP","floor":2},{"not_picked":["theextravagant:Twitch","theextravagant:Pushthrough"],"picked":"theextravagant:Drift","floor":4},{"not_picked":["theextravagant:ShootingStar","theextravagant:Riot"],"picked":"theextravagant:Tension","floor":5},{"not_picked":["theextravagant:StepBack","theextravagant:GlyphOfPower"],"picked":"theextravagant:ShootingStar","floor":6},{"not_picked":["TH:PixieDust","TH:TreasureMap"],"picked":"SKIP","floor":7},{"not_picked":["theextravagant:Foil","theextravagant:ShootingStar"],"picked":"theextravagant:Ravage","floor":8},{"not_picked":["TH:TreasureMap","TH:CopperCoins"],"picked":"SKIP","floor":8},{"not_picked":["theextravagant:CutTheDeck","theextravagant:Flashback"],"picked":"theextravagant:GustOfWind","floor":10},{"not_picked":["TH:DeckOfManyThings","TH:CopperCoins"],"picked":"SKIP","floor":11},{"not_picked":["theextravagant:Thrill","theextravagant:Tension","theextravagant:TwilightTone"],"picked":"SKIP","floor":11},{"not_picked":["theextravagant:GlyphOfSight","theextravagant:Meditation"],"picked":"theextravagant:Shake","floor":12},{"not_picked":["theextravagant:Cutthroat","theextravagant:Defy+1"],"picked":"theextravagant:Shove","floor":15},{"not_picked":["theextravagant:RisingPhoenix","theextravagant:ManifestIllusion+1"],"picked":"theextravagant:Outrun","floor":16},{"not_picked":["theextravagant:Supersonic+1","theextravagant:Twitch+1"],"picked":"theextravagant:HeavyBlows","floor":19},{"not_picked":["theextravagant:GarbageCannon","theextravagant:Defy+1"],"picked":"theextravagant:CuttingEdge","floor":20},{"not_picked":["theextravagant:GlyphOfPower","theextravagant:Foil+1"],"picked":"theextravagant:TreasureHunt+1","floor":21},{"not_picked":["theextravagant:SpontaneousStrike","theextravagant:Supersonic+1"],"picked":"theextravagant:Castle","floor":22}],"player_experience":1575025,"relics_obtained":[{"floor":1,"key":"CCEMRelics:FryingPan"},{"floor":7,"key":"Akabeko"},{"floor":8,"key":"Potion Belt"},{"floor":11,"key":"Centennial Puzzle"},{"floor":18,"key":"Pear"}],"event_choices":[],"is_beta":false,"boss_relics":[{"not_picked":["hubris:ScarierMask","ReplayTheSpireMod:SealedPack"],"picked":"aspiration:PoetsPen_weak"}],"items_purged_floors":[],"is_endless":false,"potions_floor_spawned":[6,10,12,19,20],"killed_by":"Nightmare","ascension_level":0}}