{"host":"91blwi3hgehj6ch9","time":1613111647,"event":{"mods":["2.2 Compatiblity","AchievementEnabler","BaseMod","Colored Map","DeckTracker","Keyboard Shortcuts","Minty Spire (QoL Compilation)","Permanent Neow","Quick Restart","StSLib","SuperFastMode","everything is the same but u backflip on backflip"],"gold_per_floor":[119,134,134,146,146,146,169,169,169,187,206,206,225,249,249,249,249],"floor_reached":16,"language":"KOR","playtime":440,"items_purged":[],"score":125,"play_id":"793f8e80-f799-4796-a247-a1bc132769c8","local_time":"20210212153407","is_ascension_mode":true,"campfire_choices":[{"data":"Entrench","floor":6,"key":"SMITH"},{"data":"Body Slam","floor":8,"key":"SMITH"},{"data":"Burning Pact","floor":12,"key":"SMITH"},{"data":"Flame Barrier","floor":15,"key":"SMITH"}],"circlet_count":0,"master_deck":["Strike_R","Strike_R","Strike_R","Strike_R","Defend_R","Defend_R","Defend_R","Defend_R","Bash","Fiend Fire","Hemokinesis","Entrench+1","Body Slam+1","Burning Pact+1","Flame Barrier+1"],"relics":["Burning Blood","Golden Idol","Paper Frog"],"acts_visited":["Exordium"],"potions_floor_usage":[16,16],"damage_taken":[{"damage":12,"enemies":"Jaw Worm","floor":1,"turns":2},{"damage":2,"enemies":"Small Slimes","floor":2,"turns":2},{"damage":0,"enemies":"2 Louse","floor":4,"turns":2},{"damage":21,"enemies":"Exordium Thugs","floor":7,"turns":5},{"damage":17,"enemies":"Gremlin Gang","floor":10,"turns":3},{"damage":4,"enemies":"Looter","floor":11,"turns":3},{"damage":16,"enemies":"Lots of Slimes","floor":13,"turns":7},{"damage":6,"enemies":"Blue Slaver","floor":14,"turns":6},{"damage":38,"enemies":"Hexaghost","floor":16,"turns":10}],"seed_played":"-2845847004952788909","potions_obtained":[{"floor":1,"key":"BloodPotion"},{"floor":11,"key":"Explosive Potion"},{"floor":14,"key":"SkillPotion"}],"is_trial":false,"path_per_floor":["M","M","?","M","?","R","M","R","T","M","M","R","M","M","R","B"],"character_chosen":"IRONCLAD","items_purchased":[],"campfire_rested":0,"item_purchase_floors":[],"current_hp_per_floor":[66,70,70,76,56,56,41,41,41,30,32,32,22,22,22,0,0],"gold":249,"neow_bonus":"TRANSFORM_CARD","is_daily":false,"chose_seed":false,"campfire_upgraded":4,"win_rate":0.0,"timestamp":1613111647,"path_taken":["M","M","?","M","?","R","M","R","T","M","M","R","M","M","R","BOSS"],"items_purchased_type":[],"build_version":"2020-12-22","purchased_purges":0,"victory":false,"max_hp_per_floor":[80,80,80,80,80,80,80,80,80,80,80,80,80,80,80,80,80],"card_choices":[{"not_picked":["Perfected Strike","Sword Boomerang"],"picked":"Hemokinesis","floor":1},{"not_picked":["Iron Wave","Evolve"],"picked":"Entrench","floor":2},{"not_picked":["Carnage","Cleave"],"picked":"Body Slam","floor":4},{"not_picked":["Metallicize","Sever Soul","Body Slam"],"picked":"SKIP","floor":7},{"not_picked":["Blood for Blood","Armaments"],"picked":"Burning Pact","floor":10},{"not_picked":["Battle Trance","Twin Strike"],"picked":"Flame Barrier","floor":11},{"not_picked":["Clash","Thunderclap","Flex"],"picked":"SKIP","floor":13},{"not_picked":["Rage","Shockwave","Hemokinesis"],"picked":"SKIP","floor":14}],"player_experience":213749,"relics_obtained":[{"floor":9,"key":"Paper Frog"}],"event_choices":[{"damage_healed":0,"gold_gain":0,"player_choice":"Ignored","damage_taken":0,"max_hp_gain":0,"max_hp_loss":0,"event_name":"Liars Game","floor":3,"gold_loss":0},{"damage_healed":0,"gold_gain":0,"player_choice":"Take Damage","damage_taken":20,"relics_obtained":["Golden Idol"],"max_hp_gain":0,"max_hp_loss":0,"event_name":"Golden Idol","floor":5,"gold_loss":0}],"is_beta":false,"boss_relics":[],"items_purged_floors":[],"is_endless":false,"potions_floor_spawned":[1,11,14],"killed_by":"Hexaghost","ascension_level":6}}