{"host":"v9ordiuf4xzdpttp","time":1613097029,"event":{"mods":["AchievementEnabler","Act Like it!","Aspiration","Bartender","BaseMod","Better Third Choice","Better Vampires","CCEM2","Colored Map","Gold Saver","Halation","Hermit","Hubris","Infinite Spire","Ironclad Rager","Jedi Mod","Marked Mod","Melee Mod","Minty Spire (QoL Compilation)","Quick Restart","Reliquary","Remove Card Discount Mod","Replay The Spire","SOS???????","Shop Mod","Small Relic Pack","Spicy Shops","StSLib","The Construct","The Death Knight","The Hierophant","The Runesmith","The Senshi","The Servant 0.9.4","The Showman","??????REMEMod"],"gold_per_floor":[996,996,1011,1011,36,74,74,93,168,4,4,23,42,61,61,186,186,126,145,145,145,164,164,183,221,221,240,240,240,240,259,259,384,384,403,41,41,60,60,98,117,30,30,49,49,87,87,125,125,125],"floor_reached":51,"language":"ENG","playtime":3962,"items_purged":["Eruption","Survivor","Injury","Defend_P","Zap","Defend_G","Strike_B","Strike_G","jedi:BattleThirst","Defend_R","hermit:Malice"],"score":805,"play_id":"4a4f94f0-543e-4c2c-bba1-c5842d6bbbcc","local_time":"20210211213029","daily_mods":["Chimera","Blue Cards","DeadlyEvents"],"is_ascension_mode":false,"campfire_choices":[{"floor":7,"key":"REST"},{"floor":11,"key":"REST"},{"floor":15,"key":"REST"},{"floor":23,"key":"REST"},{"floor":28,"key":"REST"},{"floor":30,"key":"REST"},{"data":"hermit:Gestalt","floor":32,"key":"SMITH"},{"floor":47,"key":"REST"},{"data":"infinitespire:Punishment","floor":49,"key":"SMITH"}],"circlet_count":0,"master_deck":["Bash","Strike_R","hermit:LowProfile+1","hermit:PistolWhip","DevaForm+1","Pride","hermit:Brawl+1","hermit:Brawl+1","hermit:HoleUp","hermit:TrackingShot","hermit:PistolWhip","hermit:Midnight","hermit:LowProfile","hermit:Horror","hermit:Reprieve","hermit:NoHoldsBarred+1","hermit:Dive","hermit:Gestalt+1","hermit:GhostlyPresence+1","hermit:HoleUp","hermit:Glare","infinitespire:UltimateForm","infinitespire:Punishment+1","hermit:Determination+1","hermit:RoundhouseKick","hermit:FlashPowder+1","hermit:Brawl+1","hermit:Quickdraw+1","hermit:Enervate+1","hermit:LoneWolf+1","hermit:Desperado","hermit:SprayPray+1","hermit:Quickdraw+1"],"relics":["hermit:Momento","REME_ComplimentaryCards","Bronze Scales","Golden Idol","CCEMRelics:BiPhaseBiplane","hubris:ToyBattleship","CCEMRelics:FakeTeeth","HornCleat","jedi:shrinkray","reliquary:QuartzCube","MerchantsRug","CCEMRelics:DarkMatter","ReplayTheSpireMod:Ninjato","CCEMRelics:Barrel","Pantograph","reliquary:SharkskinSheath","halation:HeavySnake","infinitespire:FocusingShard","hubris:Icosahedron","Replay:Rubber Ducky","Membership Card","hubris:BundleOfHerbs","reliquary:IridiumChain","halation:BlackBeret","jedi:angrymask"],"acts_visited":["Exordium","TheCity","TheBeyond"],"potions_floor_usage":[16,16,33,38,41,46],"damage_taken":[{"damage":10,"enemies":"Small Slimes","floor":1,"turns":3},{"damage":3,"enemies":"Cultist","floor":3,"turns":3},{"damage":36,"enemies":"Gremlin Nob","floor":6,"turns":6},{"damage":6,"enemies":"2 Louse","floor":8,"turns":3},{"damage":7,"enemies":"Exordium Wildlife","floor":12,"turns":4},{"damage":0,"enemies":"3 Louse","floor":13,"turns":4},{"damage":18,"enemies":"Blue Slaver","floor":14,"turns":4},{"damage":32,"enemies":"Slime Boss","floor":16,"turns":7},{"damage":14,"enemies":"2 Thieves","floor":18,"turns":4},{"damage":0,"enemies":"3 Byrds","floor":19,"turns":3},{"damage":15,"enemies":"Centurion and Healer","floor":22,"turns":5},{"damage":4,"enemies":"Snake Plant","floor":24,"turns":4},{"damage":37,"enemies":"Book of Stabbing","floor":25,"turns":6},{"damage":25,"enemies":"Chosen and Byrds","floor":27,"turns":9},{"damage":0,"enemies":"3 Cultists","floor":31,"turns":4},{"damage":15,"enemies":"hubris:MusketHawk","floor":33,"turns":7},{"damage":16,"enemies":"3 Shapes","floor":35,"turns":7},{"damage":10,"enemies":"3 Darklings","floor":38,"turns":7},{"damage":5,"enemies":"Nemesis","floor":40,"turns":10},{"damage":7,"enemies":"Transient","floor":41,"turns":5},{"damage":8,"enemies":"Jaw Worm Horde","floor":44,"turns":5},{"damage":44,"enemies":"Giant Head","floor":46,"turns":8},{"damage":3,"enemies":"R_Hoarder","floor":48,"turns":8},{"damage":38,"enemies":"Awakened One","floor":50,"turns":9}],"seed_played":"-8399458303924539785","potions_obtained":[{"floor":3,"key":"jedi:tentaclejuice"},{"floor":13,"key":"jedi:wingpotion"},{"floor":14,"key":"LiquidMemories"},{"floor":22,"key":"Weak Potion"},{"floor":33,"key":"LiquidMemories"},{"floor":41,"key":"Fruit Juice"},{"floor":44,"key":"AttackPotion"},{"floor":48,"key":"jedi:wingpotion"}],"is_trial":false,"path_per_floor":["M","?","M","?","$","E","R","M","T","$","R","M","M","M","R","B",null,"M","M","?","?","M","R","M","E","T","M","R","AVR","R","M","R","B",null,"M","$","?","M","?","E","M","$","T","M","$","E","R","E","R","B",null],"character_chosen":"HERMIT","items_purchased":["halation:Diary","CCEMRelics:BiPhaseBiplane","hubris:ToyBattleship","CCEMRelics:FakeTeeth","HornCleat","jedi:shrinkray","hermit:Brawl","hermit:HoleUp","MerchantsRug","hermit:Malice","hermit:Brawl","hermit:Quickdraw+1","infinitespire:FocusingShard","hermit:Desperado","Membership Card","reliquary:IridiumChain"],"campfire_rested":7,"item_purchase_floors":[5,5,5,5,5,5,5,5,10,10,36,36,36,42,42,45],"current_hp_per_floor":[65,65,62,62,62,26,48,42,42,42,64,57,57,39,61,29,75,61,61,61,61,46,68,64,55,55,34,56,56,75,75,75,60,75,59,59,37,35,35,42,48,48,48,60,44,14,38,43,43,46],"gold":125,"neow_bonus":"","is_daily":true,"chose_seed":false,"campfire_upgraded":2,"win_rate":0.0,"timestamp":1613097029,"path_taken":["M","?","?","?","?","E","R","M","T","$","R","M","M","M","R","BOSS","M","M","?","?","M","R","M","E","T","M","R","AVR","R","?","R","BOSS","M","$","?","M","?","E","M","$","T","M","?","?","R","E","R","BOSS"],"items_purchased_type":["Relic","Relic","Relic","Relic","Relic","Relic","Card","Card","Relic","Card","Card","Card","Relic","Card","Relic","Relic"],"build_version":"2020-12-22","purchased_purges":11,"victory":true,"max_hp_per_floor":[75,75,75,75,75,75,75,75,75,75,75,75,75,75,75,75,75,75,75,75,75,75,75,75,75,75,75,75,75,75,75,75,75,75,75,75,75,75,75,75,80,80,80,80,80,80,80,80,80,80],"card_choices":[{"not_picked":["hermit:NoHoldsBarred","hermit:BodyArmor"],"picked":"hermit:LowProfile","floor":1},{"not_picked":["hermit:Malice","hermit:Feint"],"picked":"hermit:PistolWhip","floor":3},{"not_picked":["hermit:Snipe","hermit:Manifest"],"picked":"hermit:TrackingShot","floor":6},{"not_picked":["hermit:Ricochet","hermit:HighCaliber"],"picked":"hermit:PistolWhip","floor":8},{"not_picked":["hermit:Misfire","hermit:NoHoldsBarred"],"picked":"hermit:Midnight","floor":12},{"not_picked":["hermit:FullyLoaded","hermit:Showdown"],"picked":"hermit:LowProfile","floor":13},{"not_picked":["hermit:EyeOfTheStorm","hermit:FullyLoaded"],"picked":"hermit:Horror","floor":14},{"not_picked":["hermit:BlackWind","hermit:EternalForm"],"picked":"hermit:Reprieve","floor":16},{"not_picked":["hermit:Headshot","hermit:Snipe"],"picked":"hermit:NoHoldsBarred","floor":18},{"not_picked":["hermit:Vantage","hermit:HighCaliber"],"picked":"hermit:Dive","floor":19},{"not_picked":["hermit:NoHoldsBarred","hermit:Vantage"],"picked":"hermit:Gestalt","floor":22},{"not_picked":["hermit:WideOpen","hermit:LoneWolf"],"picked":"hermit:GhostlyPresence+1","floor":24},{"not_picked":["hermit:FullyLoaded","hermit:Gestalt"],"picked":"hermit:HoleUp","floor":25},{"not_picked":["hermit:CalledShot","hermit:DeadMansHand"],"picked":"hermit:Glare","floor":27},{"not_picked":["hermit:CursedWeapon","hermit:TrackingShot"],"picked":"hermit:Determination+1","floor":31},{"not_picked":["hermit:HighNoon","hermit:Dissolve"],"picked":"hermit:RoundhouseKick","floor":33},{"not_picked":["hermit:TrackingShot+1","hermit:Roulette"],"picked":"hermit:FlashPowder+1","floor":35},{"not_picked":["hermit:HoleUp","hermit:Malice+1","hermit:TrackingShot+1"],"picked":"SKIP","floor":38},{"not_picked":["hermit:Gambit","hermit:PistolWhip"],"picked":"hermit:Enervate+1","floor":40},{"not_picked":["hermit:FullyLoaded+1","hermit:Brawl"],"picked":"hermit:LoneWolf+1","floor":41},{"not_picked":["hermit:LuckOfTheDraw","hermit:TakeCover"],"picked":"hermit:SprayPray+1","floor":44},{"not_picked":["hermit:GoldenBullet+1","hermit:OverwhelmingPower","hermit:LowProfile"],"picked":"SKIP","floor":46},{"not_picked":["hermit:Cheat+1","hermit:FullyLoaded"],"picked":"hermit:Quickdraw+1","floor":48}],"player_experience":332274,"relics_obtained":[{"floor":2,"key":"Bronze Scales"},{"floor":6,"key":"Smiling Mask"},{"floor":9,"key":"reliquary:QuartzCube"},{"floor":25,"key":"CCEMRelics:Barrel"},{"floor":26,"key":"Pantograph"},{"floor":40,"key":"Replay:Rubber Ducky"},{"floor":43,"key":"hubris:BundleOfHerbs"},{"floor":46,"key":"halation:BlackBeret"},{"floor":48,"key":"jedi:angrymask"}],"event_choices":[{"damage_healed":0,"gold_gain":0,"player_choice":"Relic","damage_taken":0,"max_hp_gain":0,"max_hp_loss":0,"event_name":"Wheel of Change","floor":2,"gold_loss":0},{"damage_healed":0,"gold_gain":0,"player_choice":"Take Wound","damage_taken":0,"relics_obtained":["Golden Idol"],"max_hp_gain":0,"max_hp_loss":0,"event_name":"Golden Idol","floor":4,"gold_loss":0,"cards_obtained":["Injury"]}],"is_beta":false,"boss_relics":[{"not_picked":["hubris:GrandSneckoEye","Pandora\u0027s Box"],"picked":"CCEMRelics:DarkMatter"},{"not_picked":["halation:Yufonium","CCEMRelics:GreenEgg"],"picked":"halation:HeavySnake"}],"items_purged_floors":[5,5,5,5,5,5,10,10,29,36,36],"is_endless":false,"potions_floor_spawned":[3,13,14,22,33,41,44,48],"ascension_level":0}}