{"host":"m0a8wxl9o3yrknox","time":1613156043,"event":{"mods":["BaseMod","Bossed Relics","Energized Spire","Minty Spire (QoL Compilation)","Relic Filter Mod","Relic Stats","Replay The Spire","Spicy Shops","StSLib","¡¾ÒÅÎï¿¨ÅÆ¡¿REMEMod"],"gold_per_floor":[114,125,152,152,163,163,163,163,187,212,247,247,247,247,275,275,275,391,391,436,436,436,39,39,39,86,126,126,126,76,76,137,137,137,241,241,267,0,54,54,54,90,146,150,150],"floor_reached":44,"language":"ZHS","playtime":2729,"items_purged":[],"score":750,"play_id":"861012ef-b612-4c2a-88b2-c9323784ecc5","local_time":"20210212135403","daily_mods":["SealedDeck","Colorless Cards","Heirloom","Time Dilation","Flight"],"is_ascension_mode":false,"campfire_choices":[{"data":"Armaments","floor":6,"key":"SMITH"},{"data":"ReplayTheSpireMod:Uncanny Aura","floor":8,"key":"SMITH"},{"data":"Pommel Strike","floor":12,"key":"SMITH"},{"data":"ReplayTheSpireMod:Corrosion Curse","floor":17,"key":"SMITH"},{"data":"ReplayTheSpireMod:Muscle Training","floor":25,"key":"SMITH"},{"data":"RitualDagger","floor":25,"key":"SMITH"},{"data":"Seeing Red","floor":34,"key":"SMITH"},{"data":"REME_Scribble","floor":34,"key":"SMITH"}],"circlet_count":0,"master_deck":["Bandage Up+1","Flame Barrier","ReplayTheSpireMod:Uncanny Aura+1","Seeing Red+1","Armaments+1","ReplayTheSpireMod:Muscle Training+1","ReplayTheSpireMod:Corrosion Curse+1","RitualDagger+1","REME_Scribble+1","Pommel Strike+1","Necronomicurse","Seeing Red+1","ReplayTheSpireMod:Muscle Training+1","Deep Breath+1","ReplayTheSpireMod:Stacked+1"],"relics":["Burning Blood","REME_ComplimentaryCards","Unceasing Top","King of Hearts","Juzu Bracelet","Replay:Bottled Snecko","Orichalcum","Replay:Bandana","Tiny House","Replay:Arrowhead","ReplayTheSpireMod:TigerMarble","Pen Nib","Replay:Bottled Flurry","Necronomicon","Blood Vial","Empty Cage","Red Mask","Thread and Needle","Oddly Smooth Stone","Calipers"],"acts_visited":["Exordium","TheCity","TheBeyond"],"potions_floor_usage":[18,35,35,43],"damage_taken":[{"damage":3,"enemies":"Cultist","floor":1,"turns":3},{"damage":2,"enemies":"Small Slimes","floor":2,"turns":2},{"damage":9,"enemies":"Jaw Worm","floor":5,"turns":4},{"damage":15,"enemies":"3 Sentries","floor":10,"turns":7},{"damage":20,"enemies":"Gremlin Nob","floor":11,"turns":4},{"damage":15,"enemies":"3 Sentries","floor":15,"turns":6},{"damage":2,"enemies":"Hexaghost","floor":18,"turns":6},{"damage":1,"enemies":"3 Byrds","floor":20,"turns":3},{"damage":18,"enemies":"Slavers","floor":26,"turns":5},{"damage":5,"enemies":"Replay:Snechameleon","floor":27,"turns":4},{"damage":29,"enemies":"Slavers","floor":32,"turns":4},{"damage":9,"enemies":"Champ","floor":35,"turns":5},{"damage":15,"enemies":"3 Darklings","floor":37,"turns":6},{"damage":23,"enemies":"Mind Bloom Boss Battle","floor":39,"turns":9},{"damage":20,"enemies":"R_Hoarder","floor":42,"turns":6},{"damage":71,"enemies":"2 Orb Walkers","floor":43,"turns":15},{"damage":56,"enemies":"Nemesis","floor":44,"turns":9}],"seed_played":"2882574239676643021","potions_obtained":[{"floor":1,"key":"FearPotion"},{"floor":5,"key":"BlessingOfTheForge"},{"floor":11,"key":"Adrenaline Potion"},{"floor":18,"key":"ColorlessPotion"},{"floor":32,"key":"Regen Potion"},{"floor":37,"key":"SteroidPotion"},{"floor":39,"key":"Swift Potion"}],"is_trial":true,"path_per_floor":["M","M","T","?","M","R","?","R","T","E","E","R","PTL","PTL","E","?","R","B",null,"M","?","?","$","?","R","E","E","T","?","?","?","E","$","R","B",null,"M","?","?","?","?","E","?","E"],"character_chosen":"IRONCLAD","items_purchased":["REME_Scribble","Replay:Arrowhead"],"campfire_rested":0,"item_purchase_floors":[23,23],"current_hp_per_floor":[80,80,80,64,65,65,65,65,65,62,54,54,54,54,51,56,56,66,85,85,69,63,63,63,63,63,79,79,63,63,63,54,54,54,77,100,103,103,106,106,106,95,44,0,0],"gold":150,"neow_bonus":"","is_daily":false,"chose_seed":false,"campfire_upgraded":8,"win_rate":0.0,"timestamp":1613156043,"path_taken":["M","M","?","?","?","R","?","R","T","E","E","R","PTL","PTL","E","?","R","BOSS","M","?","?","$","?","R","E","E","T","?","?","?","E","?","R","BOSS","M","?","?","?","?","E","?","E"],"items_purchased_type":["Card","Relic"],"build_version":"2020-12-22","purchased_purges":0,"victory":false,"max_hp_per_floor":[80,80,80,80,80,80,80,80,80,80,80,80,80,80,80,85,85,85,85,85,90,90,90,90,90,92,95,95,95,95,95,97,97,97,100,100,103,103,106,106,106,109,115,118,118],"relic_stats":{"Blood Vial":6,"counters":[17,98],"Pen Nib":[6],"Juzu Bracelet":4,"Necronomicon":[1],"Orichalcum":[54],"obtain_stats":[{"Tiny House":19,"Calipers":43,"Oddly Smooth Stone":42,"Thread and Needle":39,"King of Hearts":3,"Pen Nib":27,"Juzu Bracelet":9,"Orichalcum":11,"Empty Cage":36,"Burning Blood":0,"Replay:Arrowhead":23,"Blood Vial":32,"Replay:Bandana":15,"ReplayTheSpireMod:TigerMarble":26,"Replay:Bottled Flurry":28,"Necronomicon":29,"Red Mask":38,"Replay:Bottled Snecko":10,"Unceasing Top":0,"REME_ComplimentaryCards":0},{"Tiny House":7,"Calipers":16,"Oddly Smooth Stone":15,"Thread and Needle":14,"King of Hearts":2,"Pen Nib":10,"Juzu Bracelet":3,"Orichalcum":5,"Empty Cage":12,"Burning Blood":0,"Replay:Arrowhead":8,"Blood Vial":11,"Replay:Bandana":6,"ReplayTheSpireMod:TigerMarble":9,"Replay:Bottled Flurry":10,"Necronomicon":10,"Red Mask":13,"Replay:Bottled Snecko":4,"Unceasing Top":0,"REME_ComplimentaryCards":0},{"Tiny House":32,"Calipers":89,"Oddly Smooth Stone":74,"Thread and Needle":68,"King of Hearts":5,"Pen Nib":44,"Juzu Bracelet":9,"Orichalcum":20,"Empty Cage":53,"Burning Blood":0,"Replay:Arrowhead":35,"Blood Vial":48,"Replay:Bandana":26,"ReplayTheSpireMod:TigerMarble":40,"Replay:Bottled Flurry":44,"Necronomicon":44,"Red Mask":59,"Replay:Bottled Snecko":16,"Unceasing Top":0,"REME_ComplimentaryCards":0}],"Burning Blood":80,"Unceasing Top":[2]},"card_choices":[{"not_picked":["REME_FirmDetermination","Pommel Strike","Good Instincts"],"picked":"SKIP","floor":1},{"not_picked":["Perfected Strike","Run Through","Dark Embrace"],"picked":"SKIP","floor":2},{"not_picked":["Survey Options","Clash","Flex"],"picked":"SKIP","floor":5},{"not_picked":["REME_BodyOfCthun","Ghostly Armor","Intimidate"],"picked":"SKIP","floor":10},{"not_picked":["Armaments","Swift Strike","REME_ShortnessOfBreath"],"picked":"SKIP","floor":11},{"not_picked":["Pommel Strike","Armaments","Corruption"],"picked":"SKIP","floor":15},{"not_picked":["Wild Strike","Anger","Heavy Blade"],"picked":"SKIP","floor":20},{"not_picked":["Heavy Blade","ReplayTheSpireMod:Strike From Hell"],"picked":"Pommel Strike+1","floor":26},{"not_picked":["True Grit+1","Warcry","Flex"],"picked":"SKIP","floor":27},{"not_picked":["ReplayTheSpireMod:LeadingStrike","Entrench"],"picked":"Seeing Red","floor":32},{"not_picked":["Cleave+1","Inflame"],"picked":"ReplayTheSpireMod:Muscle Training+1","floor":37},{"not_picked":["REME_BuildACard","Impervious"],"picked":"Deep Breath+1","floor":42},{"not_picked":["True Grit+1","Run Through+1"],"picked":"ReplayTheSpireMod:Stacked+1","floor":43}],"player_experience":759000,"relics_obtained":[{"floor":3,"key":"King of Hearts"},{"floor":9,"key":"Juzu Bracelet"},{"floor":10,"key":"Replay:Bottled Snecko"},{"floor":11,"key":"Orichalcum"},{"floor":15,"key":"Replay:Bandana"},{"floor":26,"key":"ReplayTheSpireMod:TigerMarble"},{"floor":27,"key":"Pen Nib"},{"floor":28,"key":"Replay:Bottled Flurry"},{"floor":29,"key":"Necronomicon"},{"floor":32,"key":"Blood Vial"},{"floor":39,"key":"Thread and Needle"},{"floor":42,"key":"Oddly Smooth Stone"},{"floor":43,"key":"Calipers"}],"event_choices":[{"damage_healed":0,"gold_gain":0,"player_choice":"Entered Light","damage_taken":16,"max_hp_gain":0,"max_hp_loss":0,"event_name":"Shining Light","floor":4,"gold_loss":0,"cards_upgraded":["Thunderclap","Seeing Red"]},{"damage_healed":0,"gold_gain":0,"player_choice":"Donut","damage_taken":0,"max_hp_gain":5,"max_hp_loss":0,"event_name":"Big Fish","floor":16,"gold_loss":0},{"damage_healed":0,"gold_gain":0,"player_choice":"Shed Blood","damage_taken":21,"max_hp_gain":5,"max_hp_loss":0,"event_name":"Forgotten Altar","floor":21,"gold_loss":0},{"damage_healed":0,"gold_gain":0,"player_choice":"Joined the Cult","damage_taken":6,"max_hp_gain":0,"max_hp_loss":0,"event_name":"Nest","floor":22,"gold_loss":0,"cards_obtained":["RitualDagger"]},{"damage_healed":0,"gold_gain":0,"player_choice":"Read","damage_taken":0,"max_hp_gain":0,"max_hp_loss":0,"event_name":"The Library","floor":24,"gold_loss":0,"cards_obtained":["Bandage Up"]},{"damage_healed":0,"gold_gain":0,"player_choice":"Obtained Book","damage_taken":16,"max_hp_gain":0,"max_hp_loss":0,"event_name":"Cursed Tome","floor":29,"gold_loss":0},{"damage_healed":0,"gold_gain":0,"player_choice":"Bet on Murderer","damage_taken":0,"max_hp_gain":0,"max_hp_loss":0,"event_name":"The Joust","floor":30,"gold_loss":50},{"damage_healed":0,"gold_gain":0,"player_choice":"Ignored","damage_taken":0,"max_hp_gain":0,"max_hp_loss":0,"event_name":"NoteForYourself","floor":31,"gold_loss":0},{"damage_healed":0,"gold_gain":0,"player_choice":"Paid","damage_taken":0,"relics_obtained":["Red Mask"],"max_hp_gain":0,"max_hp_loss":0,"event_name":"Tomb of Lord Red Mask","floor":38,"gold_loss":267},{"damage_healed":0,"gold_gain":0,"player_choice":"Fight","damage_taken":0,"max_hp_gain":0,"max_hp_loss":0,"event_name":"MindBloom","floor":39,"gold_loss":0},{"cards_removed":["Bandage Up"],"damage_healed":0,"gold_gain":0,"player_choice":"Card Removal","damage_taken":0,"max_hp_gain":0,"max_hp_loss":0,"event_name":"Wheel of Change","floor":40,"gold_loss":0},{"cards_removed":["Pommel Strike"],"damage_healed":0,"gold_gain":0,"player_choice":"Removed Attack","damage_taken":0,"max_hp_gain":0,"max_hp_loss":0,"event_name":"Falling","floor":41,"gold_loss":0},{"damage_healed":0,"gold_gain":0,"player_choice":"Fight","damage_taken":0,"max_hp_gain":0,"max_hp_loss":0,"event_name":"Mysterious Sphere","floor":43,"gold_loss":0}],"is_beta":false,"boss_relics":[{"not_picked":["REME_DemonsWealth","Velvet Choker"],"picked":"Tiny House"},{"not_picked":["energizedSpire:TabascoSauce","REME_DuelDisc"],"picked":"Empty Cage"}],"items_purged_floors":[],"is_endless":true,"potions_floor_spawned":[1,5,11,18,32,37,39],"killed_by":"Nemesis","ascension_level":0}}