{"host":"e2ju6k0wppswbhbd","time":1613140889,"event":{"mods":["BaseMod","Minty Spire (QoL Compilation)","Rare Cards Sparkle","StSLib"],"gold_per_floor":[117,137,147,147,157,157,188,188,188,207,234,258,51,66,66,167,167,187,187,157,172,172,172,188,221,245,44,62,94,125,137,149,161,161],"floor_reached":33,"language":"FRA","playtime":4088,"items_purged":["Strike_P","Defend_P"],"score":322,"play_id":"afc813c6-ed68-45f3-b769-14b0cc7c2543","local_time":"20210212154129","is_ascension_mode":false,"campfire_choices":[{"floor":6,"key":"RECALL"},{"data":"Vigilance","floor":8,"key":"SMITH"},{"data":"Study","floor":15,"key":"SMITH"},{"floor":23,"key":"REST"},{"data":"Dramatic Entrance","floor":32,"key":"SMITH"}],"circlet_count":0,"master_deck":["Strike_P","Strike_P","Strike_P","Defend_P+1","Defend_P","Defend_P+1","Eruption","Vigilance+1","Dramatic Entrance+1","JustLucky","Study+1","Prostrate","ForeignInfluence","FollowUp","EmptyBody","Wireheading","Crescendo","Ragnarok","FlurryOfBlows+1","Prostrate","CrushJoints+1","FlyingSleeves","ClearTheMind","Protect"],"relics":["PureWater","Smiling Mask","CaptainsWheel","MealTicket","War Paint","Philosopher\u0027s Stone","Matryoshka","Tiny Chest","Happy Flower","Akabeko","MawBank"],"acts_visited":["Exordium","TheCity"],"potions_floor_usage":[7,16,18,24,25,25,25,30],"damage_taken":[{"damage":0,"enemies":"Jaw Worm","floor":1,"turns":3},{"damage":0,"enemies":"Cultist","floor":2,"turns":5},{"damage":0,"enemies":"Small Slimes","floor":3,"turns":1},{"damage":0,"enemies":"2 Fungi Beasts","floor":5,"turns":3},{"damage":25,"enemies":"Gremlin Nob","floor":7,"turns":4},{"damage":0,"enemies":"Blue Slaver","floor":10,"turns":2},{"damage":8,"enemies":"3 Sentries","floor":11,"turns":9},{"damage":0,"enemies":"3 Louse","floor":14,"turns":2},{"damage":2,"enemies":"The Guardian","floor":16,"turns":12},{"damage":13,"enemies":"3 Byrds","floor":18,"turns":4},{"damage":12,"enemies":"Chosen","floor":21,"turns":4},{"damage":0,"enemies":"Snecko","floor":24,"turns":5},{"damage":26,"enemies":"Slavers","floor":25,"turns":6},{"damage":12,"enemies":"Shelled Parasite and Fungi","floor":28,"turns":3},{"damage":0,"enemies":"Gremlin Leader","floor":29,"turns":5},{"damage":10,"enemies":"Snake Plant","floor":30,"turns":3},{"damage":52,"enemies":"Champ","floor":33,"turns":10}],"seed_played":"7463476478475515855","potions_obtained":[{"floor":2,"key":"BottledMiracle"},{"floor":5,"key":"Ambrosia"},{"floor":7,"key":"Weak Potion"},{"floor":11,"key":"BottledMiracle"},{"floor":20,"key":"Dexterity Potion"},{"floor":20,"key":"DuplicationPotion"},{"floor":24,"key":"SpeedPotion"},{"floor":25,"key":"LiquidBronze"}],"is_trial":false,"path_per_floor":["M","M","M","?","M","R","E","R","T","M","E","T","$","M","R","B",null,"M","?","?","M","?","R","M","E","T","$","M","E","M","$","R","B"],"character_chosen":"WATCHER","items_purchased":["War Paint","Akabeko"],"campfire_rested":1,"item_purchase_floors":[13,27],"current_hp_per_floor":[72,72,72,77,77,77,52,52,52,52,44,44,59,59,59,57,77,64,50,50,38,38,62,62,36,36,51,39,39,29,44,44,0,0],"gold":161,"neow_bonus":"RANDOM_COLORLESS","is_daily":false,"chose_seed":false,"campfire_upgraded":3,"win_rate":0.0,"timestamp":1613140889,"path_taken":["M","M","M","?","M","R","E","R","T","M","E","?","?","M","R","BOSS","M","?","?","?","?","R","M","E","T","$","M","E","M","$","R","BOSS"],"items_purchased_type":["Relic","Relic"],"build_version":"2020-12-22","purchased_purges":2,"victory":false,"max_hp_per_floor":[72,72,72,77,77,77,77,77,77,77,77,77,77,77,77,77,77,77,82,82,82,82,82,82,82,82,82,82,82,82,82,82,82,82],"card_choices":[{"not_picked":["Discovery","Bandage Up"],"picked":"Dramatic Entrance","floor":0},{"not_picked":["BowlingBash","Indignation"],"picked":"JustLucky","floor":1},{"not_picked":["Evaluate","SandsOfTime"],"picked":"Study","floor":2},{"not_picked":["SandsOfTime","CarveReality"],"picked":"Prostrate","floor":3},{"not_picked":["Weave","Evaluate"],"picked":"ForeignInfluence","floor":5},{"not_picked":["Meditate","SignatureMove"],"picked":"FollowUp","floor":7},{"not_picked":["Halt","Weave"],"picked":"EmptyBody","floor":10},{"not_picked":["Vengeance","Nirvana"],"picked":"Wireheading","floor":11},{"not_picked":["FlurryOfBlows","Fasting2"],"picked":"Crescendo","floor":14},{"not_picked":["MasterReality","Omniscience"],"picked":"Ragnarok","floor":16},{"not_picked":["WreathOfFlame","EmptyMind"],"picked":"FlurryOfBlows+1","floor":18},{"not_picked":["EmptyFist","Crescendo"],"picked":"Prostrate","floor":21},{"not_picked":["EmptyBody","FlyingSleeves"],"picked":"CrushJoints+1","floor":24},{"not_picked":["EmptyBody","FollowUp"],"picked":"FlyingSleeves","floor":25},{"not_picked":["Meditate","SashWhip"],"picked":"ClearTheMind","floor":28},{"not_picked":["ForeignInfluence","CrushJoints+1","FlyingSleeves"],"picked":"SKIP","floor":29},{"not_picked":["CutThroughFate","Halt"],"picked":"Protect","floor":30}],"player_experience":2832410,"relics_obtained":[{"floor":7,"key":"Smiling Mask"},{"floor":11,"key":"CaptainsWheel"},{"floor":12,"key":"MealTicket"},{"floor":25,"key":"Matryoshka"},{"floor":26,"key":"Tiny Chest"},{"floor":26,"key":"Happy Flower"},{"floor":29,"key":"MawBank"}],"event_choices":[{"damage_healed":0,"gold_gain":0,"player_choice":"Donut","damage_taken":0,"max_hp_gain":5,"max_hp_loss":0,"event_name":"Big Fish","floor":4,"gold_loss":0},{"damage_healed":0,"gold_gain":0,"player_choice":"Shed Blood","damage_taken":19,"max_hp_gain":5,"max_hp_loss":0,"event_name":"Forgotten Altar","floor":19,"gold_loss":0},{"damage_healed":0,"gold_gain":0,"player_choice":"Bought 2 Potions","damage_taken":0,"max_hp_gain":0,"max_hp_loss":0,"event_name":"The Woman in Blue","floor":20,"gold_loss":0},{"damage_healed":0,"gold_gain":0,"player_choice":"Ignored","damage_taken":0,"max_hp_gain":0,"max_hp_loss":0,"event_name":"Beggar","floor":22,"gold_loss":0}],"is_beta":false,"boss_relics":[{"not_picked":["SacredBark","Ectoplasm"],"picked":"Philosopher\u0027s Stone"}],"items_purged_floors":[13,27],"is_endless":false,"potions_floor_spawned":[2,5,7,11,21,24,25],"killed_by":"Champ","ascension_level":0}}