{"host":"ljaiy5ygc2blx6r2","time":1613100351,"event":{"mods":["Act Like it!","Arknights","BaseMod","Better Vampires","Challenge The Spire","Colored Powertips","Conspire","Gensokyo","HornydragonMod","JesterMod","Koishi","Marisa（F雨　魔理沙）","Minty Spire (QoL Compilation)","Pale of the Ancients","Reimu（博丽灵梦）","Reliquary","Remilia（蕾米莉亚）","Replay The Spire","RumiaBox-露米娅的神秘盒子","SOS（斯巴达之子）","StSLib","TestMod","The Administrix","The Animator","The Bug Knight","The Cursed","The Gatherer","The IronCluck","The Runesmith","The Servant 0.9.4","UnlockEverythingMod","[IsaacMod]以撒尖塔","【功能Mod】聪明的最终Boss","【遗物卡牌】REMEMod","篝火指南"],"gold_per_floor":[119,132,232,261,280,311,311,321,321,271,271,299,299,313,313,429,429,429,369,379,0,0,0,37,47,47,47,47,447,447,460,460,564,564,584,602,622,622,636,636,936,947,993,993,526,561,571,589,28,0],"floor_reached":51,"language":"ZHS","playtime":2083,"items_purged":["ats:Strike G"],"score":859,"play_id":"08402909-681c-4376-a47f-fa86320b63fb","local_time":"20210212112551","is_ascension_mode":false,"campfire_choices":[{"floor":7.0,"key":"REST"},{"data":"1","floor":11.0,"key":"LIFT"},{"data":"Tools of the Trade","floor":13.0,"key":"SMITH"},{"floor":15.0,"key":"REST"},{"data":"REME_Flogging","floor":23.0,"key":"SMITH"},{"data":"J.A.X.","floor":28,"key":"SMITH"},{"data":"ats:Durian","floor":30,"key":"SMITH"},{"data":"2","floor":32,"key":"LIFT"},{"data":"3","floor":40,"key":"LIFT"}],"circlet_count":0,"master_deck":["ats:Strike C","ats:Strike S","ats:Strike V","ats:Armor Crushing Shot","ats:Defend","ats:Defend","ats:Defend","ats:Defend","ats:Emotion Absorption","Tools of the Trade+1","ats:Hammer On","ats:Encircling Forest","ats:Apocalypse","ats:Leaping Hammer","ats:Durian+1","ats:Cat Scratch","conspire:SpireCoStock","ats:Explosion Area Strengthen","ats:Thermite Blade","ats:Calcification","REME_Flogging+1","ats:Revitalization+1","ats:Flexible Camouflage","ats:Volcano","ats:Chain Hook","Dramatic Entrance","ats:Very Hot Blade","ats:Phantom","ats:Rapid Magazine","ats:Magnetic Hammer+1","J.A.X.+1","ats:Collapsing Strike","ats:Nebulous Foxfire","ats:Leaping Hammer+1","ats:Consecutive Shot Auto+1","ats:Overload+1","ats:Guardian Obelisk","ats:Healing Drone+1","ats:Curse Doll","ats:Wolf Pack","ats:Automatic Cover","ats:Sunburst","Blind","ats:Ignite","ats:Overload+1","ats:Very Hot Blade+1","ats:Spore Proliferation"],"relics":["ats:Sanity","HushsDoor","REME_ComplimentaryCards","BookOfRevelations","testmod-ConstraintPeriapt","Vajra","Baka","Leech","ats:Originium","reliquary:ExpiredCoupon","Girya","Garlic","MagicMushroom","Question Card","REME_HourglassOfDeath","testmod-Nyarlathotep","Painkiller Herb","testmod-LifeArmor","reliquary:RosewoodLute","ZombieArmy","Snack Pack","ats:Defend"],"acts_visited":["Exordium","TheCity","TheBeyond"],"potions_floor_usage":[50],"damage_taken":[{"damage":4.0,"enemies":"2 Louse","floor":1.0,"turns":3.0},{"damage":22.0,"enemies":"Cultist","floor":2.0,"turns":4.0},{"damage":24.0,"enemies":"conspire:MimicChest","floor":4.0,"turns":5.0},{"damage":0.0,"enemies":"Small Slimes","floor":5.0,"turns":2.0},{"damage":23.0,"enemies":"Replay:BlueRogue","floor":6.0,"turns":6.0},{"damage":6.0,"enemies":"Blue Slaver","floor":8.0,"turns":3.0},{"damage":43.0,"enemies":"Lagavulin","floor":12.0,"turns":4.0},{"damage":3.0,"enemies":"Red Slaver","floor":14.0,"turns":4.0},{"damage":17.0,"enemies":"Fading Forest","floor":16.0,"turns":11.0},{"damage":0.0,"enemies":"Chosen","floor":18.0,"turns":3.0},{"damage":0.0,"enemies":"Shell Parasite","floor":20.0,"turns":1.0},{"damage":0.0,"enemies":"Gremlin Leader","floor":24.0,"turns":2.0},{"damage":0.0,"enemies":"Centurion and Healer","floor":25.0,"turns":1.0},{"damage":8,"enemies":"conspire:HollyBat","floor":31,"turns":6},{"damage":11,"enemies":"Champ","floor":33,"turns":7},{"damage":0,"enemies":"3 Shapes","floor":35,"turns":1},{"damage":0,"enemies":"Orb Walker","floor":36,"turns":2},{"damage":1,"enemies":"Sphere and 2 Shapes","floor":37,"turns":2},{"damage":15,"enemies":"Writhing Mass","floor":39,"turns":2},{"damage":0,"enemies":"3 Darklings","floor":42,"turns":2},{"damage":0,"enemies":"4 Shapes","floor":44,"turns":2},{"damage":0,"enemies":"Reptomancer","floor":46,"turns":3},{"damage":0,"enemies":"Jaw Worm Horde","floor":47,"turns":1},{"damage":0,"enemies":"3 Darklings","floor":48,"turns":2},{"damage":0,"enemies":"Time Eater","floor":50,"turns":8}],"seed_played":"-3113210545701358186","potions_obtained":[{"floor":2.0,"key":"Strength Potion"},{"floor":6.0,"key":"Elixir"},{"floor":8.0,"key":"ZuzhouPotion:ReiMu"},{"floor":18.0,"key":"Swift Potion"},{"floor":36,"key":"LifebloodPotion"}],"is_trial":false,"path_per_floor":["M","M","?","?","M","E","R","M","T","?","R","E","R","M","R","B",null,"M","?","M","$","?","R","E","M","T","?","R","?","R","M","R","B",null,"?","?","?","?","?","T","?","?","T","?","T","E","?","?","T","B",null],"character_chosen":"DOCTOR_CLASS","items_purchased":["REME_Flogging","Question Card","ats:Volcano","ats:Chain Hook","ats:Wolf Pack","ats:Automatic Cover","ats:Sunburst","Blind","ZombieArmy","Snack Pack","ats:Defend"],"campfire_rested":2,"item_purchase_floors":[17,21,21,21,45,45,45,45,49,49,49],"current_hp_per_floor":[69,59,59,37,43,32,53,63,63,63,63,38,38,38,59,60,72,72,72,72,72,72,72,72,72,72,72,72,72,72,64,64,62,72,72,72,72,82,69,69,69,75,75,77,77,82,82,82,82,82],"gold":0,"neow_bonus":"RANDOM_COMMON_RELIC","is_daily":false,"chose_seed":false,"campfire_upgraded":4,"win_rate":0.0,"timestamp":1613100351,"path_taken":["M","M","?","?","?","E","R","M","T","?","R","E","R","M","R","BOSS","M","?","M","$","?","R","E","?","T","?","R","?","R","M","R","BOSS","?","?","?","?","?","T","?","?","T","?","T","E","?","?","T","BOSS"],"items_purchased_type":["Card","Relic","Card","Card","Card","Card","Card","Card","Relic","Relic","Card"],"build_version":"2020-12-22","purchased_purges":1,"victory":true,"max_hp_per_floor":[72,72,72,72,72,72,72,72,72,72,72,70,70,70,70,70,72,72,72,72,72,72,72,72,72,72,72,72,72,72,72,72,72,72,72,72,72,82,82,82,82,82,82,82,82,82,82,82,82,82],"card_choices":[{"not_picked":[],"picked":"ChaosCard","floor":0.0},{"not_picked":["ats:Curse Doll","ats:Poison Spread"],"picked":"ats:Hammer On","floor":1.0},{"not_picked":["ats:Absolute Focus","ats:Revitalization"],"picked":"ats:Encircling Forest","floor":2.0},{"not_picked":["ats:Curse Doll","ats:Absolute Focus"],"picked":"ats:Apocalypse","floor":4.0},{"not_picked":["ats:Revitalization","ats:Poison Spread"],"picked":"ats:Leaping Hammer","floor":5.0},{"not_picked":["ats:Defend Order","ats:Collapsing Strike"],"picked":"ats:Durian","floor":6.0},{"not_picked":["ats:Defend Order","ats:Guard Mode"],"picked":"ats:Cat Scratch","floor":8.0},{"not_picked":["ats:Demon Strength","ats:Revitalization"],"picked":"ats:Explosion Area Strengthen","floor":12.0},{"not_picked":["ats:Chain Hook","ats:Healing Strengthening"],"picked":"ats:Thermite Blade","floor":14.0},{"not_picked":["ats:True Silver Slash","ats:Volcano"],"picked":"ats:Calcification","floor":16.0},{"not_picked":["ats:Burning Ground","ats:Apocalypse"],"picked":"ats:Revitalization+1","floor":18.0},{"not_picked":["ats:Consecutive Shot Auto","ats:Curse Doll"],"picked":"ats:Flexible Camouflage","floor":20.0},{"not_picked":["ats:Closed Bolt Burst Fire","ats:Revitalization+1","ats:Leaping Hammer"],"picked":"ats:Rapid Magazine","floor":24.0},{"not_picked":["ats:Very Hot Blade+1","ats:Serious Mode","ats:Apocalypse"],"picked":"ats:Magnetic Hammer+1","floor":25.0},{"not_picked":["ats:Leaping Hammer","ats:Closed Bolt Burst Fire","ats:Absolute Focus"],"picked":"ats:Collapsing Strike","floor":31},{"not_picked":["ats:Ambush","ats:Dogmatic Field","ats:Calcification"],"picked":"ats:Nebulous Foxfire","floor":33},{"not_picked":["ats:Collapsing Strike+1","ats:Guard Mode","ats:Revitalization+1"],"picked":"ats:Leaping Hammer+1","floor":35},{"not_picked":["ats:Revitalization+1","ats:Defend Order+1","ats:Leaping Hammer"],"picked":"ats:Consecutive Shot Auto+1","floor":36},{"not_picked":["ats:Revitalization","ats:Collapsing Strike+1","ats:Explosion Area Strengthen"],"picked":"ats:Overload+1","floor":37},{"not_picked":["ats:Very Hot Blade","ats:Revitalization+1","ats:Assault Order"],"picked":"ats:Guardian Obelisk","floor":39},{"not_picked":["ats:Explosion Area Strengthen+1","ats:Curse Doll","ats:Thermite Blade+1"],"picked":"ats:Healing Drone+1","floor":42},{"not_picked":["ats:LN2 Cannon+1","ats:Burning Ground","ats:Support Order"],"picked":"ats:Curse Doll","floor":44},{"not_picked":["ats:Assault Order+1","ats:Shell Defense+1","ats:Healing Strengthening"],"picked":"ats:Ignite","floor":46},{"not_picked":["ats:Encircling Forest","ats:Apocalypse","ats:Assault Order"],"picked":"ats:Very Hot Blade+1","floor":47},{"not_picked":["ats:True Silver Slash","ats:Consecutive Shot Auto+1","ats:Revitalization"],"picked":"ats:Spore Proliferation","floor":48}],"player_experience":222064,"relics_obtained":[{"floor":1.0,"key":"Baka"},{"floor":4.0,"key":"Leech"},{"floor":6.0,"key":"ats:Originium"},{"floor":6.0,"key":"reliquary:ExpiredCoupon"},{"floor":9.0,"key":"Girya"},{"floor":12.0,"key":"ats:Originium"},{"floor":12.0,"key":"Garlic"},{"floor":24.0,"key":"ats:Originium"},{"floor":24.0,"key":"REME_HourglassOfDeath"},{"floor":26.0,"key":"testmod-Nyarlathotep"},{"floor":43,"key":"testmod-LifeArmor"},{"floor":46,"key":"ats:Originium"},{"floor":46,"key":"reliquary:RosewoodLute"}],"event_choices":[{"damage_healed":0.0,"max_hp_gain":0.0,"max_hp_loss":0.0,"gold_gain":100.0,"event_name":"Golden Shrine","player_choice":"Pray","floor":3.0,"gold_loss":0.0,"damage_taken":0.0},{"damage_healed":0.0,"max_hp_gain":0.0,"max_hp_loss":0.0,"gold_gain":0.0,"event_name":"conspire:Investor","player_choice":"Invest 1","floor":10.0,"gold_loss":0.0,"damage_taken":0.0},{"damage_healed":0.0,"max_hp_gain":0.0,"max_hp_loss":0.0,"gold_gain":0.0,"event_name":"Match and Keep!","player_choice":"4 cards matched","floor":22.0,"gold_loss":0.0,"damage_taken":0.0,"cards_obtained":["Dramatic Entrance","ats:Roar Of Ursus","ats:Very Hot Blade","ats:Phantom"]},{"damage_healed":0,"gold_gain":0,"player_choice":"Obtain J.A.X.","damage_taken":0,"max_hp_gain":0,"max_hp_loss":0,"event_name":"Drug Dealer","floor":27,"gold_loss":0,"cards_obtained":["J.A.X."]},{"damage_healed":0,"gold_gain":400,"player_choice":"Sell","damage_taken":0,"max_hp_gain":0,"max_hp_loss":0,"event_name":"恩洛斯的盘子","floor":29,"relics_lost":["testmod-TestBox"],"gold_loss":0},{"cards_removed":["ats:Roar Of Ursus"],"damage_healed":0,"gold_gain":0,"player_choice":"Offered Rare","damage_taken":0,"max_hp_gain":10,"max_hp_loss":0,"event_name":"Bonfire Elementals","floor":38,"gold_loss":0},{"damage_healed":0,"gold_gain":300,"player_choice":"Gold","damage_taken":0,"max_hp_gain":0,"max_hp_loss":0,"event_name":"Wheel of Change","floor":41,"gold_loss":0}],"is_beta":false,"boss_relics":[{"not_picked":["testmod-Prudence","Snecko Eye"],"picked":"MagicMushroom"},{"not_picked":[]},{"not_picked":["Honey Jar","Coffee Dripper"],"picked":"Painkiller Herb"},{"not_picked":[]}],"items_purged_floors":[45],"is_endless":false,"potions_floor_spawned":[2,6,8,12,18,20,31,33,35,36,37,47,48],"ascension_level":0}}