{"host":"78azdv0oxplymbah","time":1613117525,"event":{"mods":["Aspiration","BaseMod","Better Third Choice","BetterRewards","Challenge The Spire","Conspire","Highlight Path","Mimic Mod","Minty Spire (QoL Compilation)","Quick Restart","Reimu（博丽灵梦）","Relic Stats","Remilia（蕾米莉亚）","Remove Card Discount Mod","Replay The Spire","RumiaBox-露米娅的神秘盒子","Spicy Shops","StSLib","TestMod","The Administrix","The Servant 0.9.4","UnlockEverythingMod","Waifu the Spire","Youmu（魂魄妖梦）","[功能]功能增强和修复MOD","【功能Mod】混沌之环修复补丁","【遗物卡牌】REMEMod"],"gold_per_floor":[118,135,135,135,19,49,49,49,49,84,484,518,529,556,556,1145,1145,1996,1857,2057,2100,2187,2187],"floor_reached":22,"language":"ZHS","playtime":1294,"items_purged":["Poor:ReiMu","Strike_B","Strike_B","Strike_B","Defend_B","Aggregate","Defend_B","Defend_B","ReplayTheSpireMod:Splinters","Normality","Doubt","conspire:NecroticWound","Strike_B+1","Defend_B+1","Injury","Ball Lightning","Zap","Sweeping Beam","Envy_TH","Languid","Writhe"],"score":616,"play_id":"856ba109-71f9-4a68-b18b-e2ac85db49a5","local_time":"20210212161205","is_ascension_mode":true,"campfire_choices":[{"floor":8,"key":"REST"},{"floor":15,"key":"REST"}],"circlet_count":1,"master_deck":["AscendersBane","Dualcast","Creative AI","Coolheaded","ReplayRNGCard+1","Buffer","White Noise+1","Panic Button+1","Storm+1","REME_Fury+1","Electrodynamics","Amplify+1","Biased Cognition","ReplayTheSpireMod:Fabricate Wheel+1","Buffer","ReplayTheSpireMod:Dual Polarity+1","Shuttle+1","testmod-ShutDown","Buffer","Buffer","ReplayRNGCard+1","BasicCrystalCard+1","Buffer","Redo+1","Amplify+1","Storm"],"relics":["REME_ComplimentaryCards","testmod-AscensionHeart","Black Star","YidongShenshe:ReiMu","Prayer Wheel","Gremlin Horn","Meat on the Bone","Raider\u0027s Mask","conspire:TreasureMap","Ice Cream","Replay:Wax Seal","Toxic Egg 2","Prayer Wheel","testmod-DragonStarHat","testmod-HeartOfDaVinci","aspiration:FetidBarrel","aspiration:ChemicalBlood","aspiration:SeaSaltIceCream","Circlet","Red Skull","Molten Egg 2","REME_ArchaeologicalTools","REME_DemonsWealth","Blue Doll","ReplayTheSpireMod:Shallot","BargainBundle","TentaclePot:ReiMu","KneeBrace","Replay:WaspNest","Orrery","aspiration:DSix","Anchor","aspiration:KaomsHeart"],"acts_visited":["Exordium","TheCity"],"potions_floor_usage":[10,10,12],"damage_taken":[{"damage":26.0,"enemies":"Jaw Worm","floor":1.0,"turns":7.0},{"damage":1.0,"enemies":"Small Slimes","floor":2.0,"turns":3.0},{"damage":24,"enemies":"3 Sentries","floor":6,"turns":5},{"damage":37,"enemies":"Gremlin Nob","floor":10,"turns":4},{"damage":20,"enemies":"Lagavulin","floor":12,"turns":7},{"damage":5,"enemies":"2 Louse","floor":13,"turns":3},{"damage":23,"enemies":"3 Sentries","floor":14,"turns":4},{"damage":18,"enemies":"Slime Boss","floor":16,"turns":6},{"damage":20,"enemies":"2 Thieves","floor":18,"turns":2},{"damage":0,"enemies":"Chosen","floor":22,"turns":4}],"seed_played":"3135480422932252669","potions_obtained":[{"floor":6,"key":"testmod-TestPotion"},{"floor":6,"key":"SteroidPotion"},{"floor":10,"key":"Fruit Juice"},{"floor":10,"key":"LiquidMemories"},{"floor":12,"key":"SkillPotion"},{"floor":12,"key":"PowerPotion"}],"is_trial":false,"path_per_floor":["M","M","?","?","$","E","?","R","T","E","?","E","M","E","R","B",null,"M","$","?","$","MIM"],"character_chosen":"DEFECT","items_purchased":["Prayer Wheel","Gremlin Horn","Meat on the Bone","Raider\u0027s Mask","conspire:TreasureMap","Blue Doll","ReplayTheSpireMod:Shallot","BargainBundle","TentaclePot:ReiMu","KneeBrace","Replay:WaspNest","testmod-ShutDown","Buffer","Orrery","aspiration:DSix","Amplify+1","Anchor","aspiration:KaomsHeart","PaperSwan","Geode"],"campfire_rested":2,"item_purchase_floors":[5,5,5,5,5,19,19,19,19,19,19,19,19,21,21,21,21,21,21,21],"current_hp_per_floor":[39,39,39,29,29,19,19,40,40,28,28,25,33,24,48,48,76,57,57,57,157,158,158],"gold":2187,"neow_bonus":"BOSS_RELIC","is_daily":false,"chose_seed":false,"campfire_upgraded":0,"win_rate":0.0,"timestamp":1613117525,"path_taken":["M","M","?","?","$","E","?","R","T","E","?","E","M","E","R","BOSS","M","$","?","?","?"],"items_purchased_type":["Relic","Relic","Relic","Relic","Relic","Relic","Relic","Relic","Relic","Relic","Relic","Card","Card","Relic","Relic","Card","Relic","Relic","Relic","Relic"],"build_version":"2020-12-22","purchased_purges":21,"victory":false,"max_hp_per_floor":[71,71,71,71,71,72,72,72,72,78,78,79,79,80,80,85,85,85,85,85,185,185,185],"relic_stats":{"Gremlin Horn":[5,5],"counters":[10,45],"Prayer Wheel":3,"Black Star":4,"obtain_stats":[{"Ice Cream":6,"KneeBrace":19,"Gremlin Horn":5,"Blue Doll":19,"Raider\u0027s Mask":5,"testmod-AscensionHeart":0,"REME_DemonsWealth":17,"Prayer Wheel":5,"testmod-DragonStarHat":10,"REME_ArchaeologicalTools":16,"Replay:Wax Seal":6,"Toxic Egg 2":7,"Cracked Core":0,"aspiration:DSix":21,"Red Skull":14,"aspiration:ChemicalBlood":12,"conspire:TreasureMap":5,"BargainBundle":19,"testmod-TestBox":0,"aspiration:FetidBarrel":12,"TentaclePot:ReiMu":19,"Circlet":14,"Replay:WaspNest":19,"aspiration:SeaSaltIceCream":14,"Anchor":21,"ReplayTheSpireMod:Shallot":19,"Orrery":21,"Molten Egg 2":16,"aspiration:KaomsHeart":21,"Black Star":0,"YidongShenshe:ReiMu":3,"REME_ComplimentaryCards":0,"Meat on the Bone":5,"testmod-HeartOfDaVinci":10},{"Ice Cream":3,"KneeBrace":9,"Gremlin Horn":2,"Blue Doll":9,"Raider\u0027s Mask":2,"testmod-AscensionHeart":0,"REME_DemonsWealth":8,"Prayer Wheel":2,"testmod-DragonStarHat":4,"REME_ArchaeologicalTools":8,"Replay:Wax Seal":3,"Toxic Egg 2":3,"Cracked Core":0,"aspiration:DSix":9,"Red Skull":7,"aspiration:ChemicalBlood":5,"conspire:TreasureMap":2,"BargainBundle":9,"testmod-TestBox":0,"aspiration:FetidBarrel":5,"TentaclePot:ReiMu":9,"Circlet":7,"Replay:WaspNest":9,"aspiration:SeaSaltIceCream":7,"Anchor":9,"ReplayTheSpireMod:Shallot":9,"Orrery":9,"Molten Egg 2":8,"aspiration:KaomsHeart":9,"Black Star":0,"YidongShenshe:ReiMu":2,"REME_ComplimentaryCards":0,"Meat on the Bone":2,"testmod-HeartOfDaVinci":4},{"Ice Cream":15,"KneeBrace":41,"Gremlin Horn":10,"Blue Doll":41,"Raider\u0027s Mask":10,"testmod-AscensionHeart":0,"REME_DemonsWealth":39,"Prayer Wheel":10,"testmod-DragonStarHat":19,"REME_ArchaeologicalTools":39,"Replay:Wax Seal":15,"Toxic Egg 2":15,"Cracked Core":0,"aspiration:DSix":41,"Red Skull":33,"aspiration:ChemicalBlood":26,"conspire:TreasureMap":10,"BargainBundle":41,"testmod-TestBox":0,"aspiration:FetidBarrel":26,"TentaclePot:ReiMu":41,"Circlet":33,"Replay:WaspNest":41,"aspiration:SeaSaltIceCream":33,"Anchor":41,"ReplayTheSpireMod:Shallot":41,"Orrery":41,"Molten Egg 2":39,"aspiration:KaomsHeart":41,"Black Star":0,"YidongShenshe:ReiMu":10,"REME_ComplimentaryCards":0,"Meat on the Bone":10,"testmod-HeartOfDaVinci":19}],"Meat on the Bone":72},"card_choices":[{"not_picked":["ReplayGash","Beam Cell"],"picked":"Sweeping Beam","floor":1.0},{"not_picked":["Rebound","BootSequence"],"picked":"Aggregate","floor":1.0},{"not_picked":["ReplayTheSpireMod:Calculation Training","Turbo"],"picked":"Coolheaded","floor":1.0},{"not_picked":["REME_Whirling","Turbo"],"picked":"Ball Lightning","floor":2.0},{"not_picked":["Gash","ReplayTheSpireMod:Calculation Training"],"picked":"Fusion","floor":2.0},{"not_picked":["Sweeping Beam","Conserve Battery","Beam Cell"],"picked":"SKIP","floor":2.0},{"not_picked":["ReplayTheSpireMod:Omega Cannon","ReplayTheSpireMod:Omega Cannon"],"picked":"ReplayTheSpireMod:Fabricate Wheel","floor":6},{"not_picked":["Fission","Fission"],"picked":"ReplayRNGCard","floor":10},{"not_picked":["Amplify","Machine Learning","Echo Form"],"picked":"Buffer","floor":12},{"not_picked":["Genetic Algorithm+1","Barrage"],"picked":"White Noise+1","floor":13},{"not_picked":["REME_Compress+1","Sweeping Beam"],"picked":"Panic Button+1","floor":13},{"not_picked":["Reinforced Body+1","Turbo+1"],"picked":"BasicCrystalCard+1","floor":13},{"not_picked":["ReplayTheSpireMod:GoodbyeWorld","REME_SelfUpgrade"],"picked":"Storm","floor":13},{"not_picked":["Hologram+1","Streamline","Reinforced Body+1"],"picked":"SKIP","floor":13},{"not_picked":["Core Surge","ReplayTheSpireMod:Omega Cannon","Machine Learning"],"picked":"SKIP","floor":14},{"not_picked":["Rainbow+1","ReplayRNGCard+1","All For One"],"picked":"Electrodynamics","floor":16},{"not_picked":["Echo Form","Buffer","REME_Shoggoth"],"picked":"Amplify+1","floor":16},{"not_picked":["Echo Form","All For One","Thunder Strike"],"picked":"Biased Cognition","floor":16},{"not_picked":["REME_ForAll","Meteor Strike","Mirror Shield+1"],"picked":"ReplayTheSpireMod:Fabricate Wheel+1","floor":16},{"not_picked":["Mirror Shield+1","REME_ForAll+1","Thunder Strike+1"],"picked":"Buffer","floor":16},{"not_picked":["ReplayGash+1","Machine Learning","Conserve Battery+1"],"picked":"ReplayTheSpireMod:Splinters","floor":18},{"not_picked":["Skim+1","Conserve Battery+1","conspire:Blindness"],"picked":"ReplayTheSpireMod:Dual Polarity+1","floor":18},{"not_picked":["Stack+1","BasicCrystalCard+1","Go for the Eyes+1"],"picked":"Normality","floor":18},{"not_picked":["Streamline+1","ReplaySort+1","Auto Shields+1"],"picked":"Doubt","floor":18},{"not_picked":["Ball Lightning+1","Redo+1","Coolheaded+1"],"picked":"conspire:NecroticWound","floor":18},{"not_picked":["Sweeping Beam+1","Compile Driver+1","Spreading Infection"],"picked":"ReplayRNGCard+1","floor":21},{"not_picked":["FTL+1","Gash+1","Amnesia"],"picked":"BasicCrystalCard+1","floor":21},{"not_picked":["Genetic Algorithm+1","Skim+1","ReplayTheSpireMod:Restless Dread"],"picked":"Buffer","floor":21},{"not_picked":["Go for the Eyes+1","ReplayTheSpireMod:System Scan+1","BootSequence+1"],"picked":"Languid","floor":21},{"not_picked":["Genetic Algorithm+1","Rip and Tear+1","ReplayTheSpireMod:IOU"],"picked":"Redo+1","floor":21},{"not_picked":["ReplayTheSpireMod:Dual Polarity+1","Coolheaded+1","Amnesia"],"picked":"Storm","floor":22}],"player_experience":62336,"relics_obtained":[{"floor":6,"key":"Ice Cream"},{"floor":6,"key":"Replay:Wax Seal"},{"floor":10,"key":"testmod-DragonStarHat"},{"floor":10,"key":"testmod-HeartOfDaVinci"},{"floor":12,"key":"aspiration:FetidBarrel"},{"floor":12,"key":"aspiration:ChemicalBlood"},{"floor":14,"key":"aspiration:SeaSaltIceCream"},{"floor":14,"key":"Red Skull"},{"floor":16,"key":"Molten Egg 2"},{"floor":16,"key":"REME_ArchaeologicalTools"},{"floor":22,"key":"aspiration:KMNothing"}],"event_choices":[{"damage_healed":0.0,"max_hp_gain":0.0,"max_hp_loss":0.0,"gold_gain":0.0,"event_name":"yidonshenshe","player_choice":"带走神社","floor":3.0,"gold_loss":0.0,"damage_taken":0.0,"relics_obtained":["YidongShenshe:ReiMu"],"cards_obtained":["Poor:ReiMu"]},{"damage_healed":39.0,"max_hp_gain":0.0,"max_hp_loss":71.0,"gold_gain":0.0,"event_name":"betterThird:BetterShining","player_choice":"Upgrade","floor":4.0,"gold_loss":0.0,"damage_taken":21.0,"cards_upgraded":["Defend_B","Strike_B"]},{"damage_healed":0,"gold_gain":400,"player_choice":"Sell","damage_taken":0,"max_hp_gain":0,"max_hp_loss":0,"event_name":"恩洛斯的盘子","floor":11,"relics_lost":["testmod-TestBox"],"gold_loss":0}],"is_beta":false,"boss_relics":[{"not_picked":["testmod-TimeTraveler","aspiration:RunicSpoon"],"picked":"REME_DemonsWealth"}],"items_purged_floors":[5,5,5,5,5,5,5,5,19,19,19,19,19,19,19,19,19,19,21,21,21],"is_endless":false,"potions_floor_spawned":[6,6,10,10,12,12,12,13,14,14,16,18],"killed_by":"Chosen","ascension_level":20}}