{"host":"f2zkc2gsfwbibc34","time":1613126433,"event":{"mods":["AchievementEnabler","BaseMod","Better Note","Colored Map","Colored Powertips","Defuse TimeMaze Blight","Downfall","Minty Spire (QoL Compilation)","Permanent Neow","StSLib","SuperFastMode"],"gold_per_floor":[99,118,137,7973,7986,8051,8078,8119,8131,8131,8131],"floor_reached":9,"language":"ENG","playtime":478,"items_purged":["bronze:Strike"],"score":51,"play_id":"1624049c-899f-4345-8db8-0564574cedc4","local_time":"20210212114033","is_ascension_mode":false,"campfire_choices":[{"data":"bronze:Goto","floor":1.0,"key":"SMITH"}],"circlet_count":0,"master_deck":["bronze:Strike","bronze:Strike","bronze:Strike","bronze:Defend","bronze:Defend","bronze:Defend","bronze:Defend","bronze:Replicate","bronze:Goto+1","Finesse","bronze:DigitalCarnage","bronze:Optimize","bronze:BuggyMess","bronze:ChosenStrike","bronze:FineTuning","bronze:Fortify","bronze:ClassDefault","bronze:Allocate"],"relics":["bronze:BronzeCore","Mango","Meat on the Bone","OrangePellets","Centennial Puzzle","MawBank","Odd Mushroom"],"acts_visited":["Exordium"],"potions_floor_usage":[],"damage_taken":[{"damage":0.0,"enemies":"Cultist","floor":2.0,"turns":4.0},{"damage":1,"enemies":"Jaw Worm","floor":3,"turns":3},{"damage":5,"enemies":"downfall:FleeingMerchant","floor":4,"turns":4},{"damage":1,"enemies":"Small Slimes","floor":5,"turns":3},{"damage":22,"enemies":"Gremlin Nob","floor":6,"turns":4},{"damage":22,"enemies":"The Mushroom Lair","floor":8,"turns":4},{"damage":55,"enemies":"Lagavulin","floor":9,"turns":6}],"seed_played":"7015882841028817745","potions_obtained":[{"floor":3,"key":"SteroidPotion"},{"floor":5,"key":"bronze:CleanCodePotion"},{"floor":6,"key":"Swift Potion"}],"is_trial":false,"path_per_floor":["R","M","M","$","M","?","T","?","E"],"character_chosen":"THE_AUTOMATON","items_purchased":["bronze:ChosenStrike","Mango","Meat on the Bone","OrangePellets","bronze:FineTuning"],"campfire_rested":0,"item_purchase_floors":[4,4,4,4,4],"current_hp_per_floor":[70,70,69,78,77,55,55,45,0,0,0],"gold":8131,"neow_bonus":"RANDOM_COLORLESS","is_daily":false,"chose_seed":false,"campfire_upgraded":1,"win_rate":0.0,"timestamp":1613126433,"path_taken":["R","?","M","$","M","?","T","?","E"],"items_purchased_type":["Card","Relic","Relic","Relic","Card"],"build_version":"2020-12-22","purchased_purges":1,"victory":false,"max_hp_per_floor":[70,70,70,84,84,84,84,84,84,84,84],"card_choices":[{"not_picked":["Good Instincts","Discovery"],"picked":"Finesse","floor":0.0},{"not_picked":["bronze:DelayedGuard","bronze:BugBarrage"],"picked":"bronze:DigitalCarnage","floor":2},{"not_picked":["bronze:WildBeam","bronze:Return"],"picked":"bronze:Optimize","floor":3},{"not_picked":["bronze:Branch","bronze:DelayedGuard"],"picked":"bronze:BuggyMess","floor":4},{"not_picked":["bronze:Frontload","bronze:FineTuning"],"picked":"bronze:Fortify","floor":5},{"not_picked":["bronze:Iterate","bronze:ChosenStrike"],"picked":"bronze:ClassDefault","floor":6},{"not_picked":["bronze:Turbo","bronze:WildBeam"],"picked":"bronze:Allocate","floor":8}],"player_experience":102705,"relics_obtained":[{"floor":6,"key":"Centennial Puzzle"},{"floor":7,"key":"MawBank"},{"floor":8,"key":"Odd Mushroom"}],"event_choices":[{"damage_healed":0,"gold_gain":0,"player_choice":"Fought Mushrooms","damage_taken":0,"max_hp_gain":0,"max_hp_loss":0,"event_name":"Mushrooms","floor":8,"gold_loss":0}],"is_beta":false,"boss_relics":[],"items_purged_floors":[4],"is_endless":false,"potions_floor_spawned":[3,5,6],"killed_by":"Lagavulin","ascension_level":0}}