{"host":"j5shy70asow5koz5","time":1613117043,"event":{"mods":["2.2 Compatiblity","Act Like it!","Arknights","BaseMod","Colored Map","Marisa£¨Ùöéë¡¡Øª×âÞÞ£©","Minty Spire (QoL Compilation)","Prisma Mod","StSLib","SuperFastMode","Td1madao Mod","The Disciple","The Gatherer","The Servant 0.9.4","Waifu the Spire"],"gold_per_floor":[114,127,127,52,63,63,74,74,101,117,217,248,248,278,278,373,373,388,403,421,175,190,190,190,190],"floor_reached":24,"language":"KOR","playtime":455,"items_purged":["Strike_MRS","Strike_MRS"],"score":258,"play_id":"caa70384-11ba-49b2-ae61-e2aa02d33bda","local_time":"20210212170403","is_ascension_mode":false,"campfire_choices":[{"data":"Sunder","floor":6.0,"key":"SMITH"},{"data":"MasterSpark","floor":8.0,"key":"SMITH"},{"data":"PropBag","floor":13.0,"key":"SMITH"},{"floor":15.0,"key":"REST"},{"floor":23,"key":"REST"}],"circlet_count":0,"master_deck":["Strike_MRS","Strike_MRS","Defend_MRS","Defend_MRS","Defend_MRS","Defend_MRS","MasterSpark+1","UpSweep","PowerUp","MachineGunSpark","Sunder+1","PropBag+1","GrandCross","UnstableBomb","PowerUp","GrandCross","AsteroidBelt"],"relics":["MiniHakkero","Pen Nib","Happy Flower","Turnip","SlaversCollar","TheAbacus","Letter Opener"],"acts_visited":["Exordium","TheCity"],"potions_floor_usage":[22],"damage_taken":[{"damage":6.0,"enemies":"Jaw Worm","floor":1.0,"turns":3.0},{"damage":6.0,"enemies":"Cultist","floor":2.0,"turns":3.0},{"damage":0.0,"enemies":"Small Slimes","floor":5.0,"turns":3.0},{"damage":20.0,"enemies":"Gremlin Gang","floor":7.0,"turns":4.0},{"damage":10.0,"enemies":"Looter","floor":10.0,"turns":3.0},{"damage":3.0,"enemies":"3 Sentries","floor":12.0,"turns":4.0},{"damage":26.0,"enemies":"Lagavulin","floor":14.0,"turns":4.0},{"damage":0.0,"enemies":"Slime Boss","floor":16.0,"turns":3.0},{"damage":10.0,"enemies":"Chosen","floor":18.0,"turns":2.0},{"damage":10.0,"enemies":"Spheric Guardian","floor":19.0,"turns":3.0},{"damage":36.0,"enemies":"Shelled Parasite and Fungi","floor":20.0,"turns":5.0},{"damage":17,"enemies":"Snake Plant","floor":22,"turns":4},{"damage":0,"enemies":"Cultist and Chosen","floor":24,"turns":1}],"seed_played":"321550444482141474","potions_obtained":[{"floor":1.0,"key":"LiquidMemories"},{"floor":2.0,"key":"Swift Potion"},{"floor":7.0,"key":"SteroidPotion"},{"floor":14.0,"key":"DistilledChaos"},{"floor":18.0,"key":"SpeedPotion"},{"floor":20,"key":"Block Potion"},{"floor":22,"key":"Block Potion"}],"is_trial":false,"path_per_floor":["M","M","?","$","M","R","M","R","T","M","?","E","R","E","R","B",null,"M","M","M","$","M","R","M"],"character_chosen":"MARISA","items_purchased":["TheAbacus"],"campfire_rested":2,"item_purchase_floors":[21],"current_hp_per_floor":[69,63,63,63,63,63,43,43,43,33,33,30,30,4,26,26,75,65,55,19,19,2,24,24,24],"gold":190,"neow_bonus":"THREE_CARDS","is_daily":false,"chose_seed":false,"campfire_upgraded":3,"win_rate":0.0,"timestamp":1613117043,"path_taken":["M","M","?","$","M","R","M","R","T","?","?","E","R","E","R","BOSS","M","?","?","$","M","R","M"],"items_purchased_type":["Relic"],"build_version":"2020-12-22","purchased_purges":2,"victory":false,"max_hp_per_floor":[75,75,75,75,75,75,75,75,75,75,75,75,75,75,75,75,75,75,75,75,75,75,75,75,75],"card_choices":[{"not_picked":["Acceleration","WitchOfGreed"],"picked":"PowerUp","floor":0.0},{"not_picked":["OneTimeOff","WitchOfGreed"],"picked":"MachineGunSpark","floor":1.0},{"not_picked":["WitchLeyline","FairyDestructionRay"],"picked":"PowerUp","floor":2.0},{"not_picked":["Orbital","GalacticHalo"],"picked":"PropBag","floor":5.0},{"not_picked":["GasGiant","EarthLightRay"],"picked":"GrandCross","floor":7.0},{"not_picked":["Robbery","WitchLeyline","AbsoluteMagnitude"],"picked":"SKIP","floor":10.0},{"not_picked":["AlicesGift","WitchOfGreed"],"picked":"UnstableBomb","floor":12.0},{"not_picked":["ShootingEcho","Occultation","DragonMeteor"],"picked":"SKIP","floor":14.0},{"not_picked":["OneTimeOff","IllusionStar","WitchLeyline"],"picked":"SKIP","floor":18.0},{"not_picked":["SuperPerseids","StarBarrage"],"picked":"PowerUp","floor":19.0},{"not_picked":["StarBarrage","WitchLeyline"],"picked":"GrandCross","floor":20},{"not_picked":["DeepEcoloBomb","OortCloud"],"picked":"AsteroidBelt","floor":22}],"player_experience":100584,"relics_obtained":[{"floor":9.0,"key":"Pen Nib"},{"floor":12.0,"key":"Happy Flower"},{"floor":14.0,"key":"Turnip"}],"event_choices":[{"cards_removed":["PowerUp"],"damage_healed":0.0,"max_hp_gain":0.0,"max_hp_loss":0.0,"gold_gain":0.0,"event_name":"NoteForYourself","player_choice":"Took Card","floor":3.0,"gold_loss":0.0,"damage_taken":0.0,"cards_obtained":["Sunder"]},{"damage_healed":0.0,"max_hp_gain":0.0,"max_hp_loss":0.0,"gold_gain":100.0,"event_name":"Golden Shrine","player_choice":"Pray","floor":11.0,"gold_loss":0.0,"damage_taken":0.0}],"is_beta":false,"boss_relics":[{"not_picked":["Runic Dome","Astrolabe"],"picked":"SlaversCollar"}],"items_purged_floors":[4,21],"is_endless":false,"potions_floor_spawned":[1,2,7,14,18,20,22],"killed_by":"Cultist and Chosen","ascension_level":0}}