{"host":"1w6a2rjjfnt8te8e","time":1613140272,"event":{"mods":["AchievementEnabler","BaseMod","Colored Powertips","Googly Eyes","Highlight Path","Minty Spire (QoL Compilation)","Quick Restart","Relic Stats","StSLib"],"gold_per_floor":[109,59,59,79,89,118,118,129,153,167,183,209,197,212,212,212,212],"floor_reached":16,"language":"ENG","playtime":418,"items_purged":[],"score":179,"play_id":"eb660c21-d24c-48cb-afa0-856304141103","local_time":"20210212223112","is_ascension_mode":true,"campfire_choices":[{"floor":7,"key":"REST"},{"floor":15,"key":"REST"}],"circlet_count":0,"master_deck":["Strike_R","Strike_R","Strike_R","Defend_R","Defend_R","Defend_R","Defend_R","Bash","Hemokinesis","Feed","Clothesline","Rupture","Limit Break","Shockwave","Rampage"],"relics":["Calling Bell","Regal Pillow","Mercury Hourglass","Turnip","Centennial Puzzle","Juzu Bracelet","Strawberry"],"acts_visited":["Exordium"],"potions_floor_usage":[6,16],"damage_taken":[{"damage":0,"enemies":"Small Slimes","floor":1,"turns":3},{"damage":8,"enemies":"Cultist","floor":4,"turns":4},{"damage":15,"enemies":"Jaw Worm","floor":5,"turns":4},{"damage":55,"enemies":"Gremlin Nob","floor":6,"turns":6},{"damage":12,"enemies":"3 Louse","floor":8,"turns":2},{"damage":13,"enemies":"Blue Slaver","floor":10,"turns":3},{"damage":21,"enemies":"Red Slaver","floor":11,"turns":4},{"damage":15,"enemies":"Exordium Thugs","floor":13,"turns":5},{"damage":9,"enemies":"Looter","floor":14,"turns":4},{"damage":55,"enemies":"The Guardian","floor":16,"turns":6}],"seed_played":"-5996724092072581883","potions_obtained":[{"floor":1,"key":"BloodPotion"},{"floor":4,"key":"SpeedPotion"},{"floor":5,"key":"Weak Potion"},{"floor":14,"key":"Ancient Potion"}],"is_trial":false,"path_per_floor":["M","?","?","M","M","E","R","M","T","M","M","T","M","M","R","B"],"character_chosen":"IRONCLAD","items_purchased":[],"campfire_rested":2,"item_purchase_floors":[],"current_hp_per_floor":[72,72,72,67,55,20,61,52,52,39,18,25,13,7,53,0,0],"gold":212,"neow_bonus":"BOSS_RELIC","is_daily":false,"chose_seed":false,"campfire_upgraded":0,"win_rate":0.0,"timestamp":1613140272,"path_taken":["M","?","?","?","M","E","R","M","T","M","M","?","M","M","R","BOSS"],"items_purchased_type":[],"build_version":"2020-12-22","purchased_purges":0,"victory":false,"max_hp_per_floor":[80,80,80,83,86,89,89,92,92,92,92,99,102,105,105,105,105],"relic_stats":{"Regal Pillow":30,"Centennial Puzzle":[18],"counters":[10,41],"Turnip":[2],"Juzu Bracelet":0,"obtain_stats":[{"Calling Bell":0,"Regal Pillow":0,"Centennial Puzzle":6,"Strawberry":12,"Turnip":0,"Juzu Bracelet":9,"Burning Blood":0,"Mercury Hourglass":0},{"Calling Bell":0,"Regal Pillow":0,"Centennial Puzzle":4,"Strawberry":7,"Turnip":0,"Juzu Bracelet":5,"Burning Blood":0,"Mercury Hourglass":0},{"Calling Bell":0,"Regal Pillow":0,"Centennial Puzzle":17,"Strawberry":26,"Turnip":0,"Juzu Bracelet":19,"Burning Blood":0,"Mercury Hourglass":0}],"Mercury Hourglass":[135]},"card_choices":[{"not_picked":["Rupture","Twin Strike"],"picked":"Hemokinesis","floor":1},{"not_picked":["Power Through","Twin Strike","Warcry"],"picked":"SKIP","floor":4},{"not_picked":["Rage","Dropkick"],"picked":"Clothesline","floor":5},{"not_picked":["Body Slam","Bloodletting"],"picked":"Rupture","floor":6},{"not_picked":["Power Through","Thunderclap","Rage"],"picked":"SKIP","floor":8},{"not_picked":["Sever Soul","Armaments"],"picked":"Limit Break","floor":10},{"not_picked":["Thunderclap","Sentinel"],"picked":"Shockwave","floor":11},{"not_picked":["Flex","Pommel Strike"],"picked":"Rampage","floor":13},{"not_picked":["Rampage","Warcry","Cleave"],"picked":"SKIP","floor":14}],"player_experience":322186,"relics_obtained":[{"floor":0,"key":"Regal Pillow"},{"floor":0,"key":"Mercury Hourglass"},{"floor":0,"key":"Turnip"},{"floor":6,"key":"Centennial Puzzle"},{"floor":9,"key":"Juzu Bracelet"},{"floor":12,"key":"Strawberry"}],"event_choices":[{"cards_removed":["Strike_R"],"damage_healed":0,"gold_gain":0,"player_choice":"Card Removal","damage_taken":0,"max_hp_gain":0,"max_hp_loss":0,"event_name":"The Cleric","floor":2,"gold_loss":50},{"damage_healed":0,"gold_gain":0,"cards_transformed":["Strike_R"],"player_choice":"Transformed","damage_taken":0,"max_hp_gain":0,"max_hp_loss":0,"event_name":"Transmorgrifier","floor":3,"gold_loss":0,"cards_obtained":["Feed"]}],"is_beta":false,"boss_relics":[],"items_purged_floors":[],"is_endless":false,"potions_floor_spawned":[1,4,5,14],"killed_by":"The Guardian","ascension_level":9}}