{"host":"xi9hztp74zq5zdao","time":1613103993,"event":{"mods":["2.2 Compatiblity","BaseMod","Beaked The Cultist","Colored Map","Googly Eyes","Minty Spire (QoL Compilation)","Relic Sorter","StSLib","The Construct","The Gatherer","everything is the same but u backflip on backflip"],"gold_per_floor":[111,111,124,148,166,166,166,166,166,209,209,253,253,266,266,397,397,412,179,179,179,179,179,179,203,278,301,301,340,340,356,356,475,475,490,81,104,104,129,153,196,211,211,236,270,270,290,305,305,305],"floor_reached":51,"language":"ENG","playtime":3435,"items_purged":["construct:Analyze+1"],"score":789,"play_id":"2b9fa2cb-19e2-4659-9f45-08c1dc33ea5b","local_time":"20210211232633","is_ascension_mode":false,"campfire_choices":[{"data":"construct:AttackMode","floor":6,"key":"SMITH"},{"data":"construct:SweepLaser","floor":8,"key":"SMITH"},{"data":"construct:Analyze","floor":11,"key":"SMITH"},{"floor":15,"key":"REST"},{"data":"construct:OneWayMirror","floor":23,"key":"SMITH"},{"data":"construct:Construct_Overclock","floor":28,"key":"SMITH"},{"data":"construct:LongRangeLance","floor":30,"key":"SMITH"},{"data":"construct:MetalShell","floor":32,"key":"SMITH"},{"floor":46,"key":"REST"},{"floor":49,"key":"REST"}],"circlet_count":0,"master_deck":["construct:Strike_Gold+1","construct:Strike_Gold+1","construct:Strike_Gold","construct:Strike_Gold+1","construct:Strike_Gold","construct:Defend_Gold","construct:Defend_Gold","construct:Defend_Gold","construct:Defend_Gold","construct:Defend_Gold","construct:AttackMode+2","construct:DefenseMode","construct:ModeShift+1","construct:SweepLaser+1","construct:ForceCore+1","construct:OneWayMirror+1","construct:LongRangeLance+1","Finesse","construct:MetalShell+1","construct:Construct_Overclock+1","construct:BatteryAcid","construct:SiegeForm+1","CurseOfTheBell","construct:ShiftGuard+1","construct:ModeShift+1","construct:SweepLaser+1","construct:Reinforce+1"],"relics":["construct:Cogwheel","Golden Idol","Pear","Dream Catcher","Incense Burner","Sozu","Medical Kit","MutagenicStrength","The Courier","Gremlin Horn","Whetstone","Calling Bell","Omamori","Pantograph","Gambling Chip","Anchor","Pen Nib","PreservedInsect","construct:MegaBattery","Frozen Egg 2","MealTicket","construct:LongRangeLance"],"acts_visited":["Exordium","TheCity","TheBeyond"],"potions_floor_usage":[10,12],"damage_taken":[{"damage":1,"enemies":"Jaw Worm","floor":1,"turns":5},{"damage":7,"enemies":"2 Louse","floor":3,"turns":3},{"damage":1,"enemies":"Small Slimes","floor":4,"turns":4},{"damage":6,"enemies":"Blue Slaver","floor":5,"turns":4},{"damage":19,"enemies":"3 Sentries","floor":10,"turns":8},{"damage":40,"enemies":"Gremlin Nob","floor":12,"turns":5},{"damage":0,"enemies":"Exordium Thugs","floor":14,"turns":3},{"damage":18,"enemies":"The Guardian","floor":16,"turns":6},{"damage":0,"enemies":"Shell Parasite","floor":18,"turns":4},{"damage":0,"enemies":"3 Byrds","floor":25,"turns":4},{"damage":5,"enemies":"Centurion and Healer","floor":27,"turns":6},{"damage":0,"enemies":"Book of Stabbing","floor":29,"turns":5},{"damage":23,"enemies":"Chosen and Byrds","floor":31,"turns":6},{"damage":13,"enemies":"Collector","floor":33,"turns":10},{"damage":1,"enemies":"Orb Walker","floor":35,"turns":3},{"damage":0,"enemies":"3 Darklings","floor":37,"turns":5},{"damage":0,"enemies":"4 Shapes","floor":39,"turns":4},{"damage":21,"enemies":"Jaw Worm Horde","floor":40,"turns":6},{"damage":19,"enemies":"Reptomancer","floor":41,"turns":5},{"damage":23,"enemies":"3 Darklings","floor":42,"turns":5},{"damage":9,"enemies":"Writhing Mass","floor":44,"turns":5},{"damage":0,"enemies":"Giant Head","floor":45,"turns":5},{"damage":16,"enemies":"Maw","floor":47,"turns":7},{"damage":16,"enemies":"Transient","floor":48,"turns":5},{"damage":28,"enemies":"Awakened One","floor":50,"turns":16}],"seed_played":"-8923948700813001989","potions_obtained":[{"floor":5,"key":"LiquidBronze"},{"floor":10,"key":"CultistPotion"},{"floor":12,"key":"BlessingOfTheForge"},{"floor":16,"key":"FairyPotion"}],"is_trial":false,"path_per_floor":["M","?","M","M","M","R","?","R","T","E","R","E","?","M","R","B",null,"M","$","?","?","?","R","$","M","T","M","R","E","R","M","R","B",null,"M","$","M","?","M","M","E","M","T","M","E","R","M","M","R","B",null],"character_chosen":"THE_CONSTRUCT_MOD","items_purchased":["Finesse","Medical Kit","Anchor","Pen Nib","PreservedInsect"],"campfire_rested":3,"item_purchase_floors":[19,19,36,36,36],"current_hp_per_floor":[92,86,79,78,72,72,55,55,65,46,46,6,6,6,34,16,96,96,96,96,96,96,96,96,96,96,91,91,91,91,68,68,55,96,95,95,95,95,95,74,55,32,32,23,23,51,35,19,47,44],"gold":305,"neow_bonus":"TEN_PERCENT_HP_BONUS","is_daily":false,"chose_seed":false,"campfire_upgraded":7,"win_rate":0.0,"timestamp":1613103993,"path_taken":["M","?","M","M","M","R","?","R","T","E","R","E","?","M","R","BOSS","M","$","?","?","?","R","?","M","T","?","R","E","R","M","R","BOSS","M","$","M","?","M","M","E","M","T","M","E","R","M","M","R","BOSS"],"items_purchased_type":["Card","Relic","Relic","Relic","Relic"],"build_version":"2020-12-22","purchased_purges":1,"victory":true,"max_hp_per_floor":[93,86,86,86,86,86,86,86,96,96,96,96,96,96,96,96,96,96,96,96,96,96,96,96,96,96,96,96,96,96,96,96,96,96,96,96,96,96,96,96,96,96,96,96,96,96,96,96,96,96],"card_choices":[{"not_picked":["construct:Backfire","construct:FocusedBeam"],"picked":"construct:ModeShift","floor":1},{"not_picked":["construct:FierceBash","construct:Autoturret"],"picked":"construct:SweepLaser","floor":3},{"not_picked":["construct:ChargeShot","construct:Forcefield","construct:HardReboot"],"picked":"SKIP","floor":4},{"not_picked":["construct:OmegaCannon","construct:UnbalancingBlast","construct:SuppressiveFire"],"picked":"SKIP","floor":5},{"not_picked":["construct:FocusedBeam","construct:Accumulate"],"picked":"construct:Analyze","floor":10},{"not_picked":["construct:Overcharge","construct:SuppressiveFire"],"picked":"construct:ForceCore","floor":12},{"not_picked":["construct:CriticalHit","construct:PointDefense","construct:Versatility"],"picked":"SKIP","floor":14},{"not_picked":["construct:FocusedBeam","construct:SaveState"],"picked":"construct:OneWayMirror","floor":15},{"not_picked":["construct:ShieldGenerator","construct:ShiftingStance"],"picked":"construct:LongRangeLance","floor":16},{"not_picked":["construct:Boost","construct:Versatility","construct:Overcharge"],"picked":"SKIP","floor":18},{"not_picked":["construct:PowerUp","construct:LaserCore+1"],"picked":"construct:Construct_Overclock","floor":25},{"not_picked":["construct:FierceBash","construct:Synchronize","construct:SaveState"],"picked":"SKIP","floor":27},{"not_picked":["construct:HeavyBolt","construct:FierceBash+1","construct:ModeShift"],"picked":"SKIP","floor":29},{"not_picked":["construct:ScopeCore","construct:ModeShift+1"],"picked":"construct:BatteryAcid","floor":31},{"not_picked":["construct:HastyRepair","construct:PanicFire"],"picked":"construct:SiegeForm","floor":33},{"not_picked":["construct:FierceBash","construct:Stasis+1","construct:Backfire"],"picked":"SKIP","floor":35},{"not_picked":["construct:Dampening","construct:ReactiveShield"],"picked":"construct:ShiftGuard+1","floor":37},{"not_picked":["construct:Enhance","construct:Isolate+1","construct:ScrapCannon"],"picked":"SKIP","floor":39},{"not_picked":["construct:Enhance","construct:Isolate+1","construct:ScrapCannon"],"picked":"SKIP","floor":39},{"not_picked":["construct:SuppressiveFire","construct:Versatility"],"picked":"construct:ModeShift+1","floor":40},{"not_picked":["construct:SaveState","construct:ModeShift+1"],"picked":"construct:SweepLaser+1","floor":41},{"not_picked":["construct:Versatility","construct:CriticalHit","construct:PointDefense"],"picked":"SKIP","floor":42},{"not_picked":["construct:Accumulate+1","construct:LaserCore","construct:Disrupt"],"picked":"SKIP","floor":44},{"not_picked":["construct:Accumulate+1","construct:LaserCore","construct:Disrupt"],"picked":"SKIP","floor":44},{"not_picked":["construct:Dampening+1","construct:Anticipate"],"picked":"construct:Reinforce+1","floor":45},{"not_picked":["construct:Forcefield","construct:Antimatter+1","construct:Backfire"],"picked":"SKIP","floor":47},{"not_picked":["construct:HeavyBolt+1","construct:Isolate+1","construct:HardReboot+1"],"picked":"SKIP","floor":48}],"player_experience":1259779,"relics_obtained":[{"floor":9,"key":"Pear"},{"floor":10,"key":"Dream Catcher"},{"floor":12,"key":"Incense Burner"},{"floor":26,"key":"Gremlin Horn"},{"floor":29,"key":"Whetstone"},{"floor":34,"key":"Omamori"},{"floor":34,"key":"Pantograph"},{"floor":34,"key":"Gambling Chip"},{"floor":41,"key":"construct:MegaBattery"},{"floor":43,"key":"Frozen Egg 2"},{"floor":45,"key":"MealTicket"}],"event_choices":[{"damage_healed":0,"gold_gain":0,"player_choice":"Lose Max HP","damage_taken":0,"relics_obtained":["Golden Idol"],"max_hp_gain":0,"max_hp_loss":7,"event_name":"Golden Idol","floor":2,"gold_loss":0},{"damage_healed":0,"gold_gain":0,"player_choice":"Entered Light","damage_taken":17,"max_hp_gain":0,"max_hp_loss":0,"event_name":"Shining Light","floor":7,"gold_loss":0,"cards_upgraded":["construct:Strike_Gold","construct:ModeShift"]},{"damage_healed":0,"gold_gain":0,"player_choice":"Grow","damage_taken":0,"max_hp_gain":0,"max_hp_loss":0,"event_name":"Living Wall","floor":13,"gold_loss":0,"cards_upgraded":["construct:ForceCore"]},{"damage_healed":0,"gold_gain":0,"player_choice":"Inject Mutagens","damage_taken":0,"relics_obtained":["MutagenicStrength"],"max_hp_gain":0,"max_hp_loss":0,"event_name":"Drug Dealer","floor":20,"gold_loss":0},{"damage_healed":0,"gold_gain":0,"player_choice":"Opened","damage_taken":0,"relics_obtained":["The Courier"],"max_hp_gain":0,"max_hp_loss":0,"event_name":"The Mausoleum","floor":21,"gold_loss":0},{"damage_healed":0,"gold_gain":0,"player_choice":"Read","damage_taken":0,"max_hp_gain":0,"max_hp_loss":0,"event_name":"The Library","floor":22,"gold_loss":0,"cards_obtained":["construct:MetalShell"]},{"damage_healed":0,"gold_gain":0,"player_choice":"Upgraded","damage_taken":0,"max_hp_gain":0,"max_hp_loss":0,"event_name":"Upgrade Shrine","floor":38,"gold_loss":0,"cards_upgraded":["construct:SiegeForm"]}],"is_beta":false,"boss_relics":[{"not_picked":["construct:WeddingRing","construct:ClawGrip"],"picked":"Sozu"},{"not_picked":["beaked:MawFillet","Runic Dome"],"picked":"Calling Bell"}],"items_purged_floors":[36],"is_endless":false,"potions_floor_spawned":[5,10,12,16,18,25,31,40,41,42,45,48],"ascension_level":0}}