{"host":"3e3mwsgb9gfqiuxm","time":1613169534,"event":{"mods":["Act Like it!","BaseMod","Colored Map","Colored Powertips","Downfall","Gensokyo","Hermit","Hubris","Infinite Spire","Jorbs\u0027s Wanderer Trilogy","Koishi","Marisa????????","Minty Spire (QoL Compilation)","Quick Restart","Rare Cards Sparkle","Reimu??????","Remilia??????","Replay The Spire","Shop Mod","StSLib","SuperFastMode","Td1madao Mod","The Animator","The Bug Knight","The Cursed","The Hierophant","The Servant 0.9.4","everything is the same but u backflip on backflip","slay the spire mod where everything is the same but ironclad has a cowboy hat"],"gold_per_floor":[114,114,114,114,125,157,177,177,177],"floor_reached":8,"language":"ENG","playtime":203,"items_purged":[],"score":95,"play_id":"1860a2a6-52c1-439f-8a0d-9d425b0dbf48","local_time":"20210212173854","is_ascension_mode":true,"campfire_choices":[],"circlet_count":0,"master_deck":["Strike_MRS+1","Strike_MRS+1","Strike_MRS+1","Strike_MRS+1","Defend_MRS","Defend_MRS","Defend_MRS","MasterSpark+1","UpSweep","ShootingEcho","GalacticHalo","MillisecondPulsars","WitchOfGreed"],"relics":["MiniHakkero","hubris:GlazedTorus","Gensokyo:NagashiBinaDoll","ReplayFunnel"],"acts_visited":["Gensokyo:Gensokyo"],"potions_floor_usage":[6,6],"damage_taken":[{"damage":9.0,"enemies":"Gensokyo:Gryphon","floor":1.0,"turns":3.0},{"damage":0,"enemies":"Gensokyo:3_Fairies","floor":5,"turns":3},{"damage":0,"enemies":"Gensokyo:Mamizou","floor":6,"turns":6},{"damage":0,"enemies":"Gensokyo:Python","floor":7,"turns":2},{"damage":11,"enemies":"Gensokyo:Cirno","floor":8,"turns":2}],"seed_played":"-7784341750135866971","potions_obtained":[{"floor":1.0,"key":"SpeedPotion"},{"floor":5,"key":"Explosive Potion"}],"is_trial":false,"path_per_floor":["M","?","?","?","M","E","M","E"],"character_chosen":"MARISA","items_purchased":[],"campfire_rested":0,"item_purchase_floors":[],"current_hp_per_floor":[45,45,23,8,8,8,8,0,0],"gold":177,"neow_bonus":"ONE_RARE_RELIC","is_daily":false,"chose_seed":false,"campfire_upgraded":0,"win_rate":0.0,"timestamp":1613169534,"path_taken":["M","?","?","?","M","E","M","E"],"items_purchased_type":[],"build_version":"2020-12-22","purchased_purges":0,"victory":false,"max_hp_per_floor":[75,75,75,75,75,75,75,75,75],"card_choices":[{"not_picked":["OrrerysSun","6A"],"picked":"ShootingEcho","floor":1.0},{"not_picked":["NonDirectionalLaser","IllusionStar"],"picked":"GalacticHalo","floor":5},{"not_picked":["StarBarrage","LuminesStrike"],"picked":"MillisecondPulsars","floor":6},{"not_picked":["6A","SporeBomb"],"picked":"WitchOfGreed","floor":7}],"player_experience":1373709,"relics_obtained":[{"floor":6,"key":"ReplayFunnel"}],"event_choices":[],"is_beta":false,"boss_relics":[],"items_purged_floors":[],"is_endless":false,"potions_floor_spawned":[1,5],"killed_by":"Gensokyo:Cirno","ascension_level":4}}