{"host":"0bvb57250jt9ju2b","time":1613110154,"event":{"mods":["Aspiration","BaseMod","Better Third Choice","Downfall","Marisa????????","Minty Spire (QoL Compilation)","StSLib","The Problem Sleuth"],"gold_per_floor":[119,129,129,54,72,72,72,72,72,22,32,32,52,63,63,164,164,180,197,211,211,20,20,31,31,55,55,72,72,99,99,99,194,194,212,212,226,61,61,61,91,108,108,108,108,108,158,158,158,158],"floor_reached":51,"language":"ENG","playtime":3658,"items_purged":["Regret","Writhe"],"score":658,"play_id":"4c0004d3-9ee5-4d06-89a6-703f18726d38","local_time":"20210212010914","is_ascension_mode":false,"campfire_choices":[{"data":"theSleuth:PezUzi","floor":6,"key":"SMITH"},{"data":"theSleuth:ClubClubClub","floor":12,"key":"SMITH"},{"floor":15,"key":"REST"},{"data":"theSleuth:Diabeatdown","floor":23,"key":"SMITH"},{"data":"theSleuth:CandyCornVampire","floor":25,"key":"SMITH"},{"data":"theSleuth:UnDeEscalate","floor":32,"key":"SMITH"},{"floor":40,"key":"REST"},{"floor":45,"key":"REST"},{"floor":49,"key":"REST"}],"circlet_count":0,"master_deck":["theSleuth:Strike","theSleuth:Strike","theSleuth:Strike+1","theSleuth:Defend","theSleuth:Defend+1","theSleuth:KeyHandgun","theSleuth:TakeInventory+1","theSleuth:Diplomacy","theSleuth:PezUzi+1","theSleuth:Diabeatdown+1","theSleuth:BellyOTheWhale","theSleuth:FlaskOfWhiskey+1","theSleuth:ClubClubClub+1","theSleuth:CharismaBlast","theSleuth:UnDeEscalate+1","theSleuth:Taze","theSleuth:CandyCornVampire+1","theSleuth:Fortify","theSleuth:Ogle","theSleuth:BenStillerBust","theSleuth:HairpinMachinegun","theSleuth:SnoopDoggBust+1","theSleuth:ThinkAhead+1","theSleuth:Distill","theSleuth:TruffleShuffle+1","theSleuth:CharismaBlast+1","Forethought","Mayhem","Deep Breath","theSleuth:WeighIn+1"],"relics":["theSleuth:Typewriter","NeowsBlessing","Singing Bowl","theSleuth:ElfEgg","Letter Opener","expansioncontent:StudyCardRelic","Membership Card","Toy Ornithopter","Ornamental Fan","aspiration:RitualStick","Mercury Hourglass","Fusion Hammer","War Paint","Dream Catcher","Darkstone Periapt","Incense Burner"],"acts_visited":["Exordium","TheCity","TheBeyond"],"potions_floor_usage":[5,16,19,30,30,41,41,42,50,50,50],"damage_taken":[{"damage":0,"enemies":"2 Louse","floor":1,"turns":1},{"damage":0,"enemies":"Cultist","floor":2,"turns":1},{"damage":0,"enemies":"Jaw Worm","floor":5,"turns":1},{"damage":0,"enemies":"Lots of Slimes","floor":11,"turns":1},{"damage":0,"enemies":"Gremlin Gang","floor":13,"turns":2},{"damage":0,"enemies":"2 Fungi Beasts","floor":14,"turns":2},{"damage":39,"enemies":"Slime Boss","floor":16,"turns":8},{"damage":0,"enemies":"Spheric Guardian","floor":18,"turns":4},{"damage":0,"enemies":"3 Byrds","floor":19,"turns":4},{"damage":0,"enemies":"Centurion and Healer","floor":20,"turns":6},{"damage":15,"enemies":"Cultist and Chosen","floor":24,"turns":6},{"damage":10,"enemies":"Sentry and Sphere","floor":28,"turns":4},{"damage":14,"enemies":"Slavers","floor":30,"turns":3},{"damage":43,"enemies":"Collector","floor":33,"turns":9},{"damage":8,"enemies":"3 Darklings","floor":35,"turns":3},{"damage":24,"enemies":"3 Shapes","floor":37,"turns":2},{"damage":58,"enemies":"Nemesis","floor":41,"turns":9},{"damage":6,"enemies":"Maw","floor":42,"turns":7},{"damage":8,"enemies":"Mind Bloom Boss Battle","floor":47,"turns":6},{"damage":35,"enemies":"Donu and Deca","floor":50,"turns":8}],"seed_played":"3011080564845990934","potions_obtained":[{"floor":2,"key":"Fruit Juice"},{"floor":11,"key":"SteroidPotion"},{"floor":16,"key":"DistilledChaos"},{"floor":24,"key":"Regen Potion"},{"floor":28,"key":"Fire Potion"},{"floor":33,"key":"SpeedPotion"},{"floor":35,"key":"Block Potion"}],"is_trial":false,"path_per_floor":["M","M","?","$","M","R","?","?","T","?","M","R","M","M","R","B",null,"M","M","M","?","$","R","M","R","T","?","M","?","E","?","R","B",null,"M","?","M","$","?","R","E","M","T","?","R","?","?","?","R","B",null],"character_chosen":"THE_sleuth","items_purchased":["theSleuth:BellyOTheWhale","theSleuth:FlaskOfWhiskey","Membership Card","theSleuth:Distill","War Paint"],"campfire_rested":4,"item_purchase_floors":[4,4,22,38,38],"current_hp_per_floor":[73,73,73,73,78,78,71,55,55,55,55,58,58,58,84,45,84,84,86,88,88,88,91,76,79,79,79,71,52,57,89,92,49,99,91,91,67,67,67,97,44,43,43,85,90,80,72,72,95,75],"gold":158,"neow_bonus":"THREE_ENEMY_KILL","is_daily":false,"chose_seed":false,"campfire_upgraded":5,"win_rate":0.0,"timestamp":1613110154,"path_taken":["M","M","?","$","M","R","?","?","T","?","M","R","M","M","R","BOSS","M","M","M","?","$","R","M","R","T","?","M","?","E","?","R","BOSS","M","?","M","$","?","R","E","M","T","?","R","?","?","?","R","BOSS"],"items_purchased_type":["Card","Card","Relic","Card","Relic"],"build_version":"2020-12-22","purchased_purges":2,"victory":true,"max_hp_per_floor":[73,73,73,73,78,78,78,78,78,78,78,81,81,81,84,84,84,84,86,88,88,88,91,91,94,94,94,96,96,96,96,99,99,99,99,94,94,94,94,97,97,97,97,85,90,90,90,90,95,100],"card_choices":[{"not_picked":["theSleuth:TruffleShuffle","theSleuth:Ignore"],"picked":"theSleuth:PezUzi","floor":1},{"not_picked":["theSleuth:Tootshotgun","theSleuth:ThinkAhead"],"picked":"theSleuth:Diabeatdown","floor":2},{"not_picked":["theSleuth:Ogle","theSleuth:BenStillerBust"],"picked":"theSleuth:ClubClubClub","floor":5},{"not_picked":["theSleuth:Fortify","theSleuth:FoolPlate"],"picked":"theSleuth:CharismaBlast","floor":11},{"not_picked":["theSleuth:PezUzi","theSleuth:FoolPlate"],"picked":"theSleuth:UnDeEscalate","floor":13},{"not_picked":["theSleuth:UnDeEscalate","theSleuth:Embarrass"],"picked":"theSleuth:Taze","floor":14},{"not_picked":["theSleuth:BrassTacks","theSleuth:LeverageHeight"],"picked":"theSleuth:CandyCornVampire","floor":16},{"not_picked":["theSleuth:Appropriate","theSleuth:HeartStab+1"],"picked":"theSleuth:Fortify","floor":18},{"not_picked":["theSleuth:Taze","theSleuth:Fortify","theSleuth:PezUzi"],"picked":"Singing Bowl","floor":19},{"not_picked":["theSleuth:PezUzi+1","theSleuth:VictoryPose","theSleuth:ClubClubClub"],"picked":"Singing Bowl","floor":20},{"not_picked":["theSleuth:HeartStab","theSleuth:Taze"],"picked":"theSleuth:Ogle","floor":24},{"not_picked":["theSleuth:CandyCorn","theSleuth:PezUzi","theSleuth:DiamondArmor"],"picked":"Singing Bowl","floor":28},{"not_picked":["theSleuth:CandyLeather","theSleuth:Ignore"],"picked":"theSleuth:BenStillerBust","floor":30},{"not_picked":["theSleuth:Conjure","theSleuth:WeirdPuzzleShit"],"picked":"theSleuth:HairpinMachinegun","floor":33},{"not_picked":["theSleuth:BellyOTheWhale","theSleuth:TruffleShuffle+1"],"picked":"theSleuth:SnoopDoggBust+1","floor":35},{"not_picked":["theSleuth:CharismaBlast","theSleuth:TruffleShuffle"],"picked":"theSleuth:ThinkAhead+1","floor":37},{"not_picked":["theSleuth:FudgeDeck","theSleuth:Tootshotgun+1"],"picked":"theSleuth:TruffleShuffle+1","floor":41},{"not_picked":["theSleuth:BenStillerBust+1","theSleuth:Fortune"],"picked":"theSleuth:CharismaBlast+1","floor":42},{"not_picked":["theSleuth:FlaskOfWhiskey","theSleuth:TripleScuffle+1","theSleuth:BellyOTheWhale"],"picked":"Singing Bowl","floor":45},{"not_picked":["Flash of Steel","Mind Blast"],"picked":"Forethought","floor":46},{"not_picked":["Swift Strike","Enlightenment"],"picked":"Mayhem","floor":46},{"not_picked":["Flash of Steel","Good Instincts"],"picked":"Deep Breath","floor":46},{"not_picked":["theSleuth:FoolPlate","theSleuth:CandyCorn+1"],"picked":"theSleuth:WeighIn+1","floor":47},{"not_picked":["theSleuth:UnDeEscalate+1","theSleuth:CharismaBlast","theSleuth:PezUzi"],"picked":"Singing Bowl","floor":49}],"player_experience":211983,"relics_obtained":[{"floor":9,"key":"Letter Opener"},{"floor":26,"key":"Toy Ornithopter"},{"floor":30,"key":"Mercury Hourglass"},{"floor":41,"key":"Dream Catcher"},{"floor":43,"key":"Darkstone Periapt"},{"floor":47,"key":"Incense Burner"}],"event_choices":[{"damage_healed":0,"gold_gain":0,"player_choice":"Box","damage_taken":0,"relics_obtained":["Singing Bowl"],"max_hp_gain":0,"max_hp_loss":0,"event_name":"Big Fish","floor":3,"gold_loss":0,"cards_obtained":["Regret"]},{"damage_healed":0,"gold_gain":0,"player_choice":"Relic ","damage_taken":7,"max_hp_gain":0,"max_hp_loss":0,"event_name":"betterThird:BetterScrap","floor":7,"gold_loss":0,"cards_obtained":["All For One"]},{"damage_healed":71,"gold_gain":0,"player_choice":"Upgrade","damage_taken":16,"max_hp_gain":0,"max_hp_loss":78,"event_name":"betterThird:BetterShining","floor":8,"gold_loss":0,"cards_upgraded":["theSleuth:Strike","theSleuth:FlaskOfWhiskey"]},{"cards_removed":["theSleuth:Defend"],"damage_healed":0,"gold_gain":0,"player_choice":"Card Removal","damage_taken":0,"max_hp_gain":0,"max_hp_loss":0,"event_name":"The Cleric","floor":10,"gold_loss":50},{"damage_healed":0,"gold_gain":0,"player_choice":"Ignored","damage_taken":0,"max_hp_gain":0,"max_hp_loss":0,"event_name":"Ghosts","floor":21,"gold_loss":0},{"damage_healed":0,"gold_gain":0,"player_choice":"Opened","damage_taken":0,"relics_obtained":["Ornamental Fan"],"max_hp_gain":0,"max_hp_loss":0,"event_name":"The Mausoleum","floor":27,"gold_loss":0,"cards_obtained":["Writhe"]},{"damage_healed":32,"gold_gain":0,"player_choice":"Heal","damage_taken":0,"max_hp_gain":0,"max_hp_loss":0,"event_name":"The Library","floor":31,"gold_loss":0},{"damage_healed":0,"gold_gain":0,"player_choice":"Max HP","damage_taken":0,"max_hp_gain":0,"max_hp_loss":5,"event_name":"Winding Halls","floor":36,"gold_loss":0},{"cards_removed":["theSleuth:Strike"],"damage_healed":0,"gold_gain":0,"player_choice":"Removed Attack","damage_taken":0,"max_hp_gain":0,"max_hp_loss":0,"event_name":"Falling","floor":39,"gold_loss":0},{"damage_healed":85,"gold_gain":0,"player_choice":"Heal","damage_taken":0,"max_hp_gain":0,"max_hp_loss":12,"event_name":"The Moai Head","floor":44,"gold_loss":0},{"damage_healed":0,"gold_gain":0,"player_choice":"Memory 3","damage_taken":10,"max_hp_gain":0,"max_hp_loss":0,"event_name":"SensoryStone","floor":46,"gold_loss":0},{"damage_healed":0,"gold_gain":0,"player_choice":"Fight","damage_taken":0,"max_hp_gain":0,"max_hp_loss":0,"event_name":"MindBloom","floor":47,"gold_loss":0},{"damage_healed":0,"gold_gain":0,"player_choice":"Ignored","damage_taken":0,"max_hp_gain":0,"max_hp_loss":0,"event_name":"Mysterious Sphere","floor":48,"gold_loss":0}],"is_beta":false,"boss_relics":[{"not_picked":["aspiration:SecretTechniqueScroll","Cursed Key"],"picked":"expansioncontent:StudyCardRelic"},{"not_picked":["theSleuth:MegatonKey","Snecko Eye"],"picked":"Fusion Hammer"}],"items_purged_floors":[22,38],"is_endless":false,"potions_floor_spawned":[2,11,16,24,28,33,35],"ascension_level":0}}