{"host":"2hea6pl5vmah38iy","time":1613126940,"event":{"mods":["AchievementEnabler","BaseMod","Colored Map","DeckTracker","Keyboard Shortcuts","Minty Spire (QoL Compilation)","Rare Cards Sparkle","StSLib","SuperFastMode","everything is the same but u backflip on backflip"],"gold_per_floor":[15,15,29,48,67,67,90,90,90,90,111,131,147,160,160,254,254,268,268,193,193,216,53,53,53,53],"floor_reached":25,"language":"KOR","playtime":813,"items_purged":["Strike_B"],"score":374,"play_id":"8a9360bb-cb23-4d18-bb05-af22b8282954","local_time":"20210212194900","is_ascension_mode":true,"campfire_choices":[{"data":"Genetic Algorithm","floor":6.0,"key":"SMITH"},{"floor":10,"key":"REST"},{"data":"Streamline","floor":15,"key":"SMITH"},{"data":"Gash","floor":24,"key":"SMITH"}],"circlet_count":0,"master_deck":["AscendersBane","Strike_B","Defend_B","Defend_B","Defend_B","Zap","Dualcast","Genetic Algorithm+1","Double Energy","Streamline+1","Go for the Eyes","Gash+1","Steam","Self Repair","Rebound","Coolheaded+1","Undo"],"relics":["Cracked Core","Golden Idol","Ornamental Fan","Runic Pyramid","Pantograph"],"acts_visited":["Exordium","TheCity"],"potions_floor_usage":[12,16],"damage_taken":[{"damage":14.0,"enemies":"Jaw Worm","floor":1.0,"turns":4.0},{"damage":3.0,"enemies":"2 Louse","floor":3.0,"turns":3.0},{"damage":14.0,"enemies":"Small Slimes","floor":4.0,"turns":4.0},{"damage":5.0,"enemies":"Blue Slaver","floor":5.0,"turns":3.0},{"damage":16.0,"enemies":"Large Slime","floor":7.0,"turns":5.0},{"damage":1,"enemies":"Exordium Wildlife","floor":11,"turns":4},{"damage":6,"enemies":"Lots of Slimes","floor":12,"turns":5},{"damage":4,"enemies":"Large Slime","floor":13,"turns":5},{"damage":11,"enemies":"Exordium Thugs","floor":14,"turns":4},{"damage":5,"enemies":"Hexaghost","floor":16,"turns":9},{"damage":23,"enemies":"Shell Parasite","floor":18,"turns":6},{"damage":21,"enemies":"Chosen","floor":22,"turns":6},{"damage":0,"enemies":"Masked Bandits","floor":25,"turns":2}],"seed_played":"3421440762977399270","potions_obtained":[{"floor":1.0,"key":"Energy Potion"},{"floor":4.0,"key":"EssenceOfSteel"},{"floor":14,"key":"PowerPotion"},{"floor":16,"key":"Energy Potion"}],"is_trial":false,"path_per_floor":["M","?","M","M","M","R","M","?","T","R","M","M","M","M","R","B",null,"M","?","?","T","M","$","R","?"],"character_chosen":"DEFECT","items_purchased":["Undo"],"campfire_rested":1,"item_purchase_floors":[23],"current_hp_per_floor":[50,50,47,33,28,28,12,12,12,31,30,24,27,16,16,18,53,37,37,37,37,23,23,23,23,23],"gold":53,"neow_bonus":"TRANSFORM_TWO_CARDS","is_daily":false,"chose_seed":false,"campfire_upgraded":3,"win_rate":0.0,"timestamp":1613126940,"path_taken":["M","?","M","M","M","R","M","?","T","R","M","M","M","M","R","BOSS","M","?","?","?","M","$","R","?"],"items_purchased_type":["Card"],"build_version":"2020-12-22","purchased_purges":1,"victory":false,"max_hp_per_floor":[71,64,64,64,64,64,64,64,64,64,64,64,64,64,64,64,64,64,64,64,64,64,64,64,64,64],"card_choices":[{"not_picked":["Auto Shields","Rip and Tear","Double Energy"],"picked":"SKIP","floor":1.0},{"not_picked":["Redo","Ball Lightning"],"picked":"Streamline","floor":3.0},{"not_picked":["Barrage","Steam"],"picked":"Go for the Eyes","floor":4.0},{"not_picked":["Compile Driver","Redo"],"picked":"Gash","floor":5.0},{"not_picked":["Coolheaded","Barrage"],"picked":"Steam","floor":7.0},{"not_picked":["Force Field","Stack","Coolheaded"],"picked":"SKIP","floor":11},{"not_picked":["Coolheaded","Steam"],"picked":"Self Repair","floor":12},{"not_picked":["Sunder","Go for the Eyes"],"picked":"Rebound","floor":13},{"not_picked":["Redo","Darkness","Barrage"],"picked":"SKIP","floor":14},{"not_picked":["Chaos","Capacitor","Darkness"],"picked":"SKIP","floor":18},{"not_picked":["Barrage+1","Steam Power"],"picked":"Coolheaded+1","floor":22}],"player_experience":567537,"relics_obtained":[{"floor":9,"key":"Ornamental Fan"},{"floor":21,"key":"Pantograph"}],"event_choices":[{"damage_healed":0.0,"max_hp_gain":0.0,"max_hp_loss":7.0,"gold_gain":0.0,"event_name":"Golden Idol","player_choice":"Lose Max HP","floor":2.0,"gold_loss":0.0,"damage_taken":0.0,"relics_obtained":["Golden Idol"]},{"damage_healed":0,"gold_gain":0,"player_choice":"Fled","damage_taken":0,"max_hp_gain":0,"max_hp_loss":0,"event_name":"Scrap Ooze","floor":8,"gold_loss":0},{"damage_healed":0,"gold_gain":0,"player_choice":"Ignored","damage_taken":0,"max_hp_gain":0,"max_hp_loss":0,"event_name":"Vampires","floor":19,"gold_loss":0},{"cards_removed":["Strike_B"],"damage_healed":0,"gold_gain":0,"player_choice":"Gave Gold","damage_taken":0,"max_hp_gain":0,"max_hp_loss":0,"event_name":"Beggar","floor":20,"gold_loss":75},{"damage_healed":0,"gold_gain":0,"player_choice":"Fought Bandits","damage_taken":0,"max_hp_gain":0,"max_hp_loss":0,"event_name":"Masked Bandits","floor":25,"gold_loss":0}],"is_beta":false,"boss_relics":[{"not_picked":["Ectoplasm","Coffee Dripper"],"picked":"Runic Pyramid"}],"items_purged_floors":[23],"is_endless":false,"potions_floor_spawned":[1,4,14,16],"killed_by":"Masked Bandits","ascension_level":18}}