{"host":"fauqrvll5t0ss0vm","time":1613140891,"event":{"mods":["2.2 Compatiblity","Act Like it!","Aspiration","Bard","BaseMod","Beaked The Cultist","Better Altar","Better Match","Better Note","Better Sensory Stone","Better Skull","Better Third Choice","Better Vampires","Card Filter","Clockwork Mod","Colored Map","Conspire","Displayed Cursed Tome","Downfall","Emptier Cage","Energized Spire","Friendly Minions","GifTheSpireLib","Glutton Mod","Gremlin Mod","Gremlin Skip","Halation","Hermit","Highlight Path","Hubris","Jorbs\u0027s Wanderer Trilogy","Mad Scientist","Marked Mod","Minty Spire (QoL Compilation)","Permanent Neow","Random Character Button","Relic Filter","Reorder Act Four","Replay The Spire","Shop Mod","Somnambulant","Spikes Relics","StSLib","Stuff the Spire","SuperFastMode","The Construct","The Cursed","The Disciple","The Elementalist","The Judge","The Juggle","The Mystic","The Runesmith","The Sage","The Servant 0.9.4","The Valiant","Trackpad","Uncapped"],"gold_per_floor":[99,99,99,99,99,99,126,25,25,53,53,71,99,118,133,234,234,34,49,69,86,86,120,120,120,136,136,46,61,61,74,84,203,203,203,203,46,104,10,62,95,168,168,168,218,257,157,197,217,217,217,217,217,42,57,87],"floor_reached":57,"language":"ENG","playtime":18705,"items_purged":["Glutton:Strike","Glutton:Strike","Glutton:Strike"],"score":1669,"play_id":"9535ccd3-99cf-4fe2-976b-609295ded9b1","local_time":"20210212154131","is_ascension_mode":true,"campfire_choices":[{"floor":1,"key":"RECALL"},{"data":"Glutton:Treat","floor":6,"key":"SMITH"},{"data":"Glutton:SelfFlagellate","floor":9,"key":"SMITH"},{"floor":18,"key":"DIG"},{"data":"Glutton:Nostalgia","floor":25,"key":"SMITH"},{"data":"Glutton:Treat","floor":27,"key":"SMITH"},{"data":"Glutton:EatAlive","floor":30,"key":"SMITH"},{"floor":35,"key":"DIG"},{"data":"Glutton:BellySlam","floor":47,"key":"SMITH"},{"data":"Glutton:Revivification","floor":53,"key":"SMITH"}],"circlet_count":0,"master_deck":["Glutton:Strike","Glutton:Strike","Glutton:Defend","Glutton:Defend","Glutton:Defend","Glutton:Flail","Glutton:Devour","Glutton:Treat+1","Glutton:Treat+1","Glutton:GuardStance","Glutton:KneeJerk","Glutton:Tantrum+1","Glutton:SelfFlagellate+1","Glutton:Nostalgia+1","Glutton:Thrombosis","Glutton:Dispepsia","Glutton:GuardStance","Glutton:BellySlam+1","Glutton:EatAlive+1","Glutton:GuardStance","Glutton:SelfFlagellate+1","Glutton:Bite","Runesmith:Accelerate+1","Glutton:LashOut+1","Glutton:Bite+1","Glutton:Rapacity+1","Glutton:Clot+1","Runesmith:Reinforce","expansioncontent:Hexaburn","Glutton:Bite+1","Runesmith:Retool","Glutton:Revivification+1","Glutton:Borborygmi+1","stsjorbsmod:Withering","Glutton:EatAlive","Glutton:BellySlam+1","Glutton:Treat","Glutton:Brace+1","Glutton:Clot","Glutton:ToxicResidue"],"relics":["Glutton:EternalHunger","downfall:HeartsMalice","ReplayFunnel","RollingBoulder","Runesmith:AutoHammer","aspiration:RunesmithSkillbook","downfall:HeartBlessingRed","downfall:HeartBlessingGreen","Guardian:PocketSentry","Replay:Rubber Ducky","trackpad:SneckoScepter","energizedSpire:EnergizedDie","CeramicFish","Glutton:HalfEatenSandwich","Runesmith:Locket","Mango","downfall:HeartBlessingBlue","halation:SwordOfLegend","Replay:Baseball"],"acts_visited":["Exordium","TheCity","TheBeyond","TheEnding"],"potions_floor_usage":[13,13,15],"damage_taken":[{"damage":0,"enemies":"Small Slimes","floor":2,"turns":1},{"damage":0,"enemies":"Cultist","floor":3,"turns":1},{"damage":0,"enemies":"Jaw Worm","floor":5,"turns":1},{"damage":9,"enemies":"downfall:FleeingMerchant","floor":8,"turns":4},{"damage":33,"enemies":"Lagavulin","floor":10,"turns":7},{"damage":23,"enemies":"Red Slaver","floor":12,"turns":4},{"damage":35,"enemies":"3 Sentries","floor":13,"turns":7},{"damage":10,"enemies":"Large Slime","floor":14,"turns":3},{"damage":16,"enemies":"Blue Slaver","floor":15,"turns":4},{"damage":75,"enemies":"SI_SHIV_ARCHETYPE","floor":16,"turns":11},{"damage":26,"enemies":"Chosen","floor":19,"turns":6},{"damage":19,"enemies":"Spheric Guardian","floor":20,"turns":4},{"damage":21,"enemies":"Snake Plant","floor":21,"turns":5},{"damage":82,"enemies":"Gremlin Leader","floor":23,"turns":10},{"damage":26,"enemies":"Snecko","floor":26,"turns":7},{"damage":32,"enemies":"downfall:FleeingMerchant","floor":28,"turns":4},{"damage":44,"enemies":"Cultist and Chosen","floor":29,"turns":7},{"damage":37,"enemies":"3 Cultists","floor":31,"turns":7},{"damage":45,"enemies":"Snake Plant","floor":32,"turns":6},{"damage":112,"enemies":"DF_ARCHETYPE_CLAW","floor":33,"turns":8},{"damage":13,"enemies":"Orb Walker","floor":36,"turns":4},{"damage":16,"enemies":"downfall:FleeingMerchant","floor":37,"turns":4},{"damage":9,"enemies":"3 Shapes","floor":38,"turns":3},{"damage":8,"enemies":"downfall:FleeingMerchant","floor":39,"turns":3},{"damage":48,"enemies":"3 Darklings","floor":40,"turns":8},{"damage":100,"enemies":"Nemesis","floor":42,"turns":9},{"damage":109,"enemies":"Reptomancer","floor":44,"turns":10},{"damage":49,"enemies":"Sphere and 2 Shapes","floor":45,"turns":7},{"damage":30,"enemies":"conspire:MimicChest","floor":46,"turns":4},{"damage":128,"enemies":"Writhing Mass","floor":48,"turns":10},{"damage":7,"enemies":"Spire Growth","floor":49,"turns":2},{"damage":224,"enemies":"WA_ARCHETYPE_DIVINITY","floor":50,"turns":30},{"damage":66,"enemies":"downfall:CharBossMerchant","floor":52,"turns":5},{"damage":54,"enemies":"downfall:NeowBoss","floor":55,"turns":11},{"damage":98,"enemies":"downfall:NeowBossFinal","floor":56,"turns":7}],"seed_played":"7617054040212989550","potions_obtained":[{"floor":10,"key":"Guardian:BlockOnCardUsePotion"},{"floor":12,"key":"Explosive Potion"},{"floor":14,"key":"LiquidMemories"},{"floor":20,"key":"PowerPotion"},{"floor":21,"key":"BlessingOfTheForge"},{"floor":26,"key":"Weak Potion"},{"floor":32,"key":"Ancient Potion"},{"floor":38,"key":"Strength Potion"},{"floor":42,"key":"Weak Potion"}],"is_trial":false,"path_per_floor":["R","M","M","?","M","R","T","$","R","E","?","M","E","M","M","B",null,"R_BF","M","M","M","?","E","T","R","M","R","$","M","R","M","M","B",null,"R_BF","M","$","M","$","M","T","E","?","E","M","?","R","M","M","B",null,"E","R","$","B","B",null],"character_chosen":"GLUTTON","items_purchased":["Glutton:Tantrum+1","Glutton:SelfFlagellate","expansioncontent:Hexaburn","Glutton:HalfEatenSandwich","Glutton:Revivification","Glutton:ToxicResidue","Replay:Baseball"],"campfire_rested":0,"item_purchase_floors":[8,8,37,39,39,54,54],"current_hp_per_floor":[108,108,108,108,108,108,108,111,111,90,95,82,74,79,88,45,129,129,139,142,153,153,128,128,128,152,152,145,155,155,190,191,129,303,303,334,381,424,445,514,514,541,541,609,685,707,717,723,736,814,964,930,929,929,1045,1029],"gold":87,"neow_bonus":"THREE_ENEMY_KILL","is_daily":false,"chose_seed":false,"campfire_upgraded":7,"win_rate":0.0,"timestamp":1613140891,"path_taken":["R","M","M","?","?","R","T","$","R","E","?","M","E","M","M","BOSS","R_BF","M","M","M","?","E","T","R","M","R","$","M","R","?","M","BOSS","R_BF","M","$","M","$","M","T","E","?","E","M","?","R","M","M","BOSS","E","R","$","BOSS","BOSS"],"items_purchased_type":["Card","Card","Card","Relic","Card","Card","Relic"],"build_version":"2020-12-22","purchased_purges":3,"victory":true,"max_hp_per_floor":[120,120,120,120,120,120,120,124,124,128,133,135,145,149,149,157,157,157,168,176,192,192,224,224,224,232,232,246,282,282,318,343,361,361,361,386,422,462,477,530,530,585,585,681,736,763,773,814,824,1014,1014,1020,1020,1020,1092,1121],"card_choices":[{"not_picked":["Glutton:Tumor","Glutton:Toxicity"],"picked":"Glutton:Devour","floor":2},{"not_picked":["Glutton:Slam","Glutton:Brace"],"picked":"Glutton:Treat","floor":3},{"not_picked":["Glutton:Overreach","Glutton:Migraine"],"picked":"Glutton:GuardStance","floor":5},{"not_picked":["Glutton:Torment","Glutton:BloodyKnuckle"],"picked":"Glutton:KneeJerk","floor":8},{"not_picked":["Glutton:Devour","Glutton:Feed"],"picked":"Glutton:Nostalgia","floor":10},{"not_picked":["Glutton:Salivate","Glutton:Dispepsia"],"picked":"Glutton:Thrombosis","floor":12},{"not_picked":["Glutton:Yearn","Glutton:Voracity"],"picked":"Glutton:Dispepsia","floor":13},{"not_picked":["Glutton:Clot","Glutton:FeverVisions"],"picked":"Glutton:GuardStance","floor":14},{"not_picked":["Glutton:KneeJerk","Glutton:ShareWeakness"],"picked":"Glutton:BellySlam","floor":15},{"not_picked":["Glutton:Megrim","Glutton:Avarice"],"picked":"Glutton:EatAlive","floor":16},{"not_picked":["Runesmith:CraftReservo","Runesmith:PoweredAnvil","Glutton:DecrepitStrike"],"picked":"Glutton:GuardStance","floor":19},{"not_picked":["Glutton:Toxicity","Runesmith:Discharge+1","Runesmith:Augment","Glutton:Slam"],"picked":"SKIP","floor":20},{"not_picked":["Glutton:Voracity","Glutton:Thrombosis","Glutton:Devour"],"picked":"Glutton:SelfFlagellate+1","floor":21},{"not_picked":["Runesmith:HammerTime+1","Glutton:GnawingHunger","Glutton:Borborygmi"],"picked":"Glutton:Bite","floor":23},{"not_picked":["Runesmith:CraftMagma","Glutton:Feed","Glutton:FragileMight"],"picked":"Runesmith:Accelerate+1","floor":26},{"not_picked":["Glutton:Brace","Runesmith:Grindstone","Runesmith:CraftMagma"],"picked":"Glutton:LashOut+1","floor":28},{"not_picked":["Runesmith:HeatExchange","Glutton:Rest","Runesmith:EnergizedChisel","Glutton:GoldenArmor"],"picked":"SKIP","floor":29},{"not_picked":["Runesmith:HeatExchange","Glutton:BloodyKnuckle","Runesmith:CraftVitae+1"],"picked":"Glutton:Bite+1","floor":31},{"not_picked":["Runesmith:CraftVitae+1","Runesmith:MakeshiftArmor","Glutton:Thrombosis"],"picked":"Glutton:Rapacity+1","floor":32},{"not_picked":["Glutton:LashOut+1","Glutton:Tantrum+1","Glutton:GnawingHunger+1"],"picked":"Glutton:Clot+1","floor":36},{"not_picked":["Runesmith:ChargedHammer","Runesmith:Firewall","Glutton:Voracity+1"],"picked":"Runesmith:Reinforce","floor":37},{"not_picked":["Glutton:SelfFlagellate","Glutton:Slam+1","Runesmith:HammerThrow+1"],"picked":"Glutton:Bite+1","floor":38},{"not_picked":["Runesmith:ChiselStab","Runesmith:BackupBattery+1","Glutton:Dispepsia+1"],"picked":"Runesmith:Retool","floor":39},{"not_picked":["Runesmith:Firewall","Glutton:Bite","Glutton:KneeJerk+1"],"picked":"Glutton:Borborygmi+1","floor":40},{"not_picked":["Glutton:ShareWeakness+1","Glutton:ToxicResidue","Glutton:DecrepitStrike"],"picked":"Glutton:EatAlive","floor":42},{"not_picked":["Runesmith:ShiftingStrike","Runesmith:Repurpose+1","Runesmith:Overpower+1","Runesmith:EnergizedChisel"],"picked":"SKIP","floor":44},{"not_picked":["Runesmith:Retool+1","Glutton:ObsessiveGreed","Glutton:Overreach"],"picked":"Glutton:BellySlam+1","floor":45},{"not_picked":["Glutton:Voracity","Glutton:Chrysosphagy","Runesmith:BackupBattery+1"],"picked":"Glutton:Treat","floor":46},{"not_picked":["Glutton:Autotomy","Runesmith:Empowerment","Runesmith:LastStand"],"picked":"Glutton:Brace+1","floor":48},{"not_picked":["Runesmith:CraftMagma","Runesmith:Overpower","Glutton:Misery+1","Runesmith:HeatExchange"],"picked":"SKIP","floor":49},{"not_picked":["Runesmith:MakeshiftArmor","Runesmith:OneForEveryone+1","Glutton:Retaliation"],"picked":"Glutton:Clot","floor":52}],"player_experience":7434396,"relics_obtained":[{"floor":7,"key":"ReplayFunnel"},{"floor":10,"key":"RollingBoulder"},{"floor":13,"key":"Runesmith:AutoHammer"},{"floor":18,"key":"Guardian:PocketSentry"},{"floor":23,"key":"Replay:Rubber Ducky"},{"floor":24,"key":"trackpad:SneckoScepter"},{"floor":35,"key":"CeramicFish"},{"floor":42,"key":"Runesmith:Locket"},{"floor":44,"key":"Mango"},{"floor":52,"key":"halation:SwordOfLegend"}],"event_choices":[{"damage_healed":0,"gold_gain":0,"player_choice":"Donut","damage_taken":0,"max_hp_gain":5,"max_hp_loss":0,"event_name":"Big Fish","floor":11,"gold_loss":0},{"cards_removed":["Glutton:Strike"],"damage_healed":0,"gold_gain":0,"player_choice":"Offered Basic","damage_taken":0,"max_hp_gain":0,"max_hp_loss":0,"event_name":"Bonfire Elementals","floor":22,"gold_loss":0}],"is_beta":false,"boss_relics":[{"not_picked":["Runic Dome","construct:WeddingRing"],"picked":"aspiration:RunesmithSkillbook"},{"not_picked":["Empty Cage","aspiration:FutureDiary"],"picked":"energizedSpire:EnergizedDie"}],"items_purged_floors":[28,37,39],"is_endless":false,"potions_floor_spawned":[10,12,14,20,21,26,31,32,36,38,40,42,46,48,52],"ascension_level":8}}