{"host":"vrqilyg3eq27f2tn","time":1613146190,"event":{"mods":["2.2 Compatiblity","Aspiration","BaseMod","Colored Powertips","Downfall","Friendly Minions","Hermit","Minty Spire (QoL Compilation)","Relic Stats","Reliquary","Replay The Spire","StSLib","The Cursed"],"gold_per_floor":[114,114,114,114,126,157,157,157,157],"floor_reached":8,"language":"ENG","playtime":492,"items_purged":[],"score":54,"play_id":"d3614da5-7820-49fa-8dd5-e421d2e07014","local_time":"20210212110950","is_ascension_mode":false,"campfire_choices":[{"data":"Eruption","floor":7,"key":"SMITH"}],"circlet_count":0,"master_deck":["Strike_P","Strike_P","Strike_P","Strike_P","Defend_P","Defend_P","Defend_P","Eruption+1","Vigilance","Perseverance","Alpha"],"relics":["PureWater","Blood Vial","aspiration:BabyByrd","Replay:Bottled Steam"],"acts_visited":["Exordium"],"potions_floor_usage":[8],"damage_taken":[{"damage":3.0,"enemies":"Jaw Worm","floor":1.0,"turns":2.0},{"damage":2,"enemies":"Small Slimes","floor":5,"turns":3},{"damage":55,"enemies":"3 Sentries","floor":6,"turns":10},{"damage":44,"enemies":"Gremlin Nob","floor":8,"turns":4}],"seed_played":"2250277792609167323","potions_obtained":[{"floor":1.0,"key":"hexamod:SoulburnPotion"}],"is_trial":false,"path_per_floor":["M","?","$","?","M","E","R","E"],"character_chosen":"WATCHER","items_purchased":[],"campfire_rested":0,"item_purchase_floors":[],"current_hp_per_floor":[69,69,69,69,69,16,16,0,0],"gold":157,"neow_bonus":"RANDOM_COMMON_RELIC","is_daily":false,"chose_seed":false,"campfire_upgraded":1,"win_rate":0.0,"timestamp":1613146190,"path_taken":["M","?","?","?","M","E","R","E"],"items_purchased_type":[],"build_version":"2020-12-22","purchased_purges":0,"victory":false,"max_hp_per_floor":[72,72,72,72,72,72,72,72,72],"relic_stats":{"Blood Vial":6,"counters":[4,19],"obtain_stats":[{"Blood Vial":0,"aspiration:BabyByrd":2,"PureWater":0,"Replay:Bottled Steam":6},{"Blood Vial":0,"aspiration:BabyByrd":1,"PureWater":0,"Replay:Bottled Steam":3},{"Blood Vial":0,"aspiration:BabyByrd":2,"PureWater":0,"Replay:Bottled Steam":15}]},"card_choices":[{"not_picked":["CutThroughFate","ClearTheMind"],"picked":"Perseverance","floor":1.0},{"not_picked":["MentalFortress","Replay:Battleflow","Perseverance"],"picked":"SKIP","floor":5},{"not_picked":["Replay:AtTheReady","PathToVictory"],"picked":"Alpha","floor":6}],"player_experience":359380,"relics_obtained":[{"floor":6,"key":"Replay:Bottled Steam"}],"event_choices":[{"cards_removed":["Defend_P"],"damage_healed":0,"gold_gain":0,"player_choice":"Offered Basic","damage_taken":0,"max_hp_gain":0,"max_hp_loss":0,"event_name":"Bonfire Elementals","floor":4,"gold_loss":0}],"is_beta":false,"boss_relics":[],"items_purged_floors":[],"is_endless":false,"potions_floor_spawned":[1],"killed_by":"Gremlin Nob","ascension_level":0}}