{"host":"r4wzpqnzjxxipuax","time":1613108474,"event":{"mods":["AchievementEnabler","BaseMod","Colored Map","Marisa????????","Minty Spire (QoL Compilation)","StSLib","The Cursed","The Senshi"],"gold_per_floor":[113,213,232,249,265,265,294,294,294,326,346,361,208,219,219,322,322,336,23,41,41,58,58,58,157,157,175,205,224,253,263,263,367,367,378,278,292,0,17,17,50,62,62,62,62,62,97,109,121,133],"floor_reached":51,"language":"ENG","playtime":4815,"items_purged":["Strike_P","BattleHymn+1"],"score":844,"play_id":"d772dd22-eec9-46f7-93ee-70315bf323bf","local_time":"20210211224114","is_ascension_mode":true,"campfire_choices":[{"data":"Protect","floor":6.0,"key":"SMITH"},{"data":"Study","floor":8.0,"key":"SMITH"},{"floor":15.0,"key":"REST"},{"floor":23.0,"key":"REST"},{"floor":32.0,"key":"REST"},{"floor":40.0,"key":"REST"},{"floor":44,"key":"RECALL"},{"floor":46,"key":"REST"},{"floor":49,"key":"REST"}],"circlet_count":0,"master_deck":["Eruption+1","Vigilance+1","FlyingSleeves+1","Protect+1","DevaForm+1","Study+1","Protect+1","Wallop+1","BattleHymn+1","LessonLearned+1","Collect+1","CarveReality+1","Study+1","Protect+1","Crescendo+1","CrushJoints+1","Scrawl+1","Devotion+1","ForeignInfluence+1","Wireheading+1","Sanctity+1","Halt+1"],"relics":["Cursed Key","Shuriken","Frozen Egg 2","Astrolabe","Ice Cream","MutagenicStrength","Vajra","Gremlin Horn","Pandora\u0027s Box","Red Mask","Calipers","MawBank"],"acts_visited":["TheBeyond"],"potions_floor_usage":[50],"damage_taken":[{"damage":2.0,"enemies":"2 Louse","floor":1.0,"turns":5.0},{"damage":0.0,"enemies":"Cultist","floor":3.0,"turns":2.0},{"damage":0.0,"enemies":"Jaw Worm","floor":4.0,"turns":4.0},{"damage":0.0,"enemies":"Looter","floor":5.0,"turns":3.0},{"damage":13.0,"enemies":"Lagavulin","floor":7.0,"turns":8.0},{"damage":36.0,"enemies":"Gremlin Nob","floor":10.0,"turns":4.0},{"damage":0.0,"enemies":"Large Slime","floor":11.0,"turns":3.0},{"damage":11.0,"enemies":"Lots of Slimes","floor":12.0,"turns":7.0},{"damage":3.0,"enemies":"3 Louse","floor":14.0,"turns":6.0},{"damage":10.0,"enemies":"The Guardian","floor":16.0,"turns":8.0},{"damage":14.0,"enemies":"3 Byrds","floor":18.0,"turns":9.0},{"damage":21.0,"enemies":"2 Thieves","floor":20.0,"turns":5.0},{"damage":5.0,"enemies":"3 Cultists","floor":22.0,"turns":6.0},{"damage":9.0,"enemies":"Snake Plant","floor":27.0,"turns":2.0},{"damage":12.0,"enemies":"Gremlin Leader","floor":28.0,"turns":6.0},{"damage":0.0,"enemies":"Snecko","floor":29.0,"turns":6.0},{"damage":13.0,"enemies":"Book of Stabbing","floor":30.0,"turns":5.0},{"damage":9.0,"enemies":"3 Cultists","floor":31.0,"turns":4.0},{"damage":4.0,"enemies":"Champ","floor":33.0,"turns":8.0},{"damage":35.0,"enemies":"3 Darklings","floor":35.0,"turns":4.0},{"damage":19.0,"enemies":"Orb Walker","floor":37.0,"turns":5.0},{"damage":0.0,"enemies":"4 Shapes","floor":39.0,"turns":5.0},{"damage":15.0,"enemies":"Nemesis","floor":41.0,"turns":5.0},{"damage":6,"enemies":"Writhing Mass","floor":42,"turns":5},{"damage":0,"enemies":"Giant Head","floor":47,"turns":7},{"damage":71,"enemies":"Awakened One","floor":50,"turns":6}],"seed_played":"-1301448129007879878","potions_obtained":[{"floor":3.0,"key":"SneckoOil"},{"floor":7.0,"key":"FairyPotion"},{"floor":10.0,"key":"Strength Potion"},{"floor":11.0,"key":"LiquidMemories"},{"floor":16.0,"key":"CultistPotion"},{"floor":18.0,"key":"Weak Potion"},{"floor":28.0,"key":"ColorlessPotion"},{"floor":33.0,"key":"LiquidMemories"},{"floor":42,"key":"Ancient Potion"}],"is_trial":false,"path_per_floor":["M","?","M","M","M","R","E","R","T","E","M","M","$","M","R","B",null,"M","$","M","$","M","R","?","?","T","M","E","M","E","M","R","B",null,"M","$","M","?","M","R","E","M","T","R","?","R","E","?","R","B",null],"character_chosen":"WATCHER","items_purchased":["Regen Potion","Ice Cream"],"campfire_rested":6,"item_purchase_floors":[13,19],"current_hp_per_floor":[70,70,70,70,70,70,57,57,57,21,21,10,10,22,43,33,72,58,58,37,37,32,53,53,53,53,44,32,32,19,10,31,27,72,37,37,18,18,18,39,24,18,18,18,18,39,39,39,60,21],"gold":145,"neow_bonus":"BOSS_RELIC","is_daily":false,"chose_seed":false,"campfire_upgraded":2,"win_rate":0.0,"timestamp":1613108474,"path_taken":["M","?","M","M","M","R","E","R","T","E","?","?","$","M","R","BOSS","M","$","M","$","M","R","?","?","T","M","E","M","E","M","R","BOSS","M","$","M","?","M","R","E","M","T","R","?","R","E","?","R","BOSS"],"items_purchased_type":["Potion","Relic"],"build_version":"2020-12-22","purchased_purges":2,"victory":true,"max_hp_per_floor":[72,72,72,72,72,72,72,72,72,72,72,72,72,72,72,72,72,72,72,72,72,72,72,72,72,72,72,72,72,72,72,72,72,72,72,72,72,72,72,72,72,72,72,72,72,72,72,72,72,72],"card_choices":[{"not_picked":["Consecrate","Conclude"],"picked":"FlyingSleeves","floor":1.0},{"not_picked":["FollowUp","FlyingSleeves","SandsOfTime"],"picked":"SKIP","floor":3.0},{"not_picked":["Sanctity","Halt"],"picked":"Protect","floor":4.0},{"not_picked":["Halt","FollowUp"],"picked":"DevaForm","floor":5.0},{"not_picked":["EmptyMind","EmptyFist"],"picked":"Study","floor":7.0},{"not_picked":["Tantrum","Judgement"],"picked":"Protect","floor":10.0},{"not_picked":["FollowUp","BowlingBash"],"picked":"Wallop","floor":11.0},{"not_picked":["SashWhip","EmptyFist"],"picked":"BattleHymn+1","floor":12.0},{"not_picked":["Protect","CutThroughFate","Study+1"],"picked":"SKIP","floor":14.0},{"not_picked":["Judgement","ConjureBlade"],"picked":"LessonLearned","floor":16.0},{"not_picked":["Wireheading+1","BattleHymn+1","Protect"],"picked":"SKIP","floor":18.0},{"not_picked":["CarveReality","ThirdEye"],"picked":"Protect","floor":20.0},{"not_picked":["WreathOfFlame+1","Perseverance","ThirdEye+1"],"picked":"SKIP","floor":22.0},{"not_picked":["Pray","FollowUp"],"picked":"Crescendo","floor":27.0},{"not_picked":["EmptyFist","PathToVictory","Prostrate+1"],"picked":"SKIP","floor":28.0},{"not_picked":["Evaluate","LikeWater+1"],"picked":"CrushJoints","floor":29.0},{"not_picked":["Consecrate","WreathOfFlame","CrushJoints"],"picked":"SKIP","floor":30.0},{"not_picked":["EmptyFist","FollowUp","Swivel+1"],"picked":"SKIP","floor":31.0},{"not_picked":["Wish","Judgement"],"picked":"Scrawl","floor":33.0},{"not_picked":["ForeignInfluence","ThirdEye","ClearTheMind+1"],"picked":"SKIP","floor":35.0},{"not_picked":["FearNoEvil+1","FlyingSleeves","ReachHeaven+1"],"picked":"SKIP","floor":37.0},{"not_picked":["MentalFortress+1","EmptyFist+1","ForeignInfluence+1"],"picked":"SKIP","floor":39.0},{"not_picked":["CarveReality","InnerPeace+1"],"picked":"Sanctity+1","floor":41.0},{"not_picked":["JustLucky+1","Meditate+1"],"picked":"Halt+1","floor":42},{"not_picked":["SignatureMove","Pray+1","Crescendo+1"],"picked":"SKIP","floor":47}],"player_experience":278826,"relics_obtained":[{"floor":7.0,"key":"Shuriken"},{"floor":10.0,"key":"Frozen Egg 2"},{"floor":28.0,"key":"Vajra"},{"floor":30.0,"key":"Gremlin Horn"},{"floor":41.0,"key":"Calipers"},{"floor":47,"key":"MawBank"}],"event_choices":[{"damage_healed":0.0,"max_hp_gain":0.0,"max_hp_loss":0.0,"gold_gain":100.0,"event_name":"Golden Shrine","player_choice":"Pray","floor":2.0,"gold_loss":0.0,"damage_taken":0.0},{"damage_healed":0.0,"max_hp_gain":0.0,"max_hp_loss":0.0,"gold_gain":0.0,"event_name":"Drug Dealer","player_choice":"Inject Mutagens","floor":24.0,"gold_loss":0.0,"damage_taken":0.0,"relics_obtained":["MutagenicStrength"]},{"damage_healed":0.0,"max_hp_gain":0.0,"max_hp_loss":0.0,"gold_gain":99.0,"event_name":"Nest","player_choice":"Stole From Cult","floor":25.0,"gold_loss":0.0,"damage_taken":0.0},{"damage_healed":0.0,"max_hp_gain":0.0,"max_hp_loss":0.0,"gold_gain":0.0,"event_name":"Tomb of Lord Red Mask","player_choice":"Paid","floor":38.0,"gold_loss":292.0,"damage_taken":0.0,"relics_obtained":["Red Mask"]},{"damage_healed":0,"gold_gain":0,"player_choice":"Ignored","damage_taken":0,"max_hp_gain":0,"max_hp_loss":0,"event_name":"The Moai Head","floor":45,"gold_loss":0},{"damage_healed":0,"gold_gain":0,"player_choice":"Upgraded","damage_taken":0,"max_hp_gain":0,"max_hp_loss":0,"event_name":"Upgrade Shrine","floor":48,"gold_loss":0,"cards_upgraded":["ForeignInfluence"]}],"is_beta":false,"boss_relics":[{"not_picked":["Runic Pyramid","Velvet Choker"],"picked":"Astrolabe"},{"not_picked":["Philosopher\u0027s Stone","Calling Bell"],"picked":"Pandora\u0027s Box"}],"items_purged_floors":[13,36],"is_endless":false,"potions_floor_spawned":[3,7,10,11,16,18,28,33,39,42],"ascension_level":3}}