{"host":"hk6dyp3pgs92n0l4","time":1613151946,"event":{"mods":["AchievementEnabler","BaseMod","Colored Powertips","GifTheSpireLib","Infinite Spire","Minty Spire (QoL Compilation)","Random Character Mod","StSLib","The Bug Knight","The Construct","The Cursed","The Disciple","The Hierophant","The Runesmith"],"gold_per_floor":[111,131,146,146,96,121,121,155,155,155,170,95,95,110,110,211,261,279,279,294,294,294],"floor_reached":21,"language":"ENG","playtime":1094,"items_purged":["Strike_R"],"score":315,"play_id":"536f0f3d-3356-4760-82fb-7702d16ac94f","local_time":"20210212094546","is_ascension_mode":true,"campfire_choices":[{"data":"Barricade","floor":7,"key":"SMITH"},{"data":"1","floor":10,"key":"LIFT"},{"floor":13,"key":"REST"},{"data":"Armaments","floor":15,"key":"SMITH"}],"circlet_count":0,"master_deck":["Strike_R","Strike_R","Strike_R","Strike_R","Defend_R","Defend_R","Defend_R","Defend_R","Armaments+1","Barricade+1","Armaments","Iron Wave+1","Entrench","Reaper","Body Slam","Entrench"],"relics":["Burning Blood","infinitespire:ShieldingShard","Lizard Tail","Girya","Tiny House"],"acts_visited":["Exordium","TheCity"],"potions_floor_usage":[16,16,20,21,21],"damage_taken":[{"damage":5,"enemies":"Small Slimes","floor":1,"turns":3},{"damage":1,"enemies":"2 Louse","floor":2,"turns":3},{"damage":17,"enemies":"Jaw Worm","floor":3,"turns":7},{"damage":44,"enemies":"3 Sentries","floor":6,"turns":14},{"damage":16,"enemies":"Lagavulin","floor":8,"turns":14},{"damage":6,"enemies":"Gremlin Gang","floor":11,"turns":8},{"damage":0,"enemies":"2 Fungi Beasts","floor":14,"turns":5},{"damage":0,"enemies":"The Guardian","floor":16,"turns":24},{"damage":24,"enemies":"Shell Parasite","floor":18,"turns":13},{"damage":12,"enemies":"Centurion and Healer","floor":20,"turns":7},{"damage":34,"enemies":"Cultist and Chosen","floor":21,"turns":12}],"seed_played":"4270442747042988032","potions_obtained":[{"floor":3,"key":"construct:ShiftPotion"},{"floor":6,"key":"Ancient Potion"},{"floor":11,"key":"Energy Potion"},{"floor":17,"key":"DuplicationPotion"},{"floor":18,"key":"Energy Potion"},{"floor":20,"key":"AttackPotion"}],"is_trial":false,"path_per_floor":["M","M","M","?","?","E","R","E","T","R","M","$","R","M","R","B",null,"M","?","M","M"],"character_chosen":"IRONCLAD","items_purchased":[],"campfire_rested":1,"item_purchase_floors":[],"current_hp_per_floor":[88,88,77,82,82,44,44,34,34,34,34,34,61,67,67,73,98,85,85,89,63,63],"gold":294,"neow_bonus":"TEN_PERCENT_HP_BONUS","is_daily":false,"chose_seed":false,"campfire_upgraded":2,"win_rate":0.0,"timestamp":1613151946,"path_taken":["M","M","M","?","?","E","R","E","T","R","M","$","R","M","R","BOSS","M","?","M","M"],"items_purchased_type":[],"build_version":"2020-12-22","purchased_purges":1,"victory":false,"max_hp_per_floor":[88,88,88,93,93,93,93,93,93,93,93,93,93,93,93,93,98,98,98,98,98,98],"card_choices":[{"not_picked":["Anger","Clothesline"],"picked":"Armaments","floor":1},{"not_picked":["Carnage","Burning Pact"],"picked":"Barricade","floor":2},{"not_picked":["Havoc","Perfected Strike","Thunderclap"],"picked":"SKIP","floor":3},{"not_picked":["Carnage","Cleave","Pommel Strike"],"picked":"SKIP","floor":6},{"not_picked":["True Grit","Combust"],"picked":"Armaments","floor":8},{"not_picked":["Warcry","Perfected Strike"],"picked":"Iron Wave","floor":11},{"not_picked":["Clash","Bloodletting"],"picked":"Entrench","floor":14},{"not_picked":["Fiend Fire","Berserk"],"picked":"Reaper","floor":16},{"not_picked":["Combust","Intimidate"],"picked":"Body Slam","floor":17},{"not_picked":["Sword Boomerang","Sever Soul+1"],"picked":"Entrench","floor":18},{"not_picked":["Flex+1","Burning Pact+1","Wild Strike"],"picked":"SKIP","floor":20}],"player_experience":139146,"relics_obtained":[{"floor":6,"key":"infinitespire:ShieldingShard"},{"floor":8,"key":"Lizard Tail"},{"floor":9,"key":"Girya"}],"event_choices":[{"damage_healed":0,"gold_gain":0,"player_choice":"Donut","damage_taken":0,"max_hp_gain":5,"max_hp_loss":0,"event_name":"Big Fish","floor":4,"gold_loss":0},{"cards_removed":["Bash"],"damage_healed":0,"gold_gain":0,"player_choice":"Card Removal","damage_taken":0,"max_hp_gain":0,"max_hp_loss":0,"event_name":"The Cleric","floor":5,"gold_loss":50},{"damage_healed":0,"gold_gain":0,"player_choice":"Ignored","damage_taken":0,"max_hp_gain":0,"max_hp_loss":0,"event_name":"Ghosts","floor":19,"gold_loss":0}],"is_beta":false,"boss_relics":[{"not_picked":["Philosopher\u0027s Stone","infinitespire:Cupcake"],"picked":"Tiny House"}],"items_purged_floors":[12],"is_endless":false,"potions_floor_spawned":[3,6,11,18,20],"killed_by":"Cultist and Chosen","ascension_level":2}}