{"host":"epc8efk9vrywpcsw","time":1613141405,"event":{"mods":["BaseMod","Minty Spire (QoL Compilation)","Relic Stats","StSLib"],"gold_per_floor":[109,122,132,57,57,85,85,85,85],"floor_reached":8,"language":"ENG","playtime":155,"items_purged":[],"score":106,"play_id":"83322682-1cdf-4450-9708-5f70404b05dd","local_time":"20210212155005","is_ascension_mode":true,"campfire_choices":[{"floor":7,"key":"REST"}],"circlet_count":0,"master_deck":["AscendersBane","Strike_B+1","Strike_B","Strike_B","Defend_B","Defend_B","Defend_B+1","Defend_B","Zap","Dualcast","Go for the Eyes","Conserve Battery","Ball Lightning"],"relics":["Cracked Core","NeowsBlessing","Bird Faced Urn"],"acts_visited":["Exordium"],"potions_floor_usage":[6],"damage_taken":[{"damage":0,"enemies":"2 Louse","floor":1,"turns":1},{"damage":0,"enemies":"Jaw Worm","floor":2,"turns":1},{"damage":0,"enemies":"Small Slimes","floor":3,"turns":1},{"damage":35,"enemies":"3 Sentries","floor":6,"turns":9},{"damage":0,"enemies":"Gremlin Nob","floor":8,"turns":2}],"seed_played":"6492451912897209684","potions_obtained":[{"floor":3,"key":"ColorlessPotion"},{"floor":6,"key":"ColorlessPotion"}],"is_trial":false,"path_per_floor":["M","M","M","?","?","E","R","E"],"character_chosen":"DEFECT","items_purchased":[],"campfire_rested":1,"item_purchase_floors":[],"current_hp_per_floor":[64,64,64,64,43,8,29,29,29],"gold":85,"neow_bonus":"THREE_ENEMY_KILL","is_daily":false,"chose_seed":false,"campfire_upgraded":0,"win_rate":0.0,"timestamp":1613141405,"path_taken":["M","M","M","?","?","E","R","E"],"items_purchased_type":[],"build_version":"2020-12-22","purchased_purges":0,"victory":false,"max_hp_per_floor":[71,71,71,71,71,71,71,71,71],"relic_stats":{"counters":[5,14],"Bird Faced Urn":[0],"obtain_stats":[{"NeowsBlessing":0,"Bird Faced Urn":6,"Cracked Core":0},{"NeowsBlessing":0,"Bird Faced Urn":4,"Cracked Core":0},{"NeowsBlessing":0,"Bird Faced Urn":12,"Cracked Core":0}]},"card_choices":[{"not_picked":["Sweeping Beam","Coolheaded"],"picked":"Go for the Eyes","floor":1},{"not_picked":["Capacitor","Storm"],"picked":"Conserve Battery","floor":2},{"not_picked":["Steam Power","Rebound","Redo"],"picked":"SKIP","floor":3},{"not_picked":["Turbo","Hologram"],"picked":"Ball Lightning","floor":6}],"player_experience":521938,"relics_obtained":[{"floor":6,"key":"Bird Faced Urn"}],"event_choices":[{"cards_removed":["Strike_B"],"damage_healed":0,"gold_gain":0,"player_choice":"Card Removal","damage_taken":0,"max_hp_gain":0,"max_hp_loss":0,"event_name":"The Cleric","floor":4,"gold_loss":75},{"damage_healed":0,"gold_gain":0,"player_choice":"Entered Light","damage_taken":21,"max_hp_gain":0,"max_hp_loss":0,"event_name":"Shining Light","floor":5,"gold_loss":0,"cards_upgraded":["Strike_B","Defend_B"]}],"is_beta":false,"boss_relics":[],"items_purged_floors":[],"is_endless":false,"potions_floor_spawned":[3,6],"killed_by":"Gremlin Nob","ascension_level":18}}