{"host":"Qube","time":1613107528,"event":{"mods":["AchievementEnabler","BaseMod","Colored Map","Colored Powertips","Highlight Path","Minty Spire (QoL Compilation)","Permanent Neow","Quick Restart","Random Character Button","StSLib"],"gold_per_floor":[119,119,131,148,163,163,178,211,211,245,245,245,245],"floor_reached":12,"language":"ENG","playtime":563,"items_purged":[],"score":180,"play_id":"210b056f-54e2-40d5-85ae-798bbb1ad0e7","local_time":"20210211212528","is_ascension_mode":true,"campfire_choices":[{"data":"Accuracy","floor":6.0,"key":"SMITH"},{"floor":11.0,"key":"REST"}],"circlet_count":0,"master_deck":["AscendersBane","Strike_G","Strike_G","Strike_G","Strike_G","Strike_G","Defend_G","Defend_G","Defend_G","Defend_G","Defend_G","Survivor","Neutralize","Venomology","Cloak And Dagger","Cloak And Dagger","Blade Dance","Accuracy+1","Choke","Well Laid Plans+1","Noxious Fumes+1"],"relics":["Ring of the Snake","Vajra","Frozen Egg 2","WingedGreaves","Dead Branch"],"acts_visited":["Exordium"],"potions_floor_usage":[],"damage_taken":[{"damage":1.0,"enemies":"Jaw Worm","floor":1.0,"turns":3.0},{"damage":0.0,"enemies":"Small Slimes","floor":3.0,"turns":4.0},{"damage":0.0,"enemies":"2 Louse","floor":4.0,"turns":8.0},{"damage":0.0,"enemies":"Large Slime","floor":5.0,"turns":3.0},{"damage":0.0,"enemies":"Exordium Wildlife","floor":7.0,"turns":4.0},{"damage":32.0,"enemies":"Gremlin Nob","floor":8.0,"turns":4.0},{"damage":14.0,"enemies":"Lagavulin","floor":10.0,"turns":6.0},{"damage":30,"enemies":"Gremlin Nob","floor":12,"turns":3}],"seed_played":"2581246559751555052","potions_obtained":[{"floor":4.0,"key":"Fire Potion"}],"is_trial":false,"path_per_floor":["M","?","M","M","M","R","M","E","T","E","R","E"],"character_chosen":"THE_SILENT","items_purchased":[],"campfire_rested":1,"item_purchase_floors":[],"current_hp_per_floor":[58,53,53,53,53,53,53,21,21,7,25,0,0],"gold":245,"neow_bonus":"THREE_RARE_CARDS","is_daily":false,"chose_seed":false,"campfire_upgraded":1,"win_rate":0.0,"timestamp":1613107528,"path_taken":["M","?","M","M","M","R","M","E","T","E","R","E"],"items_purchased_type":[],"build_version":"2020-12-18","purchased_purges":0,"victory":false,"max_hp_per_floor":[60,60,60,60,60,60,60,60,60,60,60,60,60],"card_choices":[{"not_picked":["A Thousand Cuts","Grand Finale"],"picked":"Venomology","floor":0.0},{"not_picked":["Catalyst","Outmaneuver"],"picked":"Cloak And Dagger","floor":1.0},{"not_picked":["Escape Plan","Backflip"],"picked":"Cloak And Dagger","floor":3.0},{"not_picked":["PiercingWail","Tactician"],"picked":"Blade Dance","floor":4.0},{"not_picked":["Terror","Flechettes"],"picked":"Accuracy","floor":5.0},{"not_picked":["Well Laid Plans","Tactician"],"picked":"Choke","floor":7.0},{"not_picked":["Dagger Throw","Expertise"],"picked":"Well Laid Plans+1","floor":8.0},{"not_picked":["Blade Dance","Poisoned Stab"],"picked":"Noxious Fumes+1","floor":10.0}],"player_experience":1152064,"relics_obtained":[{"floor":8.0,"key":"Frozen Egg 2"},{"floor":9.0,"key":"WingedGreaves"},{"floor":10.0,"key":"Dead Branch"}],"event_choices":[{"damage_healed":0.0,"max_hp_gain":0.0,"max_hp_loss":0.0,"gold_gain":0.0,"event_name":"Scrap Ooze","player_choice":"Success","floor":2.0,"gold_loss":0.0,"damage_taken":5.0,"relics_obtained":["Vajra"]}],"is_beta":true,"boss_relics":[],"items_purged_floors":[],"is_endless":false,"potions_floor_spawned":[4],"killed_by":"Gremlin Nob","ascension_level":20}}