{"host":"z42sc0n2dozsmk72","time":1613123567,"event":{"mods":["AchievementEnabler","BaseMod","Better Third Choice","Colored Map","Curses Come First","Highlight Path","Minty Spire (QoL Compilation)","Permanent Neow","Quick Restart","Relic Stats","Shop Mod","StSLib","egg","slay the spire mod where everything is the same but ironclad has a cowboy hat"],"gold_per_floor":[112,127,145,145,163,163,181,209,236,254,254,284,304,71,71,174,174,186,198,113,127,127,127,140,140,140],"floor_reached":25,"language":"ENG","playtime":1853,"items_purged":[],"score":318,"play_id":"4b54ecd5-7ae2-43d9-a35a-a631a121af1e","local_time":"20210212225246","is_ascension_mode":true,"campfire_choices":[{"data":"Zap","floor":6,"key":"SMITH"},{"data":"Dualcast","floor":11,"key":"SMITH"},{"data":"Capacitor","floor":15,"key":"SMITH"},{"data":"Coolheaded","floor":23,"key":"SMITH"}],"circlet_count":0,"master_deck":["Strike_B","Strike_B","Strike_B","Strike_B","Defend_B","Defend_B","Defend_B","Defend_B","Zap+1","Dualcast+1","All For One","Coolheaded+1","All For One","BootSequence","Conserve Battery","Capacitor+1","Echo Form","Capacitor","Undo+1","Core Surge"],"relics":["Cracked Core","GremlinMask","Art of War","Orichalcum","MealTicket","Odd Mushroom","Oddly Smooth Stone","Snecko Eye","Anchor"],"acts_visited":["Exordium","TheCity"],"potions_floor_usage":[13,24],"damage_taken":[{"damage":3.0,"enemies":"2 Louse","floor":1.0,"turns":2.0},{"damage":1,"enemies":"Cultist","floor":2,"turns":4},{"damage":5,"enemies":"Jaw Worm","floor":3,"turns":3},{"damage":2,"enemies":"2 Fungi Beasts","floor":5,"turns":4},{"damage":0,"enemies":"3 Louse","floor":7,"turns":3},{"damage":23,"enemies":"Lagavulin","floor":8,"turns":6},{"damage":2,"enemies":"Looter","floor":10,"turns":3},{"damage":23,"enemies":"3 Sentries","floor":12,"turns":6},{"damage":3,"enemies":"The Mushroom Lair","floor":13,"turns":4},{"damage":0,"enemies":"Hexaghost","floor":16,"turns":9},{"damage":1,"enemies":"Chosen","floor":18,"turns":8},{"damage":14,"enemies":"Shell Parasite","floor":19,"turns":4},{"damage":3,"enemies":"Shelled Parasite and Fungi","floor":21,"turns":8},{"damage":29,"enemies":"3 Cultists","floor":24,"turns":5},{"damage":14,"enemies":"Book of Stabbing","floor":25,"turns":6}],"seed_played":"4606155740140077755","potions_obtained":[{"floor":7,"key":"ColorlessPotion"},{"floor":8,"key":"Strength Potion"},{"floor":10,"key":"Ancient Potion"},{"floor":18,"key":"AttackPotion"}],"is_trial":false,"path_per_floor":["M","M","M","?","M","R","M","E","T","M","R","E","?","$","R","B",null,"M","M","?","M","?","R","M","E"],"character_chosen":"DEFECT","items_purchased":["Capacitor","Oddly Smooth Stone"],"campfire_rested":0,"item_purchase_floors":[14,14],"current_hp_per_floor":[72,71,66,66,64,64,64,41,41,39,39,16,13,28,28,28,75,74,60,60,57,43,43,14,0,0],"gold":140,"neow_bonus":"ONE_RANDOM_RARE_CARD","is_daily":false,"chose_seed":false,"campfire_upgraded":4,"win_rate":0.0,"timestamp":1613123566,"path_taken":["M","M","M","?","M","R","M","E","T","?","R","E","?","$","R","BOSS","M","M","?","M","?","R","M","E"],"items_purchased_type":["Card","Relic"],"build_version":"2020-12-22","purchased_purges":0,"victory":false,"max_hp_per_floor":[75,75,75,75,75,75,75,75,75,75,75,75,75,75,75,75,75,75,75,75,75,80,80,80,80,80],"relic_stats":{"counters":[15,75],"Snecko Eye":[57,39,45,60],"MealTicket":15,"Art of War":[11],"Orichalcum":[30],"obtain_stats":[{"Anchor":20,"Oddly Smooth Stone":14,"Snecko Eye":17,"GremlinMask":4,"MealTicket":12,"Art of War":8,"Orichalcum":9,"Odd Mushroom":13,"Cracked Core":0},{"Anchor":12,"Oddly Smooth Stone":9,"Snecko Eye":10,"GremlinMask":3,"MealTicket":8,"Art of War":6,"Orichalcum":6,"Odd Mushroom":9,"Cracked Core":0},{"Anchor":56,"Oddly Smooth Stone":35,"Snecko Eye":44,"GremlinMask":9,"MealTicket":31,"Art of War":22,"Orichalcum":22,"Odd Mushroom":35,"Cracked Core":0}]},"card_choices":[{"not_picked":["Leap","Double Energy"],"picked":"Coolheaded","floor":1.0},{"not_picked":["Skim","Beam Cell","Double Energy"],"picked":"SKIP","floor":2},{"not_picked":["Compile Driver","Steam"],"picked":"All For One","floor":3},{"not_picked":["Sweeping Beam","Tempest","Stack"],"picked":"SKIP","floor":5},{"not_picked":["Skim","Darkness","Rebound"],"picked":"SKIP","floor":7},{"not_picked":["Auto Shields","Cold Snap","Barrage"],"picked":"SKIP","floor":8},{"not_picked":["Redo","Cold Snap","Stack"],"picked":"SKIP","floor":10},{"not_picked":["Stack","Heatsinks"],"picked":"BootSequence","floor":12},{"not_picked":["Sweeping Beam","Storm"],"picked":"Conserve Battery","floor":13},{"not_picked":["Multi-Cast","Rainbow"],"picked":"Echo Form","floor":16},{"not_picked":["Melter","Streamline+1"],"picked":"Capacitor","floor":18},{"not_picked":["Beam Cell","Compile Driver"],"picked":"Undo+1","floor":19},{"not_picked":["Barrage+1","Stack+1"],"picked":"Core Surge","floor":21},{"not_picked":["Stack","Gash+1","Go for the Eyes"],"picked":"SKIP","floor":24}],"player_experience":935956,"relics_obtained":[{"floor":8,"key":"Art of War"},{"floor":9,"key":"Orichalcum"},{"floor":12,"key":"MealTicket"},{"floor":13,"key":"Odd Mushroom"}],"event_choices":[{"damage_healed":0,"gold_gain":0,"player_choice":"Trade","damage_taken":0,"relics_obtained":["GremlinMask"],"max_hp_gain":0,"max_hp_loss":0,"event_name":"FaceTrader","floor":4,"gold_loss":0},{"damage_healed":0,"gold_gain":0,"player_choice":"Fought Mushrooms","damage_taken":0,"max_hp_gain":0,"max_hp_loss":0,"event_name":"Mushrooms","floor":13,"gold_loss":0},{"damage_healed":0,"gold_gain":0,"player_choice":"Obtained Relic","damage_taken":0,"relics_obtained":["Anchor"],"max_hp_gain":0,"max_hp_loss":0,"event_name":"Addict","floor":20,"gold_loss":85},{"damage_healed":0,"gold_gain":0,"player_choice":"Shed Blood","damage_taken":19,"max_hp_gain":5,"max_hp_loss":0,"event_name":"Forgotten Altar","floor":22,"gold_loss":0}],"is_beta":false,"boss_relics":[{"not_picked":["Philosopher\u0027s Stone","Astrolabe"],"picked":"Snecko Eye"}],"items_purged_floors":[],"is_endless":false,"potions_floor_spawned":[7,8,10,18],"killed_by":"Book of Stabbing","ascension_level":4}}