{"host":"v2b7co6515hwzfig","time":1613164625,"event":{"mods":["BaseMod","Colored Powertips","Downfall","Highlight Path","KinomotoSakuraMod(????)","Marisa????????","Minty Spire (QoL Compilation)","Quick Restart","Rare Cards Sparkle","StSLib","The Bug Knight","The Senshi"],"gold_per_floor":[111,111,122,132,207,232,249,249,321,332,332,344,356,356,356,453,453,466,478,24,24,38,38,38,38,38,49,49,60,60,79,79,181,181,192,117,117,117,117,117],"floor_reached":39,"language":"ENG","playtime":2170,"items_purged":["downfall:Bewildered"],"score":410,"play_id":"3939801f-4403-4b0d-977b-63dbfc4b31e7","local_time":"20210212221705","is_ascension_mode":false,"campfire_choices":[{"data":"Metallicize","floor":8,"key":"SMITH"},{"floor":11,"key":"REST"},{"floor":15,"key":"REST"},{"floor":23,"key":"REST"},{"data":"Combust","floor":28,"key":"SMITH"},{"data":"Armaments","floor":30,"key":"SMITH"},{"floor":32,"key":"REST"}],"circlet_count":0,"master_deck":["Strike_R","Strike_R","Strike_R","Strike_R","Strike_R","Defend_R","Defend_R","Defend_R","Defend_R","Bash","Infernal Blade","Dual Wield","Berserk","Twin Strike","Armaments+1","Pommel Strike","Metallicize+1","Anger","Body Slam","Thunderclap","Feed","Combust+1","Shrug It Off+1","Metallicize+1","Armaments+1","Writhe","Sword Boomerang","Thunderclap+1","Perfected Strike+1","Demon Form","Double Tap+1","Armaments+1"],"relics":["Burning Blood","Mango","Toxic Egg 2","Busted Crown","DollysMirror","Pantograph","Oddly Smooth Stone","Bronze Scales","sneckomod:BabySnecko","Question Card","SlaversCollar"],"acts_visited":["Exordium","TheCity","TheBeyond"],"potions_floor_usage":[6,6,7,16,16,16,22,27,33,37],"damage_taken":[{"damage":0.0,"enemies":"Small Slimes","floor":1.0,"turns":3.0},{"damage":0.0,"enemies":"Cultist","floor":3.0,"turns":3.0},{"damage":11,"enemies":"Jaw Worm","floor":4,"turns":3},{"damage":29,"enemies":"Gremlin Nob","floor":6,"turns":4},{"damage":2,"enemies":"Blue Slaver","floor":7,"turns":3},{"damage":19,"enemies":"Red Slaver","floor":10,"turns":4},{"damage":21,"enemies":"2 Fungi Beasts","floor":12,"turns":4},{"damage":18,"enemies":"Exordium Thugs","floor":13,"turns":5},{"damage":79,"enemies":"The Guardian","floor":16,"turns":9},{"damage":5,"enemies":"Chosen","floor":18,"turns":5},{"damage":17,"enemies":"Spheric Guardian","floor":19,"turns":3},{"damage":10,"enemies":"Snake Plant","floor":22,"turns":4},{"damage":30,"enemies":"Sentry and Sphere","floor":27,"turns":5},{"damage":6,"enemies":"3 Cultists","floor":29,"turns":5},{"damage":28,"enemies":"Snake Plant","floor":31,"turns":4},{"damage":69,"enemies":"Champ","floor":33,"turns":11},{"damage":75,"enemies":"3 Darklings","floor":35,"turns":6},{"damage":0,"enemies":"Orb Walker","floor":37,"turns":1},{"damage":36,"enemies":"3 Darklings","floor":39,"turns":5}],"seed_played":"-1338902643289221558","potions_obtained":[{"floor":3,"key":"ColorlessPotion"},{"floor":4,"key":"Regen Potion"},{"floor":6,"key":"Weak Potion"},{"floor":14,"key":"Dexterity Potion"},{"floor":14,"key":"LiquidBronze"},{"floor":14,"key":"Strength Potion"},{"floor":19,"key":"bronze:BurnAndBuffPotion"},{"floor":22,"key":"HeartOfIron"},{"floor":29,"key":"LiquidBronze"},{"floor":35,"key":"SmokeBomb"}],"is_trial":false,"path_per_floor":["M","?","M","M","?","E","M","R","T","M","R","M","M","?","R","B",null,"M","M","$","?","M","R","?","?","T","M","R","M","R","M","R","B",null,"M","$","M","?","M"],"character_chosen":"IRONCLAD","items_purchased":["DollysMirror","Pantograph","Armaments+1"],"campfire_rested":4,"item_purchase_floors":[20,20,20],"current_hp_per_floor":[80,80,80,75,64,67,71,71,71,58,86,71,59,59,87,14,94,94,83,83,83,79,94,94,94,94,70,70,70,70,48,76,31,94,28,28,34,34,0,0],"gold":117,"neow_bonus":"","is_daily":false,"chose_seed":false,"campfire_upgraded":3,"win_rate":0.0,"timestamp":1613164625,"path_taken":["M","?","?","M","?","E","M","R","T","M","R","M","M","?","R","BOSS","M","M","$","?","M","R","?","?","T","M","R","M","R","?","R","BOSS","M","$","M","?","M"],"items_purchased_type":["Relic","Relic","Card"],"build_version":"2020-12-13","purchased_purges":1,"victory":false,"max_hp_per_floor":[80,80,80,80,80,94,94,94,94,94,94,94,94,94,94,94,94,94,94,94,94,94,94,94,94,94,94,94,94,94,94,94,94,94,97,97,97,97,97,97],"card_choices":[{"not_picked":["Clash","Uppercut"],"picked":"Infernal Blade","floor":1.0},{"not_picked":["Pummel","Perfected Strike"],"picked":"Twin Strike","floor":3},{"not_picked":["Perfected Strike","Shrug It Off"],"picked":"Armaments","floor":4},{"not_picked":["Reckless Charge","Flex"],"picked":"Pommel Strike","floor":6},{"not_picked":["Pummel","True Grit"],"picked":"Metallicize","floor":7},{"not_picked":["Carnage","Entrench+1"],"picked":"Anger","floor":10},{"not_picked":["Twin Strike","Fiend Fire"],"picked":"Body Slam","floor":12},{"not_picked":["Dark Embrace","Burning Pact+1"],"picked":"Thunderclap","floor":13},{"not_picked":["Brutality","Barricade"],"picked":"Feed","floor":16},{"not_picked":[],"picked":"Combust","floor":18},{"not_picked":[],"picked":"Shrug It Off+1","floor":19},{"not_picked":[],"picked":"Sword Boomerang","floor":22},{"not_picked":["Armaments+1"],"picked":"Thunderclap+1","floor":27},{"not_picked":["Body Slam"],"picked":"Perfected Strike+1","floor":29},{"not_picked":["Searing Blow"],"picked":"Demon Form","floor":31},{"not_picked":["Reaper"],"picked":"Double Tap+1","floor":33},{"not_picked":["Headbutt"],"picked":"Armaments+1","floor":35}],"player_experience":0,"relics_obtained":[{"floor":6,"key":"Mango"},{"floor":9,"key":"Toxic Egg 2"},{"floor":26,"key":"Question Card"}],"event_choices":[{"damage_healed":0.0,"max_hp_gain":0.0,"max_hp_loss":0.0,"gold_gain":0.0,"event_name":"Match and Keep!","player_choice":"2 cards matched","floor":2.0,"gold_loss":0.0,"damage_taken":0.0,"cards_obtained":["Dual Wield","Berserk"]},{"damage_healed":0,"gold_gain":75,"player_choice":"Gather Gold","damage_taken":11,"max_hp_gain":0,"max_hp_loss":0,"event_name":"World of Goop","floor":5,"gold_loss":0},{"damage_healed":0,"gold_gain":0,"player_choice":"Got Potions","damage_taken":0,"max_hp_gain":0,"max_hp_loss":0,"event_name":"Lab","floor":14,"gold_loss":0},{"damage_healed":0,"gold_gain":0,"player_choice":"Opened","damage_taken":0,"relics_obtained":["Oddly Smooth Stone"],"max_hp_gain":0,"max_hp_loss":0,"event_name":"The Mausoleum","floor":21,"gold_loss":0,"cards_obtained":["Writhe"]},{"damage_healed":0,"gold_gain":0,"player_choice":"Stole Relic","damage_taken":0,"relics_obtained":["Bronze Scales"],"max_hp_gain":0,"max_hp_loss":0,"event_name":"Addict","floor":24,"gold_loss":0,"cards_obtained":["Shame"]},{"cards_removed":["Shame"],"damage_healed":0,"gold_gain":0,"player_choice":"Purged","damage_taken":0,"max_hp_gain":0,"max_hp_loss":0,"event_name":"Purifier","floor":38,"gold_loss":0}],"is_beta":false,"boss_relics":[{"not_picked":["Snecko Eye","Coffee Dripper"],"picked":"Busted Crown"},{"not_picked":["Mark of Pain","Fusion Hammer"],"picked":"SlaversCollar"}],"items_purged_floors":[36],"is_endless":false,"potions_floor_spawned":[3,4,6,19,22,29,35,37],"killed_by":"3 Darklings","ascension_level":0}}