{"host":"5y2vm16xfq9gfmb2","time":1613113238,"event":{"mods":["AchievementEnabler","BaseMod","Better Third Choice","Colored Map","Colored Powertips","DeckTracker","Marisa????????","Minty Spire (QoL Compilation)","Rare Cards Sparkle","Relic Stats","StSLib","The Alterego","The Animator","The Marked","The Servant 0.9.4"],"gold_per_floor":[114,130,130,130,230,280,280,301,328,328,343,151,169,200,200,200,200],"floor_reached":16,"language":"ENG","playtime":951,"items_purged":[],"score":102,"play_id":"58230f93-63a8-4b34-b23f-2ededfb25250","local_time":"20210212020038","is_ascension_mode":false,"campfire_choices":[{"floor":7,"key":"REST"},{"floor":10,"key":"REST"},{"floor":15,"key":"RECALL"}],"circlet_count":0,"master_deck":["animator:Strike_Konosuba","animator:Defend_Konosuba","animator:Strike","animator:Strike","animator:Strike","animator:Defend","animator:Defend","animator:Defend","animator:Kazuma","animator:Aqua","animator:Saber","animator:Illya","animator:Genos","animator:Layla","animator:Melzalgald","animator:MumenRider","animator:Jibril","animator:DolaRiku","animator:Megumin+1"],"relics":["animator:LivingPicture","animator:TheMissingPiece","animator:PurgingStone","Golden Idol","Orichalcum","Boot","Lee\u0027s Waffle"],"acts_visited":["Exordium"],"potions_floor_usage":[16],"damage_taken":[{"damage":0,"enemies":"2 Louse","floor":1,"turns":3},{"damage":17,"enemies":"Jaw Worm","floor":2,"turns":3},{"damage":36,"enemies":"Gremlin Nob","floor":6,"turns":5},{"damage":3,"enemies":"Cultist","floor":8,"turns":4},{"damage":7,"enemies":"Red Slaver","floor":11,"turns":2},{"damage":18,"enemies":"Gremlin Gang","floor":13,"turns":3},{"damage":4,"enemies":"Looter","floor":14,"turns":2},{"damage":57,"enemies":"Slime Boss","floor":16,"turns":8}],"seed_played":"363756142995359695","potions_obtained":[{"floor":1,"key":"DuplicationPotion"},{"floor":2,"key":"Ancient Potion"},{"floor":8,"key":"SmokeBomb"}],"is_trial":false,"path_per_floor":["M","M","?","T","?","E","R","M","T","R","M","$","M","M","R","B"],"character_chosen":"THE_ANIMATOR","items_purchased":["Lee\u0027s Waffle","animator:Jibril"],"campfire_rested":2,"item_purchase_floors":[12,12],"current_hp_per_floor":[66,51,35,35,35,1,20,19,19,38,33,73,57,53,53,0,0],"gold":200,"neow_bonus":"ONE_RANDOM_RARE_CARD","is_daily":false,"chose_seed":false,"campfire_upgraded":0,"win_rate":0.0,"timestamp":1613113238,"path_taken":["M","M","?","?","?","E","R","M","T","R","?","$","M","M","R","BOSS"],"items_purchased_type":["Relic","Card"],"build_version":"2020-12-22","purchased_purges":0,"victory":false,"max_hp_per_floor":[66,66,66,66,66,66,66,66,66,66,66,73,73,73,73,73,73],"relic_stats":{"Lee\u0027s Waffle":40,"counters":[8,30],"Golden Idol":23,"Orichalcum":[48],"Boot":[8],"obtain_stats":[{"Lee\u0027s Waffle":12,"animator:PurgingStone":0,"Golden Idol":3,"animator:TheMissingPiece":0,"animator:LivingPicture":0,"Orichalcum":6,"Boot":9},{"Lee\u0027s Waffle":5,"animator:PurgingStone":0,"Golden Idol":2,"animator:TheMissingPiece":0,"animator:LivingPicture":0,"Orichalcum":3,"Boot":4},{"Lee\u0027s Waffle":17,"animator:PurgingStone":0,"Golden Idol":6,"animator:TheMissingPiece":0,"animator:LivingPicture":0,"Orichalcum":11,"Boot":15}]},"card_choices":[{"not_picked":["animator:Shalltear","animator:Alexander"],"picked":"animator:Illya","floor":1},{"not_picked":["animator:GazelDwargon","animator:IzunaHatsuse"],"picked":"animator:Genos","floor":2},{"not_picked":["animator:Melzalgald","animator:Emonzaemon"],"picked":"animator:Layla","floor":6},{"not_picked":["animator:MumenRider","animator:Genos"],"picked":"animator:Melzalgald","floor":8},{"not_picked":["animator:Emonzaemon","animator:Demiurge"],"picked":"animator:MumenRider","floor":11},{"not_picked":["animator:Assassin","animator:GuildGirl"],"picked":"animator:DolaRiku","floor":13},{"not_picked":["animator:UneriGinkaku","animator:Mitsurugi"],"picked":"animator:Megumin","floor":14}],"player_experience":55047,"relics_obtained":[{"floor":6,"key":"Orichalcum"},{"floor":9,"key":"Boot"}],"event_choices":[{"damage_healed":0,"gold_gain":0,"player_choice":"Take Damage","damage_taken":16,"relics_obtained":["Golden Idol"],"max_hp_gain":0,"max_hp_loss":0,"event_name":"Golden Idol","floor":3,"gold_loss":0},{"damage_healed":0,"gold_gain":100,"player_choice":"Pray","damage_taken":0,"max_hp_gain":0,"max_hp_loss":0,"event_name":"Golden Shrine","floor":5,"gold_loss":0}],"is_beta":false,"boss_relics":[],"items_purged_floors":[],"is_endless":false,"potions_floor_spawned":[1,2,8],"killed_by":"Slime Boss","ascension_level":0}}