{"host":"lg52aq764g9v2r4m","time":1613164470,"event":{"mods":["2.2 Compatiblity","BaseMod","Minty Spire (QoL Compilation)"],"gold_per_floor":[118,136,136,136,1,1,28,28,28,28,28],"floor_reached":10,"language":"ENG","playtime":865,"items_purged":[],"score":74,"play_id":"1c2abe07-a0c8-4ef5-8a27-13495408a03d","local_time":"20210212161430","is_ascension_mode":true,"campfire_choices":[{"data":"Bash","floor":6,"key":"SMITH"}],"circlet_count":0,"master_deck":["Strike_R","Strike_R","Strike_R+1","Strike_R+1","Strike_R","Defend_R","Defend_R","Defend_R","Defend_R","Bash+1","Reaper","Flame Barrier+1","Fire Breathing","Regret","Feed","Thunderclap"],"relics":["Burning Blood","Matryoshka","Lantern","Darkstone Periapt","Whetstone","Question Card","Eternal Feather"],"acts_visited":["Exordium"],"potions_floor_usage":[7,10],"damage_taken":[{"damage":6,"enemies":"Cultist","floor":1,"turns":4},{"damage":2,"enemies":"Jaw Worm","floor":2,"turns":4},{"damage":52,"enemies":"Gremlin Nob","floor":7,"turns":6},{"damage":41,"enemies":"Lagavulin","floor":10,"turns":8}],"seed_played":"-2089085560903486636","potions_obtained":[{"floor":2,"key":"Block Potion"},{"floor":7,"key":"Weak Potion"}],"is_trial":false,"path_per_floor":["M","M","?","T","$","R","E","?","T","E"],"character_chosen":"IRONCLAD","items_purchased":["Feed"],"campfire_rested":0,"item_purchase_floors":[5],"current_hp_per_floor":[80,80,80,80,80,80,34,34,34,0,0],"gold":28,"neow_bonus":"ONE_RANDOM_RARE_CARD","is_daily":false,"chose_seed":false,"campfire_upgraded":1,"win_rate":0.0,"timestamp":1613164470,"path_taken":["M","?","?","?","$","R","E","?","T","E"],"items_purchased_type":["Card"],"build_version":"2020-12-22","purchased_purges":0,"victory":false,"max_hp_per_floor":[80,80,80,80,80,80,80,80,80,80,80],"card_choices":[{"not_picked":["Iron Wave","Twin Strike"],"picked":"Flame Barrier","floor":1},{"not_picked":["Pummel","Anger"],"picked":"Fire Breathing","floor":2},{"not_picked":["Bludgeon","Havoc"],"picked":"Thunderclap","floor":7}],"player_experience":79330,"relics_obtained":[{"floor":4,"key":"Lantern"},{"floor":4,"key":"Darkstone Periapt"},{"floor":7,"key":"Whetstone"},{"floor":9,"key":"Question Card"},{"floor":9,"key":"Eternal Feather"}],"event_choices":[{"damage_healed":0,"gold_gain":0,"player_choice":"Box","damage_taken":0,"relics_obtained":["Matryoshka"],"max_hp_gain":0,"max_hp_loss":0,"event_name":"Big Fish","floor":3,"gold_loss":0,"cards_obtained":["Regret"]},{"damage_healed":0,"gold_gain":0,"player_choice":"Grow","damage_taken":0,"max_hp_gain":0,"max_hp_loss":0,"event_name":"Living Wall","floor":8,"gold_loss":0,"cards_upgraded":["Flame Barrier"]}],"is_beta":false,"boss_relics":[],"items_purged_floors":[],"is_endless":false,"potions_floor_spawned":[2,7],"killed_by":"Lagavulin","ascension_level":3}}