{"host":"1lwxixhv2lzh5ag1","time":1613167127,"event":{"mods":["AchievementEnabler","BaseMod","Bestiary","Better Altar","Better Match","Better Note","Better Sensory Stone","Better Silent Start","Better Skull","Better Third Choice","BetterRewards","Colored Map","Colored Powertips","DeckTracker","Displayed Cursed Tome","Downfall","Fox Events","Hubris","Minty Spire (QoL Compilation)","Permanent Neow","Relic Stats","Reliquary","Replay The Spire","Spire Arcade","StSLib","Td1madao Mod","The Blue Laboratory","Uncapped","Waifu the Spire"],"gold_per_floor":[117,128,128,138,154,154,168,198,244,99,99,116,116,116,116,116,116,220,220,236,286,303,318,318,318,318],"floor_reached":25,"language":"ENG","playtime":1097,"items_purged":[],"score":238,"play_id":"128e1822-8973-4fb2-b081-3ac350ca5346","local_time":"20210212165847","is_ascension_mode":true,"campfire_choices":[{"floor":6,"key":"REST"},{"floor":17,"key":"REST"}],"circlet_count":0,"master_deck":["Strike_G+1","Strike_G","Strike_G","Strike_G","Defend_G","Defend_G","Defend_G+1","Survivor","Neutralize","Slice","Endless Agony","Slice","Quick Slash","Catalyst","Quick Slash","Crippling Poison+1","Dagger Throw+1","Poison Darts","Slice","Slice","Backstab"],"relics":["Ring of the Snake","Ring of Peace","Ring of Panic","Du-Vu Doll","reliquary:WeakTea","reliquary:Buckler","hubris:TinFlute","hubris:Backtick","Burning Blood"],"acts_visited":["Exordium","TheCity"],"potions_floor_usage":[12,18,25],"damage_taken":[{"damage":5.0,"enemies":"Small Slimes","floor":1.0,"turns":5.0},{"damage":1,"enemies":"2 Louse","floor":2,"turns":3},{"damage":15,"enemies":"Cultist","floor":4,"turns":5},{"damage":4,"enemies":"Blue Slaver","floor":5,"turns":5},{"damage":4,"enemies":"Red Slaver","floor":7,"turns":6},{"damage":35,"enemies":"Lagavulin","floor":8,"turns":10},{"damage":13,"enemies":"Gremlin Gang","floor":12,"turns":4},{"damage":16,"enemies":"Hexaghost","floor":18,"turns":9},{"damage":0,"enemies":"Chosen","floor":20,"turns":4},{"damage":10,"enemies":"3 Byrds","floor":22,"turns":5},{"damage":11,"enemies":"Snecko","floor":23,"turns":4},{"damage":68,"enemies":"Gremlin Leader","floor":25,"turns":7}],"seed_played":"-6091213789723505309","potions_obtained":[{"floor":0.0,"key":"blueLaboratory:PhilterOfMotion"},{"floor":0.0,"key":"CultistPotion"},{"floor":0.0,"key":"Toxic Potion"},{"floor":18,"key":"blueLaboratory:FrostheartPotion"},{"floor":22,"key":"blueLaboratory:HorrorPotion"}],"is_trial":false,"path_per_floor":["M","M","?","M","M","R","M","E","T","$","?","M","?","?","R_BF","PTL","R","B",null,"M","?","M","M","?","E"],"character_chosen":"THE_SILENT","items_purchased":["reliquary:Buckler"],"campfire_rested":2,"item_purchase_floors":[10],"current_hp_per_floor":[65,64,64,49,45,66,62,27,27,27,50,37,37,37,37,37,58,42,70,70,70,66,61,61,0,0],"gold":318,"neow_bonus":"THREE_SMALL_POTIONS","is_daily":false,"chose_seed":false,"campfire_upgraded":0,"win_rate":0.0,"timestamp":1613167127,"path_taken":["M","M","?","M","M","R","M","E","T","$","?","M","?","?","R_BF","PTL","R","BOSS","M","?","M","?","?","E"],"items_purchased_type":["Relic"],"build_version":"2020-12-22","purchased_purges":0,"victory":false,"max_hp_per_floor":[70,70,70,70,70,70,70,70,70,70,70,70,70,70,70,70,70,70,70,70,70,70,70,70,70,70],"relic_stats":{"counters":[12,67],"obtain_stats":[{"Du-Vu Doll":8,"hubris:Backtick":19,"Ring of Peace":3,"reliquary:Buckler":10,"reliquary:WeakTea":9,"Ring of Panic":3,"hubris:TinFlute":13,"Burning Blood":19,"Ring of the Snake":0},{"Du-Vu Doll":6,"hubris:Backtick":8,"Ring of Peace":2,"reliquary:Buckler":6,"reliquary:WeakTea":6,"Ring of Panic":2,"hubris:TinFlute":7,"Burning Blood":8,"Ring of the Snake":0},{"Du-Vu Doll":34,"hubris:Backtick":47,"Ring of Peace":8,"reliquary:Buckler":34,"reliquary:WeakTea":34,"Ring of Panic":8,"hubris:TinFlute":38,"Burning Blood":47,"Ring of the Snake":0}],"Burning Blood":12,"Ring of the Snake":[62]},"card_choices":[{"not_picked":["Riddle With Holes","Choke"],"picked":"Slice","floor":1},{"not_picked":["Escape Plan","Calculated Gamble"],"picked":"Endless Agony","floor":2},{"not_picked":["Bouncing Flask","Poisoned Stab"],"picked":"Slice","floor":4},{"not_picked":["Sucker Punch","Hidden Blade"],"picked":"Quick Slash","floor":5},{"not_picked":["hubris:SlightOfHand","Escape Plan"],"picked":"Catalyst","floor":7},{"not_picked":["Burst","All Out Attack"],"picked":"Quick Slash","floor":8},{"not_picked":["Deadly Poison","Acrobatics"],"picked":"Crippling Poison","floor":12},{"not_picked":["Unload","Phantasmal Killer"],"picked":"Poison Darts","floor":18},{"not_picked":["Footwork","Sucker Punch"],"picked":"Slice","floor":20},{"not_picked":["Choke","Blur"],"picked":"Slice","floor":22},{"not_picked":["Outmaneuver","Underhanded Strike"],"picked":"Backstab","floor":23}],"player_experience":12898,"relics_obtained":[{"floor":3,"key":"Ring of Peace"},{"floor":3,"key":"Ring of Panic"},{"floor":8,"key":"Du-Vu Doll"},{"floor":9,"key":"reliquary:WeakTea"}],"event_choices":[{"damage_healed":23,"gold_gain":0,"player_choice":"Banana","damage_taken":0,"max_hp_gain":0,"max_hp_loss":0,"event_name":"Big Fish","floor":11,"gold_loss":0},{"damage_healed":0,"gold_gain":0,"player_choice":"Searched \u00271\u0027 times","damage_taken":0,"relics_obtained":["hubris:TinFlute"],"max_hp_gain":0,"max_hp_loss":0,"event_name":"Dead Adventurer","floor":13,"gold_loss":0},{"damage_healed":0,"gold_gain":100,"player_choice":"Bet on Murderer","damage_taken":0,"max_hp_gain":0,"max_hp_loss":0,"event_name":"The Joust","floor":21,"gold_loss":50},{"damage_healed":0,"gold_gain":0,"player_choice":"Forge","damage_taken":0,"max_hp_gain":0,"max_hp_loss":0,"event_name":"Accursed Blacksmith","floor":24,"gold_loss":0,"cards_upgraded":["Crippling Poison"]}],"is_beta":false,"boss_relics":[{"not_picked":["reliquary:Ember","SlaversCollar"],"picked":"hubris:Backtick"}],"items_purged_floors":[],"is_endless":false,"potions_floor_spawned":[1,4,7,18,22],"killed_by":"Gremlin Leader","ascension_level":1}}