{"host":"7w6ov1yk0fsofwk8","time":1613165555,"event":{"mods":["AchievementEnabler","BaseMod","Hermit","Minty Spire (QoL Compilation)","StSLib","The Cursed","The Hierophant","The Runesmith","The Senshi","The Servant 0.9.4"],"gold_per_floor":[115,115,115,129,149,181,181,193,220,238,238,238,238,273,273,371,371,389,407,422,9,9,9],"floor_reached":22,"language":"ENG","playtime":1266,"items_purged":["Parasite"],"score":196,"play_id":"f502654c-7f8b-4734-b7e8-b6e95902b306","local_time":"20210212163235","is_ascension_mode":false,"campfire_choices":[{"data":"theSenshi:MoonKick","floor":11.0,"key":"SMITH"},{"floor":13.0,"key":"REST"},{"floor":15.0,"key":"REST"}],"circlet_count":0,"master_deck":["theSenshi:SailorKick","theSenshi:SailorKick","theSenshi:SailorKick","theSenshi:SailorKick","theSenshi:SailorBlock","theSenshi:SailorBlock","theSenshi:SailorBlock","theSenshi:RoseThrow","theSenshi:MoonPrismPowerMakeUp+1","theSenshi:EncouragingSpeech","theSenshi:LateForSchool","theSenshi:MoonCrisisMakeUp","theSenshi:MoonKick+1","theSenshi:MoonPrincessHalation","theSenshi:MoonPrincessHalation"],"relics":["theSenshi:TransformationBroochRelic","Nunchaku","Anchor","Blood Vial","Velvet Choker","Happy Flower","theSenshi:SailorFukuRelic"],"acts_visited":["Exordium","TheCity"],"potions_floor_usage":[20,22,22,22],"damage_taken":[{"damage":6.0,"enemies":"2 Louse","floor":1.0,"turns":4.0},{"damage":5.0,"enemies":"Small Slimes","floor":4.0,"turns":6.0},{"damage":6.0,"enemies":"Jaw Worm","floor":5.0,"turns":4.0},{"damage":39.0,"enemies":"3 Sentries","floor":6.0,"turns":13.0},{"damage":10.0,"enemies":"3 Louse","floor":8.0,"turns":4.0},{"damage":3.0,"enemies":"2 Fungi Beasts","floor":10.0,"turns":4.0},{"damage":38.0,"enemies":"Gremlin Nob","floor":14.0,"turns":5.0},{"damage":34.0,"enemies":"Slime Boss","floor":16.0,"turns":9.0},{"damage":27,"enemies":"2 Thieves","floor":18,"turns":5},{"damage":13,"enemies":"Shell Parasite","floor":19,"turns":4},{"damage":42,"enemies":"Centurion and Healer","floor":20,"turns":5},{"damage":17,"enemies":"Snake Plant","floor":22,"turns":3}],"seed_played":"8300975403412580650","potions_obtained":[{"floor":4.0,"key":"Weak Potion"},{"floor":6.0,"key":"AttackPotion"},{"floor":10.0,"key":"Dexterity Potion"},{"floor":16.0,"key":"FearPotion"},{"floor":19,"key":"AttackPotion"},{"floor":20,"key":"Regen Potion"}],"is_trial":false,"path_per_floor":["M","?","?","M","M","E","?","M","T","M","R","?","R","E","R","B",null,"M","M","M","$","M"],"character_chosen":"THE_SENSHI","items_purchased":["Happy Flower","theSenshi:MoonPrincessHalation","theSenshi:SailorFukuRelic"],"campfire_rested":2,"item_purchase_floors":[21,21,21],"current_hp_per_floor":[76,69,69,64,58,19,39,29,29,26,26,26,50,12,36,4,82,55,44,4,4,0,0],"gold":9,"neow_bonus":"TEN_PERCENT_HP_BONUS","is_daily":false,"chose_seed":false,"campfire_upgraded":1,"win_rate":0.0,"timestamp":1613165555,"path_taken":["M","?","?","M","M","E","?","M","T","M","R","?","R","E","R","BOSS","M","M","M","$","M"],"items_purchased_type":["Relic","Card","Relic"],"build_version":"2020-12-22","purchased_purges":1,"victory":false,"max_hp_per_floor":[82,82,82,82,82,82,82,82,82,82,82,82,82,82,82,82,82,82,82,82,79,79,79],"card_choices":[{"not_picked":["theSenshi:GatheringStrength","theSenshi:TuxedoSmokingBomber"],"picked":"theSenshi:EncouragingSpeech","floor":1.0},{"not_picked":["theSenshi:SailorStarMakerAssists","theSenshi:DramaticEntrance"],"picked":"theSenshi:LateForSchool","floor":4.0},{"not_picked":["theSenshi:NeptunesGrace","theSenshi:MoonsReflection","theSenshi:SailorChibiMoonAssists"],"picked":"SKIP","floor":5.0},{"not_picked":["theSenshi:SailorV","theSenshi:TuxedoSmokingBomber"],"picked":"theSenshi:MoonCrisisMakeUp","floor":6.0},{"not_picked":["theSenshi:SailorPlutoAssists","theSenshi:SailorVenusAssists"],"picked":"theSenshi:MoonKick","floor":8.0},{"not_picked":["theSenshi:MoonPunch","theSenshi:SailorMercuryAssists","theSenshi:MoonsReflection"],"picked":"SKIP","floor":10.0},{"not_picked":["theSenshi:IWillPunishYou","theSenshi:SailorV"],"picked":"theSenshi:MoonPrincessHalation","floor":14.0},{"not_picked":["theSenshi:SailorVenusAssists","theSenshi:SailorChibiMoonAssists","theSenshi:SailorMarsAssists+1"],"picked":"SKIP","floor":18},{"not_picked":["theSenshi:MoonsReflection+1","theSenshi:MoonPunch","theSenshi:TuxedoSmokingBomber"],"picked":"SKIP","floor":19},{"not_picked":["theSenshi:SailorStarFighterAssists","theSenshi:SailorV","theSenshi:SupersonicWaves"],"picked":"SKIP","floor":20}],"player_experience":8799,"relics_obtained":[{"floor":6.0,"key":"Nunchaku"},{"floor":9.0,"key":"Anchor"},{"floor":14.0,"key":"Blood Vial"}],"event_choices":[{"cards_removed":["theSenshi:SailorBlock"],"damage_healed":0.0,"max_hp_gain":0.0,"max_hp_loss":0.0,"gold_gain":0.0,"event_name":"Golden Wing","player_choice":"Card Removal","floor":2.0,"gold_loss":0.0,"damage_taken":7.0},{"damage_healed":0.0,"max_hp_gain":0.0,"max_hp_loss":0.0,"gold_gain":0.0,"event_name":"Living Wall","player_choice":"Grow","floor":3.0,"gold_loss":0.0,"damage_taken":0.0,"cards_upgraded":["theSenshi:MoonPrismPowerMakeUp"]},{"damage_healed":20.0,"max_hp_gain":0.0,"max_hp_loss":0.0,"gold_gain":0.0,"event_name":"Mushrooms","player_choice":"Healed and dodged fight","floor":7.0,"gold_loss":0.0,"damage_taken":0.0,"cards_obtained":["Parasite"]},{"damage_healed":0.0,"max_hp_gain":0.0,"max_hp_loss":0.0,"gold_gain":0.0,"event_name":"Liars Game","player_choice":"Ignored","floor":12.0,"gold_loss":0.0,"damage_taken":0.0}],"is_beta":false,"boss_relics":[{"not_picked":["Fusion Hammer","Empty Cage"],"picked":"Velvet Choker"}],"items_purged_floors":[21],"is_endless":false,"potions_floor_spawned":[4,6,10,16,19,20],"killed_by":"Snake Plant","ascension_level":0}}