{"host":"onk0sru1v5nf4gev","time":1613162449,"event":{"mods":["AchievementEnabler","BaseMod","Downfall","Googly Eyes","Hermit","Minty Spire (QoL Compilation)","Quick Restart","Replay The Spire","StSLib","SuperFastMode","The Cursed"],"gold_per_floor":[111,111,60,60,60,95,106,106,151,151,83,138,151,171,171,268,268,280,166,179,33,33,33,33],"floor_reached":23,"language":"FRA","playtime":893,"items_purged":["Strike_B"],"score":237,"play_id":"8a54c9b6-0507-4625-8e3c-c049f8314b2b","local_time":"20210212214049","is_ascension_mode":false,"campfire_choices":[{"floor":10.0,"key":"REST"},{"data":"Loop","floor":15.0,"key":"SMITH"}],"circlet_count":0,"master_deck":["Strike_B","Strike_B","Defend_B","Defend_B","Defend_B","Defend_B","Dualcast","Loop+1","Ball Lightning","Multi-Cast+1","Conserve Battery","Go for the Eyes","Melter","Ball Lightning","Capacitor","Seek","CurseOfTheBell","Beam Cell+1","Cold Snap+1","Sunder"],"relics":["Cracked Core","ReplayFunnel","Meat on the Bone","ReplayTheSpireMod:TigerMarble","Emotion Chip","Ancient Tea Set","Calling Bell","Bag of Preparation","Darkstone Periapt","FossilizedHelix","Lantern"],"acts_visited":["Exordium","TheCity"],"potions_floor_usage":[16],"damage_taken":[{"damage":0.0,"enemies":"Small Slimes","floor":1.0,"turns":2.0},{"damage":25.0,"enemies":"Gremlin Nob","floor":6.0,"turns":4.0},{"damage":0.0,"enemies":"2 Louse","floor":7.0,"turns":2.0},{"damage":1.0,"enemies":"Jaw Worm","floor":13.0,"turns":2.0},{"damage":0.0,"enemies":"Large Slime","floor":14.0,"turns":4.0},{"damage":0,"enemies":"Slime Boss","floor":16,"turns":6},{"damage":9,"enemies":"Shell Parasite","floor":18,"turns":5},{"damage":0,"enemies":"Spheric Guardian","floor":20,"turns":3},{"damage":68,"enemies":"Slavers","floor":23,"turns":3}],"seed_played":"8345516440500823813","potions_obtained":[{"floor":1.0,"key":"PowerPotion"},{"floor":7.0,"key":"SmokeBomb"},{"floor":13.0,"key":"BlessingOfTheForge"}],"is_trial":false,"path_per_floor":["M","?","$","?","$","E","M","?","T","R","$","?","M","M","R","B",null,"M","$","M","$","?","E"],"character_chosen":"DEFECT","items_purchased":["Ball Lightning","Melter","Cold Snap+1","Lantern"],"campfire_rested":1,"item_purchase_floors":[3,11,19,21],"current_hp_per_floor":[75,72,72,72,72,47,47,47,47,69,69,69,68,68,68,68,75,66,66,66,66,66,0,0],"gold":33,"neow_bonus":"RANDOM_COMMON_RELIC","is_daily":false,"chose_seed":false,"campfire_upgraded":1,"win_rate":0.0,"timestamp":1613162449,"path_taken":["M","?","$","?","$","E","M","?","T","R","$","?","M","M","R","BOSS","M","$","M","$","?","E"],"items_purchased_type":["Card","Card","Card","Relic"],"build_version":"2020-12-22","purchased_purges":1,"victory":false,"max_hp_per_floor":[75,75,75,75,75,75,75,75,75,75,75,75,75,75,75,75,75,75,75,75,75,75,75,75],"card_choices":[{"not_picked":["Stack","ReplaySolidLightProjector"],"picked":"Loop","floor":1.0},{"not_picked":["Hyperbeam","ReplayTheSpireMod:Omega Cannon"],"picked":"Conserve Battery","floor":6.0},{"not_picked":["Hologram","Steam Power"],"picked":"Go for the Eyes","floor":7.0},{"not_picked":["Doom and Gloom","ReplayTheSpireMod:GoodbyeWorld"],"picked":"Ball Lightning","floor":13.0},{"not_picked":["Stack","Reinforced Body"],"picked":"Capacitor","floor":14.0},{"not_picked":["ReplayTheSpireMod:Fabricate Wheel","Creative AI"],"picked":"Seek","floor":16},{"not_picked":["Leap","Genetic Algorithm"],"picked":"Beam Cell+1","floor":18},{"not_picked":["Melter","Panic Button"],"picked":"Sunder","floor":20}],"player_experience":278219,"relics_obtained":[{"floor":6.0,"key":"ReplayTheSpireMod:TigerMarble"},{"floor":9.0,"key":"Ancient Tea Set"},{"floor":17,"key":"Bag of Preparation"},{"floor":17,"key":"Darkstone Periapt"},{"floor":17,"key":"FossilizedHelix"}],"event_choices":[{"damage_healed":0.0,"max_hp_gain":0.0,"max_hp_loss":0.0,"gold_gain":0.0,"event_name":"Scrap Ooze","player_choice":"Success","floor":2.0,"gold_loss":0.0,"damage_taken":3.0,"relics_obtained":["Meat on the Bone"]},{"damage_healed":0.0,"max_hp_gain":0.0,"max_hp_loss":0.0,"gold_gain":0.0,"event_name":"Dead Adventurer","player_choice":"Searched \u00271\u0027 times","floor":8.0,"gold_loss":0.0,"damage_taken":0.0,"relics_obtained":["Emotion Chip"]},{"damage_healed":0.0,"max_hp_gain":0.0,"max_hp_loss":0.0,"gold_gain":55.0,"event_name":"Golden Wing","player_choice":"Gained Gold","floor":12.0,"gold_loss":0.0,"damage_taken":0.0},{"cards_removed":["Strike_B"],"damage_healed":0,"gold_gain":0,"player_choice":"Purged","damage_taken":0,"max_hp_gain":0,"max_hp_loss":0,"event_name":"Purifier","floor":22,"gold_loss":0}],"is_beta":false,"boss_relics":[{"not_picked":["ChewingGum","Runic Dome"],"picked":"Calling Bell"}],"items_purged_floors":[19],"is_endless":false,"potions_floor_spawned":[1,7,13],"killed_by":"Slavers","ascension_level":0}}