{"host":"iphsb0ccnjx0pfn6","time":1613138749,"event":{"mods":["2.2 Compatiblity","AchievementEnabler","BaseMod","Colored Map","DeckTracker","Keyboard Shortcuts","Minty Spire (QoL Compilation)","Permanent Neow","Quick Restart","Relic Stats","StSLib","SuperFastMode","Uncapped","everything is the same but u backflip on backflip"],"gold_per_floor":[116,131,146,71,82,82,109,109,109,124,124,124,155,170,170,242,242,256,295,38,38,38,38,80,110,110,110,127,183,223,273,273,370,370,388,388,403,440,440,440,468,343,366,366,366,208,58,71,71,71,71],"floor_reached":52,"language":"KOR","playtime":1760,"items_purged":["Strike_P","Defend_P","Judgement+1","Blind"],"score":1935,"play_id":"fb69a89b-8b3c-4f7c-8ee7-4d45651d91c3","local_time":"20210212230549","is_ascension_mode":true,"campfire_choices":[{"data":"PathToVictory","floor":6.0,"key":"SMITH"},{"floor":8.0,"key":"DIG"},{"data":"Strike_P","floor":11.0,"key":"PURGE"},{"data":"Strike_P","floor":15.0,"key":"PURGE"},{"data":"PathToVictory","floor":23,"key":"SMITH"},{"floor":27,"key":"DIG"},{"floor":32,"key":"DIG"},{"data":"WreathOfFlame+1","floor":40,"key":"PURGE"},{"data":"Wish","floor":44,"key":"PURGE"},{"floor":49,"key":"DIG"}],"circlet_count":0,"master_deck":["AscendersBane","Vigilance","PathToVictory+1","EmptyBody","CutThroughFate","PathToVictory+1","Wireheading","PathToVictory+1","Ghostly","Ghostly","Ghostly","PathToVictory+1","DevaForm","MentalFortress","Scrawl","DeusExMachina+1","Deep Breath","Finesse","EmptyMind"],"relics":["PureWater","Shovel","Mercury Hourglass","Peace Pipe","Singing Bowl","Prayer Wheel","Empty Cage","DollysMirror","TeardropLocket","Matryoshka","Bottled Lightning","Gremlin Horn","Bag of Preparation","Astrolabe","Bag of Marbles","InkBottle","Ancient Tea Set","Blood Vial","Kunai","Lee\u0027s Waffle","StoneCalendar"],"acts_visited":["Exordium","TheCity","TheBeyond"],"potions_floor_usage":[50,51],"damage_taken":[{"damage":0.0,"enemies":"Cultist","floor":1.0,"turns":3.0},{"damage":0.0,"enemies":"Small Slimes","floor":2.0,"turns":4.0},{"damage":1.0,"enemies":"Jaw Worm","floor":3.0,"turns":6.0},{"damage":0.0,"enemies":"Blue Slaver","floor":5.0,"turns":5.0},{"damage":17.0,"enemies":"Lagavulin","floor":7.0,"turns":8.0},{"damage":3.0,"enemies":"Large Slime","floor":10.0,"turns":4.0},{"damage":3.0,"enemies":"Gremlin Nob","floor":13.0,"turns":3.0},{"damage":0.0,"enemies":"3 Louse","floor":14.0,"turns":2.0},{"damage":14.0,"enemies":"The Guardian","floor":16.0,"turns":9.0},{"damage":18,"enemies":"Chosen","floor":18,"turns":6},{"damage":6,"enemies":"3 Byrds","floor":19,"turns":3},{"damage":4,"enemies":"Sentry and Sphere","floor":24,"turns":5},{"damage":6,"enemies":"Gremlin Leader","floor":25,"turns":5},{"damage":2,"enemies":"Cultist and Chosen","floor":28,"turns":5},{"damage":16,"enemies":"Book of Stabbing","floor":29,"turns":5},{"damage":1,"enemies":"Snecko","floor":30,"turns":4},{"damage":16,"enemies":"Champ","floor":33,"turns":6},{"damage":9,"enemies":"3 Darklings","floor":35,"turns":3},{"damage":0,"enemies":"3 Shapes","floor":37,"turns":2},{"damage":0,"enemies":"Transient","floor":38,"turns":6},{"damage":17,"enemies":"Nemesis","floor":41,"turns":5},{"damage":0,"enemies":"4 Shapes","floor":48,"turns":1},{"damage":47,"enemies":"Awakened One","floor":50,"turns":6},{"damage":2,"enemies":"Donu and Deca","floor":51,"turns":5}],"seed_played":"1013219060527762673","potions_obtained":[{"floor":2.0,"key":"SkillPotion"},{"floor":5.0,"key":"ColorlessPotion"},{"floor":7.0,"key":"EntropicBrew"},{"floor":33,"key":"BottledMiracle"}],"is_trial":false,"path_per_floor":["M","M","M","$","M","R","E","R","T","M","R","T","E","M","R","B",null,"M","M","$","?","?","R","M","E","T","R","M","E","M","?","R","B",null,"M","?","M","M","?","R","E","$","T","R","T","$","$","M","R","B","B",null],"character_chosen":"WATCHER","items_purchased":["DollysMirror","Lee\u0027s Waffle"],"campfire_rested":0,"item_purchase_floors":[20,46],"current_hp_per_floor":[61,61,60,60,60,60,43,43,43,40,40,40,39,43,43,29,63,47,43,43,43,39,39,35,31,31,31,33,19,20,20,20,4,38,33,33,37,41,33,33,18,18,18,18,18,69,69,71,71,24,24],"gold":71,"neow_bonus":"RANDOM_COLORLESS","is_daily":false,"chose_seed":false,"campfire_upgraded":2,"win_rate":0.0,"timestamp":1613138749,"path_taken":["M","?","M","$","M","R","E","R","T","?","R","?","E","M","R","BOSS","M","M","$","?","?","R","M","E","T","R","M","E","?","?","R","BOSS","M","?","M","M","?","R","E","$","T","R","?","?","$","M","R","BOSS","BOSS"],"items_purchased_type":["Relic","Relic"],"build_version":"2020-12-22","purchased_purges":4,"victory":true,"max_hp_per_floor":[68,68,68,68,68,68,68,68,68,68,68,68,70,74,74,74,74,76,78,78,78,39,39,39,41,41,41,45,47,49,49,49,49,49,53,50,54,58,60,60,62,62,62,62,62,69,69,71,71,71,71],"relic_stats":{"Lee\u0027s Waffle":51,"Singing Bowl":38,"Gremlin Horn":[14,12],"counters":[24,111],"Astrolabe":["Judgement","WreathOfFlame","DeusExMachina"],"StoneCalendar":[0],"Bag of Preparation":[16],"Mercury Hourglass":[320],"Peace Pipe":4,"Blood Vial":2,"Shovel":4,"Prayer Wheel":10,"Kunai":[0],"obtain_stats":[{"Lee\u0027s Waffle":46,"Singing Bowl":12,"Gremlin Horn":29,"Astrolabe":34,"StoneCalendar":49,"Bag of Preparation":32,"TeardropLocket":25,"Empty Cage":17,"Ancient Tea Set":43,"Mercury Hourglass":8,"Peace Pipe":9,"Blood Vial":45,"Shovel":7,"Matryoshka":26,"DollysMirror":20,"Prayer Wheel":13,"Bag of Marbles":41,"Bottled Lightning":27,"Kunai":45,"PureWater":0,"InkBottle":43},{"Lee\u0027s Waffle":21,"Singing Bowl":6,"Gremlin Horn":15,"Astrolabe":17,"StoneCalendar":22,"Bag of Preparation":16,"TeardropLocket":13,"Empty Cage":9,"Ancient Tea Set":21,"Mercury Hourglass":5,"Peace Pipe":5,"Blood Vial":21,"Shovel":5,"Matryoshka":13,"DollysMirror":11,"Prayer Wheel":7,"Bag of Marbles":21,"Bottled Lightning":13,"Kunai":21,"PureWater":0,"InkBottle":21},{"Lee\u0027s Waffle":99,"Singing Bowl":30,"Gremlin Horn":73,"Astrolabe":83,"StoneCalendar":100,"Bag of Preparation":77,"TeardropLocket":63,"Empty Cage":44,"Ancient Tea Set":99,"Mercury Hourglass":26,"Peace Pipe":26,"Blood Vial":99,"Shovel":26,"Matryoshka":63,"DollysMirror":53,"Prayer Wheel":33,"Bag of Marbles":99,"Bottled Lightning":63,"Kunai":99,"PureWater":0,"InkBottle":99}],"InkBottle":[11]},"card_choices":[{"not_picked":["Mind Blast","Dark Shackles"],"picked":"Blind","floor":0.0},{"not_picked":["Crescendo","Halt"],"picked":"PathToVictory","floor":1.0},{"not_picked":["BowlingBash","FlyingSleeves"],"picked":"EmptyBody","floor":2.0},{"not_picked":["SashWhip","Evaluate","ClearTheMind"],"picked":"SKIP","floor":3.0},{"not_picked":["BowlingBash","FlyingSleeves","JustLucky"],"picked":"SKIP","floor":5.0},{"not_picked":["Brilliance","DeceiveReality"],"picked":"CutThroughFate","floor":7.0},{"not_picked":["Consecrate","EmptyBody","EmptyFist"],"picked":"SKIP","floor":10.0},{"not_picked":["TalkToTheHand","FollowUp","Brilliance"],"picked":"Singing Bowl","floor":13.0},{"not_picked":["CrushJoints","EmptyFist","ThirdEye"],"picked":"Singing Bowl","floor":14.0},{"not_picked":["FollowUp","Pray","SandsOfTime"],"picked":"Singing Bowl","floor":14.0},{"not_picked":["LessonLearned","Judgement"],"picked":"Wish","floor":16.0},{"not_picked":["CutThroughFate+1","ThirdEye"],"picked":"PathToVictory","floor":18},{"not_picked":["DeceiveReality","Vengeance","EmptyFist+1"],"picked":"Singing Bowl","floor":18},{"not_picked":["EmptyFist","TalkToTheHand+1","JustLucky"],"picked":"Singing Bowl","floor":19},{"not_picked":["SpiritShield","Crescendo"],"picked":"Wireheading","floor":19},{"not_picked":["FlyingSleeves","FollowUp"],"picked":"PathToVictory+1","floor":24},{"not_picked":["Prostrate","Wireheading"],"picked":"DevaForm","floor":24},{"not_picked":["Perseverance","JustLucky","Prostrate"],"picked":"Singing Bowl","floor":25},{"not_picked":["Weave","Collect","SignatureMove"],"picked":"Singing Bowl","floor":28},{"not_picked":["Collect","Swivel","EmptyFist"],"picked":"Singing Bowl","floor":28},{"not_picked":["Prostrate+1","EmptyFist","Worship"],"picked":"Singing Bowl","floor":29},{"not_picked":["Crescendo+1","Fasting2","BattleHymn"],"picked":"Singing Bowl","floor":30},{"not_picked":["Protect+1","Crescendo"],"picked":"MentalFortress","floor":30},{"not_picked":["DevaForm","Judgement"],"picked":"Scrawl","floor":33},{"not_picked":["Evaluate","PathToVictory","Prostrate+1"],"picked":"Singing Bowl","floor":35},{"not_picked":["BowlingBash","ThirdEye","Blasphemy"],"picked":"Singing Bowl","floor":35},{"not_picked":["FollowUp+1","ClearTheMind","SignatureMove"],"picked":"Singing Bowl","floor":37},{"not_picked":["CrushJoints","WheelKick","Wireheading"],"picked":"Singing Bowl","floor":37},{"not_picked":["CrushJoints","Prostrate","FlyingSleeves"],"picked":"Singing Bowl","floor":38},{"not_picked":["ForeignInfluence","EmptyFist","Conclude"],"picked":"Singing Bowl","floor":38},{"not_picked":["Bandage Up","Panacea","Mind Blast"],"picked":"Singing Bowl","floor":39},{"not_picked":["Mind Blast","PanicButton"],"picked":"Deep Breath","floor":39},{"not_picked":["Metamorphosis","Dark Shackles"],"picked":"Finesse","floor":39},{"not_picked":["Vengeance","EmptyBody","Wireheading"],"picked":"Singing Bowl","floor":41},{"not_picked":["Halt+1","Pray"],"picked":"EmptyMind","floor":48},{"not_picked":["Evaluate","CrushJoints","Prostrate+1"],"picked":"Singing Bowl","floor":48}],"player_experience":1305495,"relics_obtained":[{"floor":7.0,"key":"Shovel"},{"floor":8.0,"key":"Mercury Hourglass"},{"floor":9.0,"key":"Peace Pipe"},{"floor":12.0,"key":"Singing Bowl"},{"floor":13.0,"key":"Prayer Wheel"},{"floor":25,"key":"TeardropLocket"},{"floor":26,"key":"Matryoshka"},{"floor":27,"key":"Bottled Lightning"},{"floor":29,"key":"Gremlin Horn"},{"floor":32,"key":"Bag of Preparation"},{"floor":41,"key":"Bag of Marbles"},{"floor":43,"key":"InkBottle"},{"floor":43,"key":"Ancient Tea Set"},{"floor":45,"key":"Blood Vial"},{"floor":45,"key":"Kunai"},{"floor":49,"key":"StoneCalendar"}],"event_choices":[{"damage_healed":0,"gold_gain":0,"player_choice":"Ignored","damage_taken":0,"max_hp_gain":0,"max_hp_loss":0,"event_name":"The Mausoleum","floor":21,"gold_loss":0},{"damage_healed":0,"gold_gain":0,"player_choice":"Became a Ghost","damage_taken":0,"max_hp_gain":0,"max_hp_loss":39,"event_name":"Ghosts","floor":22,"gold_loss":0,"cards_obtained":["Ghostly","Ghostly","Ghostly"]},{"damage_healed":0,"gold_gain":50,"player_choice":"Stole From Cult","damage_taken":0,"max_hp_gain":0,"max_hp_loss":0,"event_name":"Nest","floor":31,"gold_loss":0},{"damage_healed":0,"gold_gain":0,"player_choice":"Max HP","damage_taken":0,"max_hp_gain":0,"max_hp_loss":3,"event_name":"Winding Halls","floor":36,"gold_loss":0},{"damage_healed":0,"gold_gain":0,"player_choice":"Memory 3","damage_taken":10,"max_hp_gain":0,"max_hp_loss":0,"event_name":"SensoryStone","floor":39,"gold_loss":0}],"is_beta":false,"boss_relics":[{"not_picked":["Pandora\u0027s Box","Ectoplasm"],"picked":"Empty Cage"},{"not_picked":["VioletLotus","Sozu"],"picked":"Astrolabe"}],"items_purged_floors":[4,20,42,47],"is_endless":false,"potions_floor_spawned":[2,5,7,10,16,24,33,38,41],"ascension_level":20}}