{"host":"wri98rxht4656ll8","time":1613157388,"event":{"mods":["AchievementEnabler","BaseMod","Colored Map","Colored Powertips","Minty Spire (QoL Compilation)","StSLib"],"gold_per_floor":[110,110,110,185,31,64,29,29,29,29,39,56,81,101,101,197,247,260,270,281,105,121,121,141,141,141,141,141,66,66,66,66,169,169,182,20,20,35,35,66,66,84,84,84,94,94,112,12,12,12],"floor_reached":51,"language":"ENG","playtime":4413,"items_purged":["MentalFortress","Pain"],"score":705,"play_id":"96fb1ffd-9028-4d6d-a2a2-fe7c708387bc","local_time":"20210212201628","is_ascension_mode":true,"campfire_choices":[{"floor":8.0,"key":"REST"},{"data":"DevaForm","floor":15.0,"key":"SMITH"},{"floor":23.0,"key":"REST"},{"data":"Establishment","floor":25.0,"key":"SMITH"},{"floor":27.0,"key":"REST"},{"floor":32.0,"key":"REST"},{"data":"Omniscience","floor":41.0,"key":"SMITH"},{"floor":46.0,"key":"REST"},{"floor":49,"key":"REST"}],"circlet_count":0,"master_deck":["Strike_P+1","Strike_P+1","Strike_P+1","Defend_P+1","Defend_P+1","Defend_P+1","Defend_P+1","Eruption","Vigilance","CutThroughFate+1","DevaForm+1","Worship","WindmillStrike","ThirdEye+1","Alpha","Protect","Establishment+1","SandsOfTime+1","WaveOfTheHand+1","Protect+1","TalkToTheHand","Protect","DeceiveReality","MasterReality","Omniscience+1","Apotheosis+1"],"relics":["PureWater","Du-Vu Doll","Dead Branch","Toy Ornithopter","Tiny House","Oddly Smooth Stone","Nilry\u0027s Codex","Cursed Key","Whetstone"],"acts_visited":["Exordium","TheCity","TheBeyond"],"potions_floor_usage":[50,50],"damage_taken":[{"damage":0.0,"enemies":"2 Louse","floor":1.0,"turns":2.0},{"damage":35.0,"enemies":"Gremlin Nob","floor":6.0,"turns":6.0},{"damage":6.0,"enemies":"Jaw Worm","floor":11.0,"turns":3.0},{"damage":3.0,"enemies":"Small Slimes","floor":12.0,"turns":4.0},{"damage":2.0,"enemies":"3 Louse","floor":14.0,"turns":5.0},{"damage":6.0,"enemies":"Hexaghost","floor":16.0,"turns":7.0},{"damage":29.0,"enemies":"Spheric Guardian","floor":18.0,"turns":7.0},{"damage":1.0,"enemies":"Chosen","floor":19.0,"turns":5.0},{"damage":38.0,"enemies":"Sentry and Sphere","floor":20.0,"turns":7.0},{"damage":5.0,"enemies":"Shelled Parasite and Fungi","floor":22.0,"turns":4.0},{"damage":23.0,"enemies":"Snake Plant","floor":24.0,"turns":6.0},{"damage":16.0,"enemies":"Champ","floor":33.0,"turns":7.0},{"damage":12.0,"enemies":"3 Darklings","floor":35.0,"turns":5.0},{"damage":0.0,"enemies":"3 Shapes","floor":38.0,"turns":4.0},{"damage":18.0,"enemies":"Nemesis","floor":40.0,"turns":5.0},{"damage":10.0,"enemies":"Jaw Worm Horde","floor":42.0,"turns":7.0},{"damage":40.0,"enemies":"Transient","floor":45.0,"turns":5.0},{"damage":14,"enemies":"Writhing Mass","floor":47,"turns":6},{"damage":29,"enemies":"Time Eater","floor":50,"turns":8}],"seed_played":"-9136757986462824903","potions_obtained":[{"floor":6.0,"key":"Block Potion"},{"floor":12.0,"key":"FearPotion"},{"floor":14.0,"key":"PowerPotion"},{"floor":17.0,"key":"Explosive Potion"},{"floor":20.0,"key":"ColorlessPotion"},{"floor":33.0,"key":"Explosive Potion"},{"floor":35.0,"key":"CultistPotion"},{"floor":38.0,"key":"FearPotion"},{"floor":45.0,"key":"Fire Potion"}],"is_trial":false,"path_per_floor":["M","?","?","?","$","E","$","R","T","?","M","M","T","M","R","B",null,"M","M","M","$","M","R","M","R","T","R","?","$","?","?","R","B",null,"M","$","?","M","$","E","R","M","T","?","M","R","M","$","R","B",null],"character_chosen":"WATCHER","items_purchased":["DevaForm","WindmillStrike","TalkToTheHand","PowerPotion","Protect","Apotheosis"],"campfire_rested":6,"item_purchase_floors":[5,7,21,21,21,36],"current_hp_per_floor":[79,79,84,73,73,38,38,63,63,63,57,54,54,52,52,51,89,60,64,31,31,31,57,39,39,39,65,65,65,65,49,75,64,89,77,77,77,77,77,59,59,49,49,49,19,45,31,31,57,38],"gold":12,"neow_bonus":"TEN_PERCENT_HP_BONUS","is_daily":false,"chose_seed":false,"campfire_upgraded":3,"win_rate":0.0,"timestamp":1613157388,"path_taken":["M","?","?","?","$","E","$","R","T","?","M","M","?","M","R","BOSS","M","M","M","$","M","R","M","R","T","R","?","$","?","?","R","BOSS","M","$","?","M","?","E","R","M","T","?","M","R","?","$","R","BOSS"],"items_purchased_type":["Card","Card","Card","Potion","Card","Card"],"build_version":"2020-12-22","purchased_purges":2,"victory":true,"max_hp_per_floor":[79,79,84,84,84,84,84,84,84,84,84,84,84,84,84,84,89,89,89,89,89,89,89,89,89,89,89,89,89,89,89,89,89,89,89,89,89,89,89,89,89,89,89,89,89,89,89,89,89,89],"card_choices":[{"not_picked":["FollowUp","EmptyBody"],"picked":"CutThroughFate","floor":1.0},{"not_picked":["BowlingBash","Crescendo"],"picked":"Worship","floor":6.0},{"not_picked":["CutThroughFate","SandsOfTime"],"picked":"ThirdEye","floor":11.0},{"not_picked":["CrushJoints","Halt"],"picked":"Alpha","floor":12.0},{"not_picked":["Worship","FlyingSleeves"],"picked":"Protect","floor":14.0},{"not_picked":["Scrawl","Blasphemy"],"picked":"Establishment","floor":16.0},{"not_picked":["SashWhip","FollowUp"],"picked":"SandsOfTime","floor":17.0},{"not_picked":["FlyingSleeves","SashWhip"],"picked":"WaveOfTheHand+1","floor":18.0},{"not_picked":["PathToVictory","Prostrate","EmptyBody"],"picked":"SKIP","floor":19.0},{"not_picked":["FollowUp","BowlingBash"],"picked":"Protect+1","floor":20.0},{"not_picked":["Wireheading","SignatureMove"],"picked":"DeceiveReality","floor":22.0},{"not_picked":["FollowUp+1","Prostrate","MentalFortress"],"picked":"SKIP","floor":24.0},{"not_picked":["Brilliance","ConjureBlade"],"picked":"Omniscience","floor":33.0},{"not_picked":["EmptyFist","ReachHeaven+1","Collect"],"picked":"SKIP","floor":35.0},{"not_picked":["WaveOfTheHand+1","EmptyBody","ThirdEye"],"picked":"SKIP","floor":38.0},{"not_picked":["Devotion","FollowUp","Prostrate"],"picked":"SKIP","floor":40.0},{"not_picked":["Protect","FlurryOfBlows+1","WheelKick+1"],"picked":"SKIP","floor":42.0},{"not_picked":["Meditate+1","Evaluate","EmptyBody"],"picked":"SKIP","floor":45.0},{"not_picked":["ClearTheMind","EmptyFist+1","CutThroughFate"],"picked":"SKIP","floor":47}],"player_experience":195135,"relics_obtained":[{"floor":6.0,"key":"Du-Vu Doll"},{"floor":9.0,"key":"Dead Branch"},{"floor":13.0,"key":"Toy Ornithopter"},{"floor":26.0,"key":"Oddly Smooth Stone"},{"floor":31.0,"key":"Nilry\u0027s Codex"},{"floor":40.0,"key":"Whetstone"}],"event_choices":[{"damage_healed":0.0,"max_hp_gain":0.0,"max_hp_loss":0.0,"gold_gain":0.0,"event_name":"The Cleric","player_choice":"Leave","floor":2.0,"gold_loss":0.0,"damage_taken":0.0},{"damage_healed":0.0,"max_hp_gain":5.0,"max_hp_loss":0.0,"gold_gain":0.0,"event_name":"Big Fish","player_choice":"Donut","floor":3.0,"gold_loss":0.0,"damage_taken":0.0},{"damage_healed":0.0,"max_hp_gain":0.0,"max_hp_loss":0.0,"gold_gain":75.0,"event_name":"World of Goop","player_choice":"Gather Gold","floor":4.0,"gold_loss":0.0,"damage_taken":11.0},{"damage_healed":0.0,"max_hp_gain":0.0,"max_hp_loss":0.0,"gold_gain":0.0,"cards_transformed":["Strike_P"],"event_name":"Living Wall","player_choice":"Change","floor":10.0,"gold_loss":0.0,"damage_taken":0.0,"cards_obtained":["MentalFortress"]},{"damage_healed":0.0,"max_hp_gain":0.0,"max_hp_loss":0.0,"gold_gain":0.0,"event_name":"The Library","player_choice":"Read","floor":28.0,"gold_loss":0.0,"damage_taken":0.0,"cards_obtained":["MasterReality"]},{"damage_healed":0.0,"max_hp_gain":0.0,"max_hp_loss":0.0,"gold_gain":0.0,"event_name":"Back to Basics","player_choice":"Simplicity","floor":30.0,"gold_loss":0.0,"damage_taken":0.0,"cards_upgraded":["Strike_P","Strike_P","Strike_P","Defend_P","Defend_P","Defend_P","Defend_P"]},{"damage_healed":0.0,"max_hp_gain":0.0,"max_hp_loss":0.0,"gold_gain":0.0,"event_name":"Cursed Tome","player_choice":"Obtained Book","floor":31.0,"gold_loss":0.0,"damage_taken":16.0},{"damage_healed":0.0,"max_hp_gain":0.0,"max_hp_loss":0.0,"gold_gain":0.0,"event_name":"Accursed Blacksmith","player_choice":"Forge","floor":37.0,"gold_loss":0.0,"damage_taken":0.0,"cards_upgraded":["Apotheosis"]},{"damage_healed":0.0,"max_hp_gain":0.0,"max_hp_loss":0.0,"gold_gain":0.0,"event_name":"Match and Keep!","player_choice":"0 cards matched","floor":44.0,"gold_loss":0.0,"damage_taken":0.0,"cards_obtained":[]}],"is_beta":false,"boss_relics":[{"not_picked":["Empty Cage","Runic Pyramid"],"picked":"Tiny House"},{"not_picked":["SacredBark","Snecko Eye"],"picked":"Cursed Key"}],"items_purged_floors":[29,48],"is_endless":false,"potions_floor_spawned":[6,12,14,20,33,35,38,42,45],"ascension_level":1}}