{"host":"ajxvnmsjfcleb5r5","time":1613140229,"event":{"mods":["2.2 Compatiblity","AchievementEnabler","BaseMod","Beaked The Cultist","Card Forge","Colored Powertips","DNKmod","Downfall","Friendly Minions","Minty Spire (QoL Compilation)","Quick Restart","StSLib","SuperFastMode"],"gold_per_floor":[99,114,114,125,62,76,125,125,225,240,240,240,240,257,274,378,428,428,438,538,110,160,160,184,234,234,244,226,68,68,99,118,218,218,218,235,246,263,280,280,280,357,507,569,587,637,650,724,740,740],"floor_reached":51,"language":"ENG","playtime":1842,"items_purged":["Slimebound:Split","Slimebound:Defend_Slimebound"],"score":934,"play_id":"b128aa09-1e09-42d4-80d3-a53770f50f2d","local_time":"20210212233029","is_ascension_mode":false,"campfire_choices":[{"data":"Slimebound:CorrosiveSpit","floor":1.0,"key":"SMITH"},{"data":"Slimebound:LeechEnergy","floor":8.0,"key":"SMITH"},{"data":"Slimebound:LeechEnergy","floor":13.0,"key":"SMITH"},{"data":"Slimebound:GoopSpray","floor":18.0,"key":"SMITH"},{"data":"Slimebound:Gluttony","floor":23.0,"key":"SMITH"},{"data":"Slimebound:HauntingLick","floor":26.0,"key":"SMITH"},{"data":"Slimebound:RallyTheTroops","floor":30.0,"key":"SMITH"},{"data":"Slimebound:Nibble","floor":35.0,"key":"SMITH"},{"floor":40.0,"key":"REST"}],"circlet_count":0,"master_deck":["Slimebound:Strike_Slimebound","Slimebound:Strike_Slimebound","Slimebound:Defend_Slimebound","Slimebound:Defend_Slimebound","Slimebound:Defend_Slimebound","Slimebound:CorrosiveSpit+1","Sadistic Nature","Slimebound:LeechEnergy+1","Slimebound:GoopSpray+1","Slimebound:OozeBath","Slimebound:LeechEnergy+1","Slimebound:SplitMire","Slimebound:SlimeSpikes","Slimebound:MegaLick+1","Slimebound:RallyTheTroops+1","Slimebound:SplitMire","Sadistic Nature","Slimebound:Gluttony+1","Slimebound:HauntingLick+1","Slimebound:HungryTackle","Slimebound:LeadByExample+1","Slimebound:AcidTongue+1","Finesse","Slimebound:FormOfPuddle","Slimebound:Nibble+1","Slimebound:MinionMaster+1","Slimebound:SplitMire","Slimebound:Replication+1","Slimebound:LeechingTouch+1","Slimebound:SpikyOuterGoop+1","Slimebound:SamplingLick+1"],"relics":["Slimebound:AbsorbEndCombatUpgraded","Hammer of Thor","Seething Fire","Anvil of the Gods","Blood Vial","downfall:GremlinWheel","Sundial","Tiny House","downfall:CloakOfManyFaces","CultistMask","FaceOfCleric","NlothsMask","GremlinMask","SsserpentHead","DollysMirror","Tiny Chest","Frozen Egg 2","Happy Flower","Pen Nib","Oddly Smooth Stone","Strawberry"],"acts_visited":["Exordium","TheCity","TheBeyond"],"potions_floor_usage":[50,50,50],"damage_taken":[{"damage":0.0,"enemies":"Cultist","floor":2.0,"turns":3.0},{"damage":4.0,"enemies":"2 Louse","floor":4.0,"turns":3.0},{"damage":5.0,"enemies":"downfall:FleeingMerchant","floor":5.0,"turns":4.0},{"damage":0.0,"enemies":"Small Slimes","floor":6.0,"turns":3.0},{"damage":10.0,"enemies":"Small Slimes","floor":9.0,"turns":3.0},{"damage":16.0,"enemies":"Gremlin Gang","floor":10.0,"turns":4.0},{"damage":0.0,"enemies":"3 Louse","floor":14.0,"turns":2.0},{"damage":2.0,"enemies":"Blue Slaver","floor":15.0,"turns":3.0},{"damage":2.0,"enemies":"SI_SHIV_ARCHETYPE","floor":16.0,"turns":5.0},{"damage":0.0,"enemies":"Chosen","floor":19.0,"turns":4.0},{"damage":0.0,"enemies":"downfall:FaceTrader","floor":20.0,"turns":6.0},{"damage":0.0,"enemies":"downfall:FleeingMerchant","floor":21.0,"turns":4.0},{"damage":0.0,"enemies":"Spheric Guardian","floor":27.0,"turns":2.0},{"damage":15.0,"enemies":"downfall:FleeingMerchant","floor":28.0,"turns":3.0},{"damage":32.0,"enemies":"Slavers","floor":31.0,"turns":3.0},{"damage":7.0,"enemies":"Snake Plant","floor":32.0,"turns":4.0},{"damage":6.0,"enemies":"WA_ARCHETYPE_CALM","floor":33.0,"turns":4.0},{"damage":14.0,"enemies":"Orb Walker","floor":36.0,"turns":3.0},{"damage":34.0,"enemies":"3 Shapes","floor":37.0,"turns":3.0},{"damage":25.0,"enemies":"Transient","floor":38.0,"turns":5.0},{"damage":13.0,"enemies":"Sphere and 2 Shapes","floor":39.0,"turns":3.0},{"damage":21.0,"enemies":"4 Shapes","floor":44.0,"turns":3.0},{"damage":15.0,"enemies":"3 Darklings","floor":45.0,"turns":2.0},{"damage":22.0,"enemies":"Writhing Mass","floor":47.0,"turns":4.0},{"damage":32.0,"enemies":"Jaw Worm Horde","floor":49.0,"turns":3.0},{"damage":4,"enemies":"IC_BLOCK_ARCHETYPE","floor":50,"turns":6}],"seed_played":"1356058452072819635","potions_obtained":[{"floor":6.0,"key":"Explosive Potion"},{"floor":9.0,"key":"EssenceOfSteel"},{"floor":17.0,"key":"hexamod:SoulburnPotion"},{"floor":27.0,"key":"BlessingOfTheForge"},{"floor":49.0,"key":"Slimebound:SlimyTonguePotion"}],"is_trial":false,"path_per_floor":["R","M","?","M","$","M","T","R","?","M","?","T","R","M","M","B",null,"R","M","?","$","?","R","T","?","R","M","$","$","R","E","M","B",null,"R","M","M","M","M","R","T","T","?","M","M","T","M","T","M","B",null],"character_chosen":"SLIMEBOUND","items_purchased":["Slimebound:LeechEnergy","DollysMirror","Tiny Chest","Slimebound:Gluttony","Slimebound:HauntingLick","Frozen Egg 2","Slimebound:LeadByExample+1","Slimebound:AcidTongue+1","Finesse"],"campfire_rested":1,"item_purchase_floors":[5,21,21,21,21,28,28,29,29],"current_hp_per_floor":[47,51,51,47,50,56,56,56,56,50,50,50,65,65,65,63,70,70,70,70,71,71,71,71,71,71,72,62,62,62,41,39,44,76,76,66,41,34,33,57,57,57,57,48,45,45,38,45,19,33],"gold":740,"neow_bonus":"RANDOM_COLORLESS_2","is_daily":false,"chose_seed":false,"campfire_upgraded":8,"win_rate":0.0,"timestamp":1613140229,"path_taken":["R","?","?","M","$","M","T","R","?","?","?","?","R","M","M","BOSS","R","M","?","?","?","R","T","?","R","M","?","$","R","E","M","BOSS","R","M","M","M","M","R","T","?","?","?","M","?","M","?","M","BOSS"],"items_purchased_type":["Card","Relic","Relic","Card","Card","Relic","Card","Card","Card"],"build_version":"2020-12-22","purchased_purges":2,"victory":true,"max_hp_per_floor":[65,65,65,65,65,65,65,65,65,65,65,65,65,65,65,65,70,70,70,70,71,71,71,71,71,71,72,73,73,73,74,75,76,76,76,77,78,79,80,80,80,80,80,81,82,82,83,90,91,92],"card_choices":[{"not_picked":["Transmutation","Thinking Ahead"],"picked":"Sadistic Nature","floor":0.0},{"not_picked":["Slimebound:FinishingTackle","Slimebound:Prepare"],"picked":"Slimebound:LeechEnergy","floor":2.0},{"not_picked":["Slimebound:RainOfGoop","Slimebound:LeadByExample"],"picked":"Slimebound:GoopSpray","floor":4.0},{"not_picked":["Slimebound:RollThrough","Slimebound:OneTwoCombo"],"picked":"Slimebound:OozeBath","floor":5.0},{"not_picked":["Slimebound:SlimeTap","Slimebound:RollThrough"],"picked":"Slimebound:SplitMire","floor":6.0},{"not_picked":["Slimebound:PressTheAttack","Slimebound:SlimeBrawl"],"picked":"Slimebound:SlimeSpikes","floor":10.0},{"not_picked":["Slimebound:GoopTackle","Slimebound:GoopSpray","Slimebound:RollThrough"],"picked":"SKIP","floor":14.0},{"not_picked":["Slimebound:SlimeSpikes","Slimebound:RainOfGoop"],"picked":"Slimebound:MegaLick","floor":15.0},{"not_picked":["Slimebound:Teamwork","Slimebound:TagTeam"],"picked":"Slimebound:RallyTheTroops","floor":16.0},{"not_picked":["Slimebound:SplitLeeching+1","Slimebound:ItLooksTasty","Slimebound:SplitAcid"],"picked":"SKIP","floor":19.0},{"not_picked":["Slimebound:RollThrough","Slimebound:SplitBruiser"],"picked":"Slimebound:SplitMire","floor":20.0},{"not_picked":["Slimebound:Teamwork","Slimebound:SplitMire+1","Slimebound:SlimeBrawl+1"],"picked":"SKIP","floor":21.0},{"not_picked":["Slimebound:AcidTongue","Slimebound:SlimeBarrage+1"],"picked":"Slimebound:HungryTackle","floor":27.0},{"not_picked":["Slimebound:SplitLeeching","Slimebound:ItLooksTasty+1","Slimebound:FlameTackle"],"picked":"SKIP","floor":28.0},{"not_picked":["Slimebound:FinishingTackle","Slimebound:FormOfPuddle","Slimebound:SplitAcid+1"],"picked":"SKIP","floor":31.0},{"not_picked":["Slimebound:FinishingTackle","Slimebound:SplitAcid+1"],"picked":"Slimebound:FormOfPuddle","floor":31.0},{"not_picked":["Slimebound:ViciousTackle","Slimebound:ItLooksTasty"],"picked":"Slimebound:Nibble","floor":32.0},{"not_picked":["Slimebound:MassFeed","Slimebound:PrepareCrush"],"picked":"Slimebound:MinionMaster+1","floor":33.0},{"not_picked":["Slimebound:ItLooksTasty+1","Slimebound:Grow+1"],"picked":"Slimebound:SplitMire","floor":36.0},{"not_picked":["Slimebound:Chomp+1","Slimebound:SlimeBrawl"],"picked":"Slimebound:Replication+1","floor":37.0},{"not_picked":["Slimebound:SlimeSpikes+1","Slimebound:FinishingTackle","Slimebound:GoopTackle"],"picked":"SKIP","floor":38.0},{"not_picked":["Slimebound:ItLooksTasty","Slimebound:LivingWall","Slimebound:PressTheAttack+1"],"picked":"SKIP","floor":39.0},{"not_picked":["Slimebound:FirmFortitude","Slimebound:ItLooksTasty+1"],"picked":"Slimebound:LeechingTouch+1","floor":44.0},{"not_picked":["Slimebound:ComboTackle+1","Slimebound:FormOfPuddle+1"],"picked":"Slimebound:SpikyOuterGoop+1","floor":45.0},{"not_picked":["Slimebound:DisruptingSlam","Slimebound:HungryTackle","Slimebound:DivideAndConquer+1"],"picked":"SKIP","floor":47.0},{"not_picked":["Slimebound:GoopTackle","Slimebound:LeechEnergy+1"],"picked":"Slimebound:SamplingLick+1","floor":49.0}],"player_experience":207397,"relics_obtained":[{"floor":7.0,"key":"Blood Vial"},{"floor":9.0,"key":"downfall:GremlinWheel"},{"floor":12.0,"key":"Sundial"},{"floor":20.0,"key":"downfall:CloakOfManyFaces"},{"floor":31.0,"key":"Happy Flower"},{"floor":41.0,"key":"Pen Nib"},{"floor":46.0,"key":"Oddly Smooth Stone"},{"floor":48.0,"key":"Strawberry"}],"event_choices":[{"damage_healed":15.0,"max_hp_gain":0.0,"max_hp_loss":0.0,"gold_gain":0.0,"event_name":"Wheel of Change","player_choice":"Full Heal","floor":13.0,"gold_loss":0.0,"damage_taken":0.0},{"damage_healed":0.0,"max_hp_gain":0.0,"max_hp_loss":0.0,"gold_gain":0.0,"event_name":"Ghosts","player_choice":"Ignored","floor":22.0,"gold_loss":0.0,"damage_taken":0.0}],"is_beta":false,"boss_relics":[{"not_picked":["Calling Bell","Cursed Key"],"picked":"Tiny House"},{"not_picked":["Pandora\u0027s Box","Coffee Dripper"],"picked":"Slimebound:AbsorbEndCombatUpgraded"}],"items_purged_floors":[21,28],"is_endless":false,"potions_floor_spawned":[6,9,27,31,32,33,37,39,45,47,49],"ascension_level":0}}