{"host":"gxcgukckowz9m16q","time":1613136719,"event":{"mods":["2.2 Compatiblity","BaseMod","Colored Map","Downfall","Jorbs\u0027s Wanderer Trilogy","Marisa????????","Minty Spire (QoL Compilation)","Prisma Mod","Replay The Spire","Shade Mod","Shop Mod","StSLib","The Alterego","The Animator","The Bug Knight","The Cursed","The Hierophant","The Runesmith","The Servant 0.9.4","Unknown Chances","Yakumo Yukari mod"],"gold_per_floor":[117,132,149,77,77,77,77,77,87,87,111,130,165,48,59,70,70,70,70],"floor_reached":18,"language":"ENG","playtime":783,"items_purged":[],"score":114,"play_id":"8afb1079-bbf2-449f-ac6d-cf004316479f","local_time":"20210212073159","is_ascension_mode":false,"campfire_choices":[{"data":"Defend_G","floor":8,"key":"SMITH"},{"data":"Defend_G","floor":10,"key":"SMITH"},{"floor":17,"key":"REST"}],"circlet_count":0,"master_deck":["Strike_G","Strike_G","Strike_G","Strike_G","Strike_G","Defend_G+1","Defend_G+1","Defend_G","Defend_G","Defend_G","Survivor","Neutralize","Eviscerate","Flying Knee","Dagger Spray","Infinite Blades","Choke","Dagger Throw","Poisoned Stab","Dodge and Roll","Prepared"],"relics":["Ring of the Snake","Snake Skull","MerchantsRug"],"acts_visited":["Exordium"],"potions_floor_usage":[9,12],"damage_taken":[{"damage":0,"enemies":"Jaw Worm","floor":1,"turns":6},{"damage":0,"enemies":"Small Slimes","floor":2,"turns":4},{"damage":0,"enemies":"Cultist","floor":3,"turns":4},{"damage":8,"enemies":"Exordium Wildlife","floor":9,"turns":6},{"damage":17,"enemies":"Exordium Thugs","floor":12,"turns":4},{"damage":25,"enemies":"Replay:BlueRogue","floor":13,"turns":6},{"damage":8,"enemies":"Exordium Wildlife","floor":15,"turns":4},{"damage":2,"enemies":"Blue Slaver","floor":16,"turns":3},{"damage":52,"enemies":"Slime Boss","floor":18,"turns":7}],"seed_played":"2686037346898739309","potions_obtained":[{"floor":2,"key":"Fruit Juice"},{"floor":9,"key":"Explosive Potion"},{"floor":12,"key":"PowerPotion"},{"floor":13,"key":"champ:CounterPotion"}],"is_trial":false,"path_per_floor":["M","M","M","$","?","PTL","PTL","R","M","R","T","M","E","$","M","M","R","B"],"character_chosen":"THE_SILENT","items_purchased":["Infinite Blades","MerchantsRug"],"campfire_rested":1,"item_purchase_floors":[4,14],"current_hp_per_floor":[77,77,77,77,77,77,77,77,74,74,74,57,32,32,24,22,46,0,0],"gold":70,"neow_bonus":"TEN_PERCENT_HP_BONUS","is_daily":false,"chose_seed":false,"campfire_upgraded":2,"win_rate":0.0,"timestamp":1613136719,"path_taken":["M","M","M","$","?","PTL","PTL","R","M","R","T","M","E","$","M","M","R","BOSS"],"items_purchased_type":["Card","Relic"],"build_version":"2020-12-22","purchased_purges":0,"victory":false,"max_hp_per_floor":[77,77,77,77,77,77,77,77,82,82,82,82,82,82,82,82,82,82,82],"card_choices":[{"not_picked":["Underhanded Strike","Dagger Spray"],"picked":"Eviscerate","floor":1},{"not_picked":["ReplayTheSpireMod:Shiv Toss","Prepared"],"picked":"Flying Knee","floor":2},{"not_picked":["Fluid Movement","Heel Hook"],"picked":"Dagger Spray","floor":3},{"not_picked":["ReplayTheSpireMod:Scrap Shanks","All Out Attack"],"picked":"Choke","floor":9},{"not_picked":["Fluid Movement","Underhanded Strike"],"picked":"Dagger Throw","floor":12},{"not_picked":["Quick Slash","Hidden Blade"],"picked":"Poisoned Stab","floor":13},{"not_picked":["Quick Slash","Backflip"],"picked":"Dodge and Roll","floor":15},{"not_picked":["Die Die Die","Acrobatics"],"picked":"Prepared","floor":16}],"player_experience":10913,"relics_obtained":[{"floor":13,"key":"Snake Skull"}],"event_choices":[{"damage_healed":0,"gold_gain":0,"player_choice":"Ignored","damage_taken":0,"max_hp_gain":0,"max_hp_loss":0,"event_name":"Golden Wing","floor":5,"gold_loss":0}],"is_beta":false,"boss_relics":[],"items_purged_floors":[],"is_endless":false,"potions_floor_spawned":[2,9,12,13],"killed_by":"Slime Boss","ascension_level":0}}