{"host":"kqmpijrcxbgb80ry","time":1613102638,"event":{"mods":["BaseMod","Colored Map","Colored Powertips","Duelist Mod","Hermit","Highlight Path","Hubris","Infinite Spire","Mimic Mod","Minty Spire (QoL Compilation)","Permanent Neow","Replay The Spire","Shop Mod","StSLib","SuperFastMode"],"gold_per_floor":[115,115,125,145,156,156,182,182,258,268,286,286,297,316,409,510,510,527,77,103,131,146,146,146],"floor_reached":23,"language":"ENG","playtime":1603,"items_purged":[],"score":199,"play_id":"62928137-ad68-4058-8a90-293e2ad994de","local_time":"20210211230358","is_ascension_mode":false,"campfire_choices":[{"data":"hermit:Dive","floor":6,"key":"SMITH"},{"data":"hermit:Headshot","floor":8,"key":"SMITH"}],"circlet_count":0,"master_deck":["hermit:Strike_Hermit","hermit:Strike_Hermit","hermit:Strike_Hermit","hermit:Strike_Hermit","hermit:Defend_Hermit","hermit:Defend_Hermit","hermit:Defend_Hermit","hermit:Snapshot","hermit:Covet","hermit:Dive+1","hermit:TrackingShot","hermit:BlackWind","hermit:Headshot+1","hermit:GoldenBullet+1","hermit:BigShot","hermit:FlashPowder","hermit:BodyArmor","hermit:DeadOrAlive","hermit:Glare","hermit:Scavenge"],"relics":["hermit:Momento","hubris:Zylophone","Replay:Bottled Eggs","hubris:Backtick","Burning Blood","hubris:GlazedTorus"],"acts_visited":["Exordium","TheCity"],"potions_floor_usage":[16,16,16,16,16,23,23],"damage_taken":[{"damage":0,"enemies":"Cultist","floor":1,"turns":3},{"damage":0,"enemies":"Small Slimes","floor":3,"turns":3},{"damage":6,"enemies":"Jaw Worm","floor":4,"turns":3},{"damage":1,"enemies":"3 Louse","floor":5,"turns":4},{"damage":24,"enemies":"3 Sentries","floor":7,"turns":12},{"damage":5,"enemies":"Looter","floor":10,"turns":2},{"damage":0,"enemies":"Blue Slaver","floor":11,"turns":1},{"damage":9,"enemies":"2 Fungi Beasts","floor":13,"turns":3},{"damage":0,"enemies":"Looter","floor":14,"turns":1},{"damage":34,"enemies":"Fading Forest","floor":16,"turns":11},{"damage":29,"enemies":"Shell Parasite","floor":18,"turns":6},{"damage":17,"enemies":"Chosen","floor":20,"turns":5},{"damage":5,"enemies":"Centurion and Healer","floor":21,"turns":6},{"damage":18,"enemies":"Snake Plant","floor":22,"turns":4},{"damage":32,"enemies":"Nightmare","floor":23,"turns":6}],"seed_played":"-3896125953534193820","potions_obtained":[{"floor":0,"key":"EntropicBrew"},{"floor":0,"key":"Block Potion"},{"floor":0,"key":"AttackPotion"},{"floor":21,"key":"Reflective Coating"},{"floor":22,"key":"Block Potion"}],"is_trial":false,"path_per_floor":["M","?","M","M","M","R","E","R","T","M","M","$","M","M","R_BF","B",null,"M","$","M","M","M","NM"],"character_chosen":"HERMIT","items_purchased":["hermit:DeadOrAlive","hubris:GlazedTorus"],"campfire_rested":0,"item_purchase_floors":[19,19],"current_hp_per_floor":[75,75,75,69,68,68,44,44,44,39,39,39,30,30,30,6,75,52,52,41,42,30,0,0],"gold":146,"neow_bonus":"THREE_SMALL_POTIONS","is_daily":false,"chose_seed":false,"campfire_upgraded":2,"win_rate":0.0,"timestamp":1613102638,"path_taken":["M","?","M","M","M","R","E","R","T","?","M","$","M","M","R_BF","BOSS","M","$","M","M","M","NM"],"items_purchased_type":["Card","Relic"],"build_version":"2020-12-22","purchased_purges":0,"victory":false,"max_hp_per_floor":[75,75,75,75,75,75,75,75,75,75,75,75,75,75,75,75,75,75,75,75,75,75,75,75],"card_choices":[{"not_picked":["hermit:HighCaliber","hermit:ItchyTrigger"],"picked":"hermit:Dive","floor":1},{"not_picked":["hermit:BodyArmor","hermit:Snipe"],"picked":"hermit:TrackingShot","floor":3},{"not_picked":["hermit:Roulette","hermit:Dive"],"picked":"hermit:BlackWind","floor":4},{"not_picked":["hermit:TakeCover","hermit:EyeOfTheStorm"],"picked":"hermit:Headshot","floor":5},{"not_picked":["hermit:Cheat","hermit:Spite"],"picked":"hermit:GoldenBullet","floor":7},{"not_picked":["hermit:BodyArmor","hermit:Feint","hermit:Ricochet"],"picked":"SKIP","floor":10},{"not_picked":["hermit:PistolWhip","hermit:TrackingShot"],"picked":"hermit:BigShot","floor":11},{"not_picked":["hermit:Combo","hermit:Brawl"],"picked":"hermit:FlashPowder","floor":13},{"not_picked":["hermit:Misfire","hermit:Spite","hermit:Ricochet"],"picked":"SKIP","floor":14},{"not_picked":["hermit:TrackingShot","hermit:Cheat"],"picked":"hermit:BodyArmor","floor":18},{"not_picked":["hermit:Snipe","hermit:Brawl+1","hermit:LowProfile"],"picked":"SKIP","floor":20},{"not_picked":["hermit:TrackingShot","hermit:Misfire"],"picked":"hermit:Glare","floor":21},{"not_picked":["hermit:Headshot+1","hermit:Dive+1"],"picked":"hermit:Scavenge","floor":22}],"player_experience":371264,"relics_obtained":[{"floor":7,"key":"hubris:Zylophone"},{"floor":9,"key":"Replay:Bottled Eggs"}],"event_choices":[{"cards_removed":["hermit:Defend_Hermit"],"damage_healed":0,"gold_gain":0,"player_choice":"Offered Basic","damage_taken":0,"max_hp_gain":0,"max_hp_loss":0,"event_name":"Bonfire Elementals","floor":2,"gold_loss":0}],"is_beta":false,"boss_relics":[{"not_picked":["Black Star","Runic Pyramid"],"picked":"hubris:Backtick"}],"items_purged_floors":[],"is_endless":false,"potions_floor_spawned":[1,4,7,11,13,14,21,22],"killed_by":"Nightmare","ascension_level":0}}