{"host":"nsc6ozq3atyrdr3m","time":1613169542,"event":{"mods":["BaseMod","Colored Map","Minty Spire (QoL Compilation)"],"gold_per_floor":[113,126,126,126,51,87,87,122,173,173,173,198,218,218,218,316,316,316,316],"floor_reached":18,"language":"FRA","playtime":280,"items_purged":["Defend_R"],"score":382,"play_id":"b5948497-acf4-490b-8bcb-362a25cfd2e6","local_time":"20210212233902","is_ascension_mode":true,"campfire_choices":[{"data":"Whirlwind","floor":7,"key":"SMITH"},{"data":"Bash","floor":10,"key":"SMITH"},{"floor":15,"key":"REST"}],"circlet_count":0,"master_deck":["AscendersBane","Bash+1","Shrug It Off","Whirlwind+1","Impervious","Limit Break","Rage","Battle Trance","Body Slam","Rampage","Offering","Warcry","Dark Embrace"],"relics":["Burning Blood","NeowsBlessing","Golden Idol","Potion Belt","Regal Pillow","Akabeko","Orichalcum","Bag of Preparation","Pandora\u0027s Box"],"acts_visited":["Exordium","TheCity"],"potions_floor_usage":[16,16],"damage_taken":[{"damage":0,"enemies":"2 Louse","floor":1,"turns":2},{"damage":0,"enemies":"Small Slimes","floor":2,"turns":1},{"damage":0,"enemies":"3 Sentries","floor":6,"turns":1},{"damage":32,"enemies":"Gremlin Nob","floor":8,"turns":4},{"damage":0,"enemies":"Jaw Worm","floor":13,"turns":2},{"damage":40,"enemies":"Slime Boss","floor":16,"turns":11},{"damage":0,"enemies":"Shell Parasite","floor":18,"turns":2}],"seed_played":"-8262033283946023906","potions_obtained":[{"floor":1,"key":"BlessingOfTheForge"},{"floor":2,"key":"Fire Potion"},{"floor":6,"key":"SpeedPotion"},{"floor":13,"key":"Swift Potion"},{"floor":16,"key":"LiquidMemories"}],"is_trial":false,"path_per_floor":["M","M","?","?","$","E","R","E","T","R","?","T","M","?","R","B",null,"M"],"character_chosen":"IRONCLAD","items_purchased":[],"campfire_rested":1,"item_purchase_floors":[],"current_hp_per_floor":[74,75,68,57,57,63,63,37,37,37,37,37,43,43,68,34,60,60,60],"gold":316,"neow_bonus":"THREE_ENEMY_KILL","is_daily":false,"chose_seed":false,"campfire_upgraded":2,"win_rate":0.0,"timestamp":1613169542,"path_taken":["M","M","?","?","$","E","R","E","T","R","?","?","M","?","R","BOSS","M"],"items_purchased_type":[],"build_version":"2020-12-22","purchased_purges":1,"victory":false,"max_hp_per_floor":[75,75,68,68,68,68,68,68,68,68,68,68,68,68,68,68,68,68,68],"card_choices":[{"not_picked":["Seeing Red","Warcry"],"picked":"Shrug It Off","floor":1},{"not_picked":["Heavy Blade","Iron Wave"],"picked":"Whirlwind","floor":2},{"not_picked":["Body Slam","Anger","Combust"],"picked":"SKIP","floor":6},{"not_picked":["Iron Wave","Reckless Charge"],"picked":"Impervious","floor":8},{"not_picked":["Clash","Shrug It Off","Shockwave"],"picked":"SKIP","floor":13},{"not_picked":["Berserk","Corruption"],"picked":"Limit Break","floor":16}],"player_experience":403473,"relics_obtained":[{"floor":6,"key":"Regal Pillow"},{"floor":8,"key":"Akabeko"},{"floor":9,"key":"Orichalcum"},{"floor":12,"key":"Bag of Preparation"}],"event_choices":[{"damage_healed":0,"gold_gain":0,"player_choice":"Lose Max HP","damage_taken":0,"relics_obtained":["Golden Idol"],"max_hp_gain":0,"max_hp_loss":7,"event_name":"Golden Idol","floor":3,"gold_loss":0},{"damage_healed":0,"gold_gain":0,"player_choice":"Success","damage_taken":11,"relics_obtained":["Potion Belt"],"max_hp_gain":0,"max_hp_loss":0,"event_name":"Scrap Ooze","floor":4,"gold_loss":0},{"cards_removed":["Strike_R"],"damage_healed":0,"gold_gain":0,"player_choice":"Forget","damage_taken":0,"max_hp_gain":0,"max_hp_loss":0,"event_name":"Living Wall","floor":11,"gold_loss":0},{"damage_healed":0,"gold_gain":0,"player_choice":"Ignored","damage_taken":0,"max_hp_gain":0,"max_hp_loss":0,"event_name":"Shining Light","floor":14,"gold_loss":0}],"is_beta":false,"boss_relics":[{"not_picked":["Runic Cube","Black Blood"],"picked":"Pandora\u0027s Box"}],"items_purged_floors":[5],"is_endless":false,"potions_floor_spawned":[1,2,6,13,16],"killed_by":"Shell Parasite","ascension_level":20}}