{"host":"36qke0usa4c48kdx","time":1613153852,"event":{"mods":["AchievementEnabler","BaseMod","Colored Map","Downfall","Hermit","Hubris","Marisa????????","Minty Spire (QoL Compilation)","READ ME - Guardian Mod","Replay The Spire","Shop Mod","StSLib","The Bug Knight","The Cursed","The Disciple","The Jungle","The Servant 0.9.4","[IsaacMod]????"],"gold_per_floor":[111,111,13,68,126,205,205,270,270,305,375,421,421,431,431,578,578,588,688,688,708,756,787,787,845,845,220,220,298,316,375,375,471,471,487,143,155,155,1154,1154,1233,796,843,267,301,319,383,383,383,383,383,383,261,322,322,322],"floor_reached":55,"language":"ENG","playtime":6056,"items_purged":["Delirium","Regret","downfall:Bewildered","ReplayTheSpireMod:Splinters","Defend_S","Normality","Normality"],"score":937,"play_id":"f536402b-593d-4599-9591-69ffbb536da1","local_time":"20210212191732","is_ascension_mode":true,"campfire_choices":[{"floor":13.0,"key":"REST"},{"data":"EpicFetus","floor":15.0,"key":"SMITH"},{"data":"BestPractice","floor":24.0,"key":"SMITH"},{"data":"StarChef","floor":28.0,"key":"SMITH"},{"floor":32.0,"key":"REST"},{"floor":40.0,"key":"RECALL"},{"data":"TheWorld","floor":49.0,"key":"SMITH"},{"data":"Moondial","floor":52,"key":"SMITH"}],"circlet_count":0,"master_deck":["Strike_S","Strike_S","Strike_S","Strike_S","Defend_S","Defend_S","Defend_S","KidneyShot","Exchange","EpicFetus+1","Rearm","Defy","BestPractice+1","PendulumOfEternity","Pot Of Greed+1","Pot Of Greed+1","Luminosity","InstantArmor","StarChef+1","SilverMatrix","FlawlessForm","Ricochet","Starlight","Pot Of Greed+1","BottledTime","DoubleEdge+1","GearUp","GearUp","Moondial+1","TheWorld+1","KillingDoll","Deadline+1","Panacea","Comet+1","Revamp+1","FloweringNight","GearUp","Rearm+1","WasteNot+1"],"relics":["Uniform","HushsDoor","BookofShadows","NeowsBlessing","ReplayTheSpireMod:Ring of Challenge","Ring of Peace","Mango","Grinning Jar","TuHaoJin","Snack Pack","InkBottle","Pear","Strawberry","Replay:Grab Bag","Replay:Bronze Core","SatanicBible","sneckomod:BabySnecko","Replay:Bottled Eggs","The Courier","ClockworkSouvenir","hubris:SlimyHat","MoneyPower","ReplayFunnel","Mummified Hand","Replay:Ancient Bell","BargainBundle","Replay:Accelerometer","hubris:TenFootPole","NineVolt","hubris:CrystalStatue","Bag of Preparation","BFFS","Question Card","BelialBook","hubris:Icosahedron","Replay:Rubber Ducky","Akabeko","Centennial Puzzle"],"acts_visited":["Exordium","TheCity","TheBeyond","TheEnding"],"potions_floor_usage":[55,55],"damage_taken":[{"damage":0.0,"enemies":"Jaw Worm","floor":1.0,"turns":1.0},{"damage":0.0,"enemies":"2 Louse","floor":4.0,"turns":2.0},{"damage":0.0,"enemies":"Cultist","floor":5.0,"turns":1.0},{"damage":38.0,"enemies":"3 Sentries","floor":6.0,"turns":8.0},{"damage":21.0,"enemies":"Blue Slaver","floor":8.0,"turns":5.0},{"damage":2.0,"enemies":"2 Fungi Beasts","floor":10.0,"turns":2.0},{"damage":19.0,"enemies":"Lagavulin","floor":11.0,"turns":8.0},{"damage":3.0,"enemies":"Large Slime","floor":14.0,"turns":5.0},{"damage":1.0,"enemies":"Slime Boss","floor":16.0,"turns":8.0},{"damage":26.0,"enemies":"2 Thieves","floor":18.0,"turns":5.0},{"damage":7.0,"enemies":"Shell Parasite","floor":21.0,"turns":5.0},{"damage":14.0,"enemies":"Shelled Parasite and Fungi","floor":22.0,"turns":4.0},{"damage":0.0,"enemies":"HollowMod:Nosk","floor":23.0,"turns":9.0},{"damage":0.0,"enemies":"Snecko","floor":25.0,"turns":5.0},{"damage":31.0,"enemies":"Replay:Snechameleon","floor":29.0,"turns":10.0},{"damage":0.0,"enemies":"Centurion and Healer","floor":30.0,"turns":5.0},{"damage":0.0,"enemies":"Snake Plant","floor":31.0,"turns":5.0},{"damage":0.0,"enemies":"Automaton","floor":33.0,"turns":4.0},{"damage":0.0,"enemies":"Orb Walker","floor":35.0,"turns":4.0},{"damage":0.0,"enemies":"3 Shapes","floor":37.0,"turns":3.0},{"damage":11.0,"enemies":"Giant Head","floor":41.0,"turns":7.0},{"damage":0.0,"enemies":"HollowMod:StalkingDevout","floor":45.0,"turns":6.0},{"damage":8.0,"enemies":"Jaw Worm Horde","floor":46.0,"turns":3.0},{"damage":19.0,"enemies":"Writhing Mass","floor":47.0,"turns":5.0},{"damage":0,"enemies":"Replay:Hell Engine","floor":50,"turns":6},{"damage":33,"enemies":"Shield and Spear","floor":54,"turns":4},{"damage":73,"enemies":"Delirium","floor":55,"turns":11}],"seed_played":"-7381950890454835998","potions_obtained":[{"floor":1.0,"key":"PowerPotion"},{"floor":8.0,"key":"FearPotion"},{"floor":10.0,"key":"SteroidPotion"},{"floor":16.0,"key":"LiquidBronze"},{"floor":21.0,"key":"bronze:BurnAndBuffPotion"},{"floor":29.0,"key":"Fire Potion"},{"floor":30.0,"key":"LiquidMemories"},{"floor":33.0,"key":"champ:CounterPotion"},{"floor":37.0,"key":"Elixir"},{"floor":41.0,"key":"Dexterity Potion"},{"floor":47.0,"key":"Regen Potion"}],"is_trial":false,"path_per_floor":["M","?","$","M","M","E","?","M","T","M","E","?","R","M","R","B",null,"M","?","?","M","M","E","R","M","T","$","R","E","M","M","R","B",null,"M","$","M","?","?","R","E","$","T","$","E","M","M","?","R","B",null,"R","$","E","B"],"character_chosen":"THE_SERVANT","items_purchased":["Rearm","FlawlessForm","SatanicBible","ClockworkSouvenir","GearUp","hubris:SlimyHat","MoneyPower","BargainBundle","Adrenaline Potion","Replay:Accelerometer","Panacea","NineVolt","hubris:CrystalStatue","Bag of Preparation","BFFS","Question Card","Replay:Rubber Ducky"],"campfire_rested":2,"item_purchase_floors":[3,17,17,27,27,27,27,36,36,36,36,42,42,44,44,44,53],"current_hp_per_floor":[65,65,65,65,65,41,41,20,20,18,5,15,41,42,42,56,77,57,57,57,52,38,42,42,44,44,44,44,15,17,19,42,44,70,70,70,70,70,70,70,59,59,59,59,69,62,52,52,52,56,70,70,70,41,0,0],"gold":322,"neow_bonus":"THREE_ENEMY_KILL","is_daily":false,"chose_seed":false,"campfire_upgraded":5,"win_rate":0.0,"timestamp":1613153852,"path_taken":["M","?","?","M","M","E","?","M","T","M","E","?","R","M","R","BOSS","M","?","?","M","?","E","R","M","T","$","R","E","M","M","R","BOSS","M","$","M","?","?","R","E","?","T","$","E","?","M","?","R","BOSS","R","$","E","BOSS"],"items_purchased_type":["Card","Card","Relic","Relic","Card","Relic","Relic","Relic","Potion","Relic","Card","Relic","Relic","Relic","Relic","Relic","Relic"],"build_version":"2020-12-22","purchased_purges":7,"victory":false,"max_hp_per_floor":[65,65,65,65,65,79,79,79,79,79,79,89,89,89,89,96,77,77,77,77,77,77,77,77,77,77,77,77,77,77,77,77,77,70,70,70,70,70,70,70,70,70,70,70,70,70,70,70,70,70,70,70,70,70,70,70],"card_choices":[{"not_picked":[],"picked":"EpicFetus","floor":0.0},{"not_picked":["Deadline","DoubleEdge","Unruled"],"picked":"SKIP","floor":1.0},{"not_picked":["FastForward","Rewind"],"picked":"Defy","floor":4.0},{"not_picked":["Misdirection","Spin"],"picked":"BestPractice","floor":5.0},{"not_picked":["TimeWarp","Spin"],"picked":"PendulumOfEternity","floor":6.0},{"not_picked":["Spin","Collapse","Potential"],"picked":"SKIP","floor":8.0},{"not_picked":["Replace","Ricochet"],"picked":"Luminosity","floor":10.0},{"not_picked":["Potential","Rewind"],"picked":"InstantArmor","floor":11.0},{"not_picked":["Spin","Ricochet"],"picked":"StarChef","floor":12.0},{"not_picked":["DoubleEdge","Shuttle","Potential"],"picked":"SKIP","floor":14.0},{"not_picked":["PendulumOfEternity","Duplication"],"picked":"SilverMatrix","floor":16.0},{"not_picked":["Revamp","Foresight"],"picked":"Ricochet","floor":18.0},{"not_picked":["FastForward","Replace"],"picked":"Starlight","floor":19.0},{"not_picked":["Unruled+1","Deadline"],"picked":"BottledTime","floor":21.0},{"not_picked":["ShiftingGears","Desolation"],"picked":"DoubleEdge+1","floor":22.0},{"not_picked":["Ricochet+1","Barrier","Hightail"],"picked":"SKIP","floor":23.0},{"not_picked":["Ricochet+1","Barrier","Hightail"],"picked":"SKIP","floor":23.0},{"not_picked":["ShatteredReality","DualDimension","DoubleEdge"],"picked":"SKIP","floor":25.0},{"not_picked":["Ricochet","Luminosity"],"picked":"Moondial","floor":29.0},{"not_picked":["ShatteredReality+1","Replace+1"],"picked":"TheWorld","floor":30.0},{"not_picked":["Unruled","Barrier","Replace+1"],"picked":"SKIP","floor":31.0},{"not_picked":["FlawlessForm","ForgedInTime"],"picked":"KillingDoll","floor":33.0},{"not_picked":["Replace+1","Ricochet+1"],"picked":"Deadline+1","floor":35.0},{"not_picked":["FastForward+1","Rewind+1"],"picked":"Comet+1","floor":37.0},{"not_picked":["FanOfKnives+1","Potential"],"picked":"Revamp+1","floor":41.0},{"not_picked":["TimeWarp+1","Revamp","PendulumOfEternity"],"picked":"FloweringNight","floor":45.0},{"not_picked":["Ricochet+1","Defy","Alleviate"],"picked":"GearUp","floor":46.0},{"not_picked":["Defy+1","Reset+1","Spin+1"],"picked":"Rearm+1","floor":47.0},{"not_picked":["Revamp","Gouge","Defy+1"],"picked":"WasteNot+1","floor":54}],"player_experience":762305,"relics_obtained":[{"floor":2.0,"key":"ReplayTheSpireMod:Ring of Challenge"},{"floor":2.0,"key":"Ring of Peace"},{"floor":6.0,"key":"Mango"},{"floor":8.0,"key":"TuHaoJin"},{"floor":9.0,"key":"Snack Pack"},{"floor":11.0,"key":"InkBottle"},{"floor":12.0,"key":"Pear"},{"floor":16.0,"key":"Strawberry"},{"floor":23.0,"key":"Replay:Bottled Eggs"},{"floor":26.0,"key":"The Courier"},{"floor":29.0,"key":"ReplayFunnel"},{"floor":31.0,"key":"Mummified Hand"},{"floor":41.0,"key":"hubris:TenFootPole"},{"floor":45.0,"key":"BelialBook"},{"floor":54,"key":"Akabeko"},{"floor":54,"key":"Centennial Puzzle"}],"event_choices":[{"damage_healed":0.0,"max_hp_gain":0.0,"max_hp_loss":0.0,"gold_gain":0.0,"event_name":"Big Fish","player_choice":"Box","floor":7.0,"gold_loss":0.0,"damage_taken":0.0,"relics_obtained":["Grinning Jar"],"cards_obtained":["Regret"]},{"damage_healed":0.0,"max_hp_gain":0.0,"max_hp_loss":0.0,"gold_gain":0.0,"event_name":"Tomb of Lord Red Mask","player_choice":"Ignored","floor":38.0,"gold_loss":0.0,"damage_taken":0.0},{"damage_healed":0.0,"max_hp_gain":0.0,"max_hp_loss":0.0,"gold_gain":999.0,"event_name":"MindBloom","player_choice":"Gold","floor":39.0,"gold_loss":0.0,"damage_taken":0.0,"cards_obtained":["Normality","Normality"]}],"is_beta":false,"boss_relics":[{"not_picked":["Kintsugi","hubris:CrackedHourglass"],"picked":"Replay:Grab Bag"},{"not_picked":["hubris:VirtuousBlindfold","Replay:Fungal Core"],"picked":"Replay:Bronze Core"},{"not_picked":[]},{"not_picked":["SacredBark","ChampionBelt"],"picked":"Replay:Ancient Bell"},{"not_picked":[]}],"items_purged_floors":[3,17,27,34,36,42,44],"is_endless":false,"potions_floor_spawned":[1,8,10,16,21,29,30,33,37,41,47],"killed_by":"Delirium","ascension_level":4}}