{"host":"rtw1tnr74gozsrw1","time":1613095797,"event":{"mods":["BaseMod","Colored Map","Colored Powertips","Highlight Path","Infinite Spire","Minty Spire (QoL Compilation)","StSLib","The Cursed","The Jungle"],"gold_per_floor":[118,133,146,146,71,71,89,89,116,116,142,154,154,85,85,185,185,200,200,200,217,217,217,217,217],"floor_reached":24,"language":"ENG","playtime":597,"items_purged":["Strike_B"],"score":243,"play_id":"fe0d6ab1-db10-4cca-bf99-14c2e4350cda","local_time":"20210212030957","is_ascension_mode":true,"campfire_choices":[{"data":"Redo","floor":6,"key":"SMITH"},{"data":"Dualcast","floor":8,"key":"SMITH"},{"data":"Go for the Eyes","floor":10,"key":"SMITH"},{"data":"Skim","floor":13,"key":"SMITH"},{"data":"Defragment","floor":15,"key":"SMITH"},{"data":"Creative AI","floor":23,"key":"SMITH"}],"circlet_count":0,"master_deck":["Defend_B","Defend_B","Defend_B","Zap+1","Dualcast+1","FTL","Gash","Redo+1","Go for the Eyes+1","Skim+1","BootSequence","Defragment+1","Creative AI+1","Force Field+1","White Noise+1","Coolheaded+1","Redo+1","Conserve Battery+1"],"relics":["Cracked Core","NeowsBlessing","Bronze Scales","Orichalcum","Astrolabe"],"acts_visited":["Exordium","TheCity"],"potions_floor_usage":[12],"damage_taken":[{"damage":0,"enemies":"2 Louse","floor":1,"turns":1},{"damage":0,"enemies":"Cultist","floor":2,"turns":1},{"damage":0,"enemies":"Small Slimes","floor":3,"turns":1},{"damage":2,"enemies":"2 Fungi Beasts","floor":7,"turns":2},{"damage":5,"enemies":"Lagavulin","floor":11,"turns":5},{"damage":10,"enemies":"Exordium Wildlife","floor":12,"turns":2},{"damage":18,"enemies":"Slime Boss","floor":16,"turns":8},{"damage":0,"enemies":"Spheric Guardian","floor":18,"turns":4},{"damage":2,"enemies":"Chosen","floor":21,"turns":5},{"damage":36,"enemies":"Slavers","floor":24,"turns":4}],"seed_played":"8127300332746377027","potions_obtained":[{"floor":3,"key":"Dexterity Potion"},{"floor":7,"key":"EssenceOfDarkness"},{"floor":11,"key":"BlessingOfTheForge"}],"is_trial":false,"path_per_floor":["M","M","M","?","$","R","M","R","T","R","E","M","R","$","R","B",null,"M","?","?","M","?","R","E"],"character_chosen":"DEFECT","items_purchased":["Defragment"],"campfire_rested":0,"item_purchase_floors":[14],"current_hp_per_floor":[75,75,75,75,75,75,73,73,73,73,68,58,58,58,58,40,66,66,66,66,64,64,64,28,28],"gold":217,"neow_bonus":"THREE_ENEMY_KILL","is_daily":false,"chose_seed":false,"campfire_upgraded":6,"win_rate":0.0,"timestamp":1613095797,"path_taken":["M","M","M","?","$","R","M","R","T","R","E","?","R","$","R","BOSS","M","?","?","?","?","R","E"],"items_purchased_type":["Card"],"build_version":"2020-12-22","purchased_purges":1,"victory":false,"max_hp_per_floor":[75,75,75,75,75,75,75,75,75,75,75,75,75,75,75,75,75,75,75,75,75,75,75,75,75],"card_choices":[{"not_picked":["Hologram","Force Field"],"picked":"FTL","floor":1},{"not_picked":["Storm","Streamline"],"picked":"Gash","floor":2},{"not_picked":["Sunder","Lockon"],"picked":"Redo","floor":3},{"not_picked":["Fusion","Self Repair"],"picked":"Go for the Eyes","floor":7},{"not_picked":["Turbo","Seek"],"picked":"Skim","floor":11},{"not_picked":["Tempest","Stack"],"picked":"BootSequence","floor":12},{"not_picked":["Biased Cognition","Core Surge"],"picked":"Creative AI","floor":16},{"not_picked":["Beam Cell","Reinforced Body"],"picked":"Redo+1","floor":18},{"not_picked":["White Noise","Auto Shields"],"picked":"Conserve Battery+1","floor":21}],"player_experience":141870,"relics_obtained":[{"floor":9,"key":"Bronze Scales"},{"floor":11,"key":"Orichalcum"}],"event_choices":[{"damage_healed":0,"gold_gain":0,"player_choice":"Upgraded","damage_taken":0,"max_hp_gain":0,"max_hp_loss":0,"event_name":"Upgrade Shrine","floor":4,"gold_loss":0,"cards_upgraded":["Zap"]},{"damage_healed":0,"gold_gain":0,"player_choice":"Ignored","damage_taken":0,"max_hp_gain":0,"max_hp_loss":0,"event_name":"Vampires","floor":19,"gold_loss":0},{"damage_healed":0,"gold_gain":0,"player_choice":"Ignored","damage_taken":0,"max_hp_gain":0,"max_hp_loss":0,"event_name":"Ghosts","floor":20,"gold_loss":0},{"cards_removed":["Defend_B"],"damage_healed":0,"gold_gain":0,"player_choice":"Elegance","damage_taken":0,"max_hp_gain":0,"max_hp_loss":0,"event_name":"Back to Basics","floor":22,"gold_loss":0}],"is_beta":false,"boss_relics":[{"not_picked":["infinitespire:Cupcake","Tiny House"],"picked":"Astrolabe"}],"items_purged_floors":[5],"is_endless":false,"potions_floor_spawned":[3,7,11],"killed_by":"Slavers","ascension_level":5}}