{"host":"4epvxsx6d4oxmc67","time":1613093501,"event":{"mods":["AchievementEnabler","BaseMod","Colored Map","Highlight Path","Minty Spire (QoL Compilation)"],"gold_per_floor":[113,12,12,24,24,56,70,70,70,84,119,136,136,153,153,249,249,260,280,480,496,146,146,146,146],"floor_reached":24,"language":"ENG","playtime":920,"items_purged":["Strike_B","Tempest"],"score":256,"play_id":"bcfd047f-c040-4f68-a155-14e9006de114","local_time":"20210212013141","is_ascension_mode":true,"campfire_choices":[{"data":"Beam Cell","floor":13.0,"key":"SMITH"},{"data":"Ball Lightning","floor":15.0,"key":"SMITH"},{"data":"Echo Form","floor":23.0,"key":"SMITH"}],"circlet_count":0,"master_deck":["Strike_B","Defend_B","Defend_B","Defend_B","Defend_B","Zap","Dualcast","Ball Lightning+1","Cold Snap","Barrage","Buffer","Steam","Cold Snap","Beam Cell+1","Double Energy","Echo Form+1","Loop","Tempest+1"],"relics":["Cracked Core","NeowsBlessing","Torii","Lantern","Shovel","Darkstone Periapt","Sozu","Molten Egg 2"],"acts_visited":["Exordium","TheCity"],"potions_floor_usage":[],"damage_taken":[{"damage":0.0,"enemies":"2 Louse","floor":1.0,"turns":1.0},{"damage":0.0,"enemies":"Cultist","floor":4.0,"turns":1.0},{"damage":0.0,"enemies":"Lagavulin","floor":6.0,"turns":1.0},{"damage":0.0,"enemies":"Small Slimes","floor":7.0,"turns":1.0},{"damage":2.0,"enemies":"Blue Slaver","floor":10.0,"turns":3.0},{"damage":14.0,"enemies":"Gremlin Nob","floor":11.0,"turns":4.0},{"damage":1.0,"enemies":"Lots of Slimes","floor":12.0,"turns":3.0},{"damage":1.0,"enemies":"3 Louse","floor":14.0,"turns":4.0},{"damage":42.0,"enemies":"Slime Boss","floor":16.0,"turns":11.0},{"damage":0.0,"enemies":"Chosen","floor":18.0,"turns":5.0},{"damage":20.0,"enemies":"Spheric Guardian","floor":19.0,"turns":5.0},{"damage":6.0,"enemies":"Snecko","floor":21.0,"turns":5.0},{"damage":88,"enemies":"Slavers","floor":24,"turns":4}],"seed_played":"2993110688273441370","potions_obtained":[{"floor":1.0,"key":"Fire Potion"},{"floor":4.0,"key":"SteroidPotion"},{"floor":10.0,"key":"EssenceOfSteel"},{"floor":12.0,"key":"FairyPotion"},{"floor":14.0,"key":"FairyPotion"}],"is_trial":false,"path_per_floor":["M","$","?","M","?","E","M","?","T","M","E","M","R","M","R","B",null,"M","M","?","M","$","R","E"],"character_chosen":"DEFECT","items_purchased":["Cold Snap","Molten Egg 2"],"campfire_rested":0,"item_purchase_floors":[2,22],"current_hp_per_floor":[75,75,63,63,63,63,63,56,56,54,40,39,39,38,38,22,75,75,55,55,49,49,49,0,0],"gold":146,"neow_bonus":"THREE_ENEMY_KILL","is_daily":false,"chose_seed":false,"campfire_upgraded":3,"win_rate":0.0,"timestamp":1613093501,"path_taken":["M","$","?","M","?","E","M","?","T","M","E","M","R","M","R","BOSS","M","M","?","M","$","R","E"],"items_purchased_type":["Card","Relic"],"build_version":"2020-12-22","purchased_purges":2,"victory":false,"max_hp_per_floor":[75,75,75,75,75,75,75,75,75,75,75,75,75,75,75,75,75,75,75,75,75,75,75,75,75],"card_choices":[{"not_picked":["Hello World","Streamline"],"picked":"Ball Lightning","floor":1.0},{"not_picked":["Stack","Coolheaded"],"picked":"Barrage","floor":4.0},{"not_picked":["Blizzard","Go for the Eyes"],"picked":"Steam","floor":6.0},{"not_picked":["Barrage","Hologram"],"picked":"Cold Snap","floor":7.0},{"not_picked":["Undo","Storm"],"picked":"Beam Cell","floor":10.0},{"not_picked":["Rebound","Go for the Eyes"],"picked":"Tempest","floor":11.0},{"not_picked":["Sunder","Steam"],"picked":"Double Energy","floor":12.0},{"not_picked":["Reboot","Stack","Chaos"],"picked":"SKIP","floor":14.0},{"not_picked":["Buffer","Electrodynamics"],"picked":"Echo Form","floor":16.0},{"not_picked":["Double Energy","Gash"],"picked":"Loop","floor":18.0},{"not_picked":["Cold Snap","Compile Driver"],"picked":"Tempest+1","floor":19.0},{"not_picked":["Storm","Hologram","Turbo+1"],"picked":"SKIP","floor":21.0}],"player_experience":93122,"relics_obtained":[{"floor":6.0,"key":"Lantern"},{"floor":9.0,"key":"Shovel"},{"floor":11.0,"key":"Darkstone Periapt"}],"event_choices":[{"damage_healed":0.0,"max_hp_gain":0.0,"max_hp_loss":0.0,"gold_gain":0.0,"event_name":"Scrap Ooze","player_choice":"Success","floor":3.0,"gold_loss":0.0,"damage_taken":12.0,"relics_obtained":["Torii"]},{"damage_healed":0.0,"max_hp_gain":0.0,"max_hp_loss":0.0,"gold_gain":0.0,"cards_transformed":["Strike_B"],"event_name":"Living Wall","player_choice":"Change","floor":5.0,"gold_loss":0.0,"damage_taken":0.0,"cards_obtained":["Buffer"]},{"cards_removed":["Strike_B"],"damage_healed":0.0,"max_hp_gain":0.0,"max_hp_loss":0.0,"gold_gain":0.0,"event_name":"Golden Wing","player_choice":"Card Removal","floor":8.0,"gold_loss":0.0,"damage_taken":7.0},{"damage_healed":0.0,"max_hp_gain":0.0,"max_hp_loss":0.0,"gold_gain":200.0,"event_name":"Wheel of Change","player_choice":"Gold","floor":20.0,"gold_loss":0.0,"damage_taken":0.0}],"is_beta":false,"boss_relics":[{"not_picked":["Pandora\u0027s Box","Snecko Eye"],"picked":"Sozu"}],"items_purged_floors":[2,22],"is_endless":false,"potions_floor_spawned":[1,4,10,12,14,19],"killed_by":"Slavers","ascension_level":2}}