{"host":"bx8ylsmj2ob6hd5u","time":1613149028,"event":{"mods":["AchievementEnabler","Act Like it!","Aspiration","BaseMod","Colored Map","Downfall","Duelist Mod","Friendly Minions","Gensokyo","GifTheSpireLib","Hallownest","Hermit","HololiveMod","Hubris","Infinite Spire","Jorbs\u0027s Wanderer Trilogy","KinomotoSakuraMod(????)","Kiyohime????","Koishi","KomeijiMod","Lobotomy","LobotomyExtend","Marisa????????","Minty Spire (QoL Compilation)","Prisma Mod","Rare Cards Sparkle","Reimu??????","Remilia??????","Replay The Spire","StSLib","Td1madao Mod","The Administrix","The Animator","The Bug Knight","The Construct","The Cursed","The Disciple","The Hierophant","The Necromancer","The Poker Player","The Runesmith","The Senshi","The Servant 0.9.4","WarShipGirlsR/????R mod"],"gold_per_floor":[112,126,51,61,61,61,78,78,105,105,116,116,116,116,116,221,221,233,233,247,276,291,291,305,322,322,339,350,350,375,375,375],"floor_reached":31,"language":"ENG","playtime":2564,"items_purged":[],"score":281,"play_id":"54e986ff-40ed-4d48-ba9f-101aa56dcfc4","local_time":"20210212185708","is_ascension_mode":false,"campfire_choices":[{"data":"LovePray:ReiMu","floor":6,"key":"SMITH"},{"data":"LovePray:ReiMu","floor":8,"key":"SMITH"},{"floor":13,"key":"REST"},{"floor":15,"key":"REST"},{"floor":23,"key":"REST"}],"circlet_count":0,"master_deck":["Strike_Lin:ReiMu","Strike_Lin:ReiMu","Strike_Lin:ReiMu","Strike_Lin:ReiMu","Defend_Lin:ReiMu","Defend_Lin:ReiMu","Defend_Lin:ReiMu","Defend_Lin:ReiMu","NB:ReiMu+1","Stagnation:ReiMu","KyokaiOfKami:ReiMu+1","Meditation:ReiMu","Hallownest:skillGreenpathMap+1","LovePray:ReiMu+1","LovePray:ReiMu+1","Pot Of Greed","Pot Of Greed","OrbThrow:ReiMu","CleanRite:ReiMu+1","SafetyPray:ReiMu+1","TightArray:ReiMu+1","DependentForm:ReiMu","RunawayExorcism:ReiMu","TakeOff:ReiMu+1","LearningPray:ReiMu","Dreaming:ReiMu","Pot Of Greed","AirStrike:ReiMu","infinitespire:Menacing"],"relics":["FlyPower:ReiMu","LetterFromLob","RedMistMask","Grinning Jar","hubris:ToyBattleship","Gremlin Food","Philosopher\u0027s Stone","hubris:Towel","Pondfish Scales","hubris:SlimyHat"],"acts_visited":["Exordium","Hallownest:Greenpath"],"potions_floor_usage":[7,16,18,27],"damage_taken":[{"damage":1,"enemies":"2_ Uuma","floor":1,"turns":7},{"damage":1,"enemies":"Hallownest:2_Tiktiks_and_1_Crawlid","floor":2,"turns":7},{"damage":0,"enemies":"Hallownest:monsterHuskWarrior","floor":4,"turns":5},{"damage":10,"enemies":"Hallownest:1_Ooma_and_2_Uuma","floor":7,"turns":9},{"damage":0,"enemies":"Hallownest:Wandering_and_Horned","floor":11,"turns":2},{"damage":0,"enemies":"Hallownest:BossBrokenVessel","floor":16,"turns":6},{"damage":8,"enemies":"Hallownest:2_Mistakes","floor":18,"turns":3},{"damage":16,"enemies":"Hallownest:Guard_and_Sentry","floor":20,"turns":4},{"damage":16,"enemies":"Hallownest:Glutton_and_Coward","floor":21,"turns":3},{"damage":14,"enemies":"Hallownest:Master_and_Novice","floor":22,"turns":4},{"damage":0,"enemies":"Hallownest:3_Mistakes","floor":24,"turns":3},{"damage":7,"enemies":"Hallownest:monsterMisterMushroom","floor":25,"turns":5},{"damage":0,"enemies":"Hallownest:Master_and_Novice","floor":27,"turns":3},{"damage":0,"enemies":"Hallownest:monsterShrumalOgre","floor":28,"turns":5},{"damage":15,"enemies":"Hallownest:2_Flukemon","floor":31,"turns":4}],"seed_played":"-5426063214129187749","potions_obtained":[{"floor":1,"key":"Venom Potion"},{"floor":4,"key":"Explosive Potion"},{"floor":11,"key":"Explosive Potion"},{"floor":22,"key":"SkillPotion"},{"floor":24,"key":"Explosive Potion"},{"floor":25,"key":"sneckomod:MuddlingPotion"},{"floor":28,"key":"Elixir"}],"is_trial":false,"path_per_floor":["M","M","?","M","?","R","M","R","T","?","M","?","R","?","R","B",null,"M","?","M","M","M","R","M","M","T","M","M","?","T","M"],"character_chosen":"REIMU","items_purchased":[],"campfire_rested":3,"item_purchase_floors":[],"current_hp_per_floor":[70,69,69,69,69,69,59,59,59,59,59,5,26,26,47,47,71,63,63,47,31,17,38,38,31,31,31,31,14,14,0,0],"gold":375,"neow_bonus":"TEN_PERCENT_HP_BONUS","is_daily":false,"chose_seed":false,"campfire_upgraded":2,"win_rate":0.0,"timestamp":1613149028,"path_taken":["M","M","?","M","?","R","M","R","T","?","?","?","R","?","R","BOSS","M","?","M","M","M","R","M","M","T","M","M","?","?","M"],"items_purchased_type":[],"build_version":"2020-12-22","purchased_purges":0,"victory":false,"max_hp_per_floor":[71,71,71,71,71,71,71,71,71,71,71,71,71,71,71,71,71,71,71,71,71,71,71,71,71,71,71,71,71,71,71,71],"card_choices":[{"not_picked":["TightArray:ReiMu","InherentArray:ReiMu"],"picked":"KyokaiOfKami:ReiMu","floor":1},{"not_picked":["TightArray:ReiMu","Intuition:ReiMu"],"picked":"Meditation:ReiMu","floor":2},{"not_picked":["Dreaming2:ReiMu","Meditation:ReiMu"],"picked":"LovePray:ReiMu","floor":4},{"not_picked":["Enchanting:ReiMu","TightArray:ReiMu"],"picked":"LovePray:ReiMu","floor":7},{"not_picked":["KamiSacrifice:ReiMu","Meditation:ReiMu"],"picked":"OrbThrow:ReiMu","floor":11},{"not_picked":["Determination:ReiMu","Authority:ReiMu"],"picked":"CleanRite:ReiMu","floor":16},{"not_picked":["Crusade:ReiMu+1","TightArray:ReiMu"],"picked":"SafetyPray:ReiMu+1","floor":18},{"not_picked":["SubcavityInstant:ReiMu","BarrageOfMoneybags:ReiMu"],"picked":"TightArray:ReiMu+1","floor":20},{"not_picked":["MountainWay:ReiMu","OrbThrow:ReiMu"],"picked":"DependentForm:ReiMu","floor":21},{"not_picked":["Dreaming2:ReiMu","AirStrike:ReiMu"],"picked":"RunawayExorcism:ReiMu","floor":22},{"not_picked":["Intuition:ReiMu","CareerPray:ReiMu"],"picked":"TakeOff:ReiMu+1","floor":24},{"not_picked":["AirManeuver:ReiMu","PrepareRite:ReiMu"],"picked":"LearningPray:ReiMu","floor":25},{"not_picked":["SpiritualOutbreak2:ReiMu","TightArray:ReiMu"],"picked":"Dreaming:ReiMu","floor":27},{"not_picked":["SubcavityInstant:ReiMu","CareerPray:ReiMu"],"picked":"AirStrike:ReiMu","floor":28},{"not_picked":["ReplayTheSpireMod:Haul","hubris:Rewind"],"picked":"infinitespire:Menacing","floor":29}],"player_experience":1583819,"relics_obtained":[{"floor":1,"key":"LetterFromLob"},{"floor":7,"key":"RedMistMask"},{"floor":9,"key":"Grinning Jar"},{"floor":26,"key":"Pondfish Scales"},{"floor":30,"key":"hubris:SlimyHat"}],"event_choices":[],"is_beta":false,"boss_relics":[{"not_picked":["hubris:BlackHole","SacredBark"],"picked":"Philosopher\u0027s Stone"}],"items_purged_floors":[],"is_endless":false,"potions_floor_spawned":[1,4,11,22,24,25,28],"killed_by":"Hallownest:2_Flukemon","ascension_level":0}}