{"host":"3jjxuhjpio8e4zkv","time":1613098065,"event":{"mods":["BaseMod","Colored Map","Highlight Path","Minty Spire (QoL Compilation)","Permanent Neow","Relic Stats","StSLib"],"gold_per_floor":[116,41,41,41,54,97,38,77,77,77,92,135,135,160,160,258,258,281,281,296,317,217,257,182,182,207,207,242,242,285,298,298,394,394,417,750,762,365,381,381,142,142,196,86,86,112,112,147,147,147,147],"floor_reached":50,"language":"ENG","playtime":2069,"items_purged":["Normality","Cloak And Dagger","Bouncing Flask","Predator+1"],"score":1273,"play_id":"30541fef-a23b-4c23-b07e-3b98942d417d","local_time":"20210211214745","is_ascension_mode":true,"campfire_choices":[{"floor":10,"key":"REST"},{"data":"Die Die Die","floor":13,"key":"SMITH"},{"data":"The Bomb","floor":15,"key":"SMITH"},{"data":"Phantasmal Killer","floor":25,"key":"SMITH"},{"data":"Well Laid Plans","floor":27,"key":"SMITH"},{"data":"Blade Dance","floor":32,"key":"SMITH"},{"data":"Calculated Gamble","floor":40,"key":"SMITH"},{"data":"Footwork","floor":42,"key":"SMITH"},{"floor":47,"key":"RECALL"},{"data":"Leg Sweep","floor":49,"key":"SMITH"}],"circlet_count":0,"master_deck":["AscendersBane","Survivor","Neutralize","The Bomb+1","Backstab","Leg Sweep+1","Deflect","Blade Dance+1","Calculated Gamble+1","After Image","Glass Knife+1","Grand Finale+1","Unload+1","Flying Knee+1","Well Laid Plans+1","Slice+1","All Out Attack+1","Backflip+1","Blur","Phantasmal Killer+1","Acrobatics+1","Dark Shackles","Footwork+1"],"relics":["Ring of the Snake","Blue Candle","PreservedInsect","Potion Belt","Molten Egg 2","Ornamental Fan","Pandora\u0027s Box","Meat on the Bone","Blood Vial","Letter Opener","Sundial","Busted Crown","Lee\u0027s Waffle","Tough Bandages","Strawberry"],"acts_visited":["Exordium","TheCity","TheBeyond"],"potions_floor_usage":[12,28,28,28,28,28,33,33,35,39,39,45,50,50],"damage_taken":[{"damage":9,"enemies":"Small Slimes","floor":1,"turns":5},{"damage":6,"enemies":"2 Louse","floor":5,"turns":4},{"damage":8,"enemies":"Gremlin Nob","floor":6,"turns":3},{"damage":12,"enemies":"3 Sentries","floor":8,"turns":3},{"damage":7,"enemies":"Jaw Worm","floor":11,"turns":4},{"damage":0,"enemies":"Lagavulin","floor":12,"turns":5},{"damage":0,"enemies":"2 Fungi Beasts","floor":14,"turns":3},{"damage":14,"enemies":"The Guardian","floor":16,"turns":10},{"damage":0,"enemies":"Chosen","floor":18,"turns":2},{"damage":0,"enemies":"Spheric Guardian","floor":20,"turns":3},{"damage":0,"enemies":"Centurion and Healer","floor":21,"turns":4},{"damage":18,"enemies":"Book of Stabbing","floor":23,"turns":4},{"damage":1,"enemies":"Slavers","floor":28,"turns":3},{"damage":20,"enemies":"Book of Stabbing","floor":30,"turns":4},{"damage":3,"enemies":"Snake Plant","floor":31,"turns":4},{"damage":10,"enemies":"Champ","floor":33,"turns":8},{"damage":14,"enemies":"3 Darklings","floor":35,"turns":3},{"damage":0,"enemies":"Orb Walker","floor":37,"turns":2},{"damage":8,"enemies":"Jaw Worm Horde","floor":39,"turns":3},{"damage":0,"enemies":"Transient","floor":45,"turns":2},{"damage":43,"enemies":"Nemesis","floor":46,"turns":7},{"damage":15,"enemies":"Giant Head","floor":48,"turns":6},{"damage":40,"enemies":"Donu and Deca","floor":50,"turns":7}],"seed_played":"-8276972357564644101","potions_obtained":[{"floor":6,"key":"Ancient Potion"},{"floor":11,"key":"DuplicationPotion"},{"floor":16,"key":"EntropicBrew"},{"floor":18,"key":"Explosive Potion"},{"floor":21,"key":"SpeedPotion"},{"floor":30,"key":"Energy Potion"},{"floor":35,"key":"Block Potion"},{"floor":37,"key":"CunningPotion"},{"floor":39,"key":"SmokeBomb"},{"floor":46,"key":"Block Potion"}],"is_trial":false,"path_per_floor":["M","$","?","?","M","E","?","E","T","R","M","E","R","M","R","B",null,"M","?","M","M","$","E","?","R","T","R","E","?","E","M","R","B",null,"M","?","M","$","M","R","$","R","T","?","M","E","R","E","R","B"],"character_chosen":"THE_SILENT","items_purchased":["Dark Shackles","Lee\u0027s Waffle","Footwork"],"campfire_rested":1,"item_purchase_floors":[38,38,41],"current_hp_per_floor":[50,50,50,39,33,25,25,13,13,31,24,24,24,24,24,10,48,48,48,48,48,48,30,30,30,30,30,31,43,37,36,36,40,55,43,43,45,67,59,59,59,59,59,59,61,32,32,38,38,0,0],"gold":147,"neow_bonus":"RANDOM_COLORLESS_2","is_daily":false,"chose_seed":false,"campfire_upgraded":8,"win_rate":0.0,"timestamp":1613098065,"path_taken":["M","$","?","?","M","E","?","E","T","R","M","E","R","M","R","BOSS","M","?","M","M","$","E","?","R","T","R","E","?","E","M","R","BOSS","M","?","M","$","M","R","$","R","T","?","?","E","R","E","R","BOSS"],"items_purchased_type":["Card","Relic","Card"],"build_version":"2020-12-22","purchased_purges":4,"victory":false,"max_hp_per_floor":[66,66,60,60,60,60,60,60,60,60,60,60,60,60,60,60,60,60,60,60,60,60,60,60,60,60,60,60,60,60,60,60,60,60,60,60,60,67,67,67,67,67,67,67,67,67,67,74,74,74,74],"relic_stats":{"Lee\u0027s Waffle":22,"counters":[23,99],"Blue Candle":[2],"PreservedInsect":368,"Letter Opener":[83],"Blood Vial":20,"Tough Bandages":[36],"Busted Crown":10,"Ornamental Fan":[192],"Sundial":[4],"Pandora\u0027s Box":["Glass Knife","Grand Finale","Unload","Flying Knee","Well Laid Plans","Cloak And Dagger","Bouncing Flask","Predator","Slice","All Out Attack"],"obtain_stats":[{"Potion Belt":8,"Lee\u0027s Waffle":38,"Golden Idol":3,"Blue Candle":4,"PreservedInsect":6,"Letter Opener":28,"Blood Vial":26,"Tough Bandages":46,"Busted Crown":34,"Ornamental Fan":12,"Sundial":30,"Strawberry":48,"Molten Egg 2":9,"Pandora\u0027s Box":17,"Ring of the Snake":0,"Meat on the Bone":23},{"Potion Belt":4,"Lee\u0027s Waffle":18,"Golden Idol":1,"Blue Candle":1,"PreservedInsect":3,"Letter Opener":13,"Blood Vial":12,"Tough Bandages":21,"Busted Crown":16,"Ornamental Fan":6,"Sundial":14,"Strawberry":22,"Molten Egg 2":4,"Pandora\u0027s Box":8,"Ring of the Snake":0,"Meat on the Bone":12},{"Potion Belt":15,"Lee\u0027s Waffle":74,"Golden Idol":5,"Blue Candle":5,"PreservedInsect":12,"Letter Opener":53,"Blood Vial":50,"Tough Bandages":86,"Busted Crown":69,"Ornamental Fan":24,"Sundial":57,"Strawberry":92,"Molten Egg 2":15,"Pandora\u0027s Box":37,"Ring of the Snake":0,"Meat on the Bone":50}],"Ring of the Snake":[46],"Meat on the Bone":48},"card_choices":[{"not_picked":["Secret Technique","Transmutation"],"picked":"The Bomb","floor":0},{"not_picked":["Endless Agony","Dagger Spray"],"picked":"Deadly Poison","floor":1},{"not_picked":["Dagger Throw","Leg Sweep"],"picked":"Backstab","floor":5},{"not_picked":["Predator","Accuracy"],"picked":"Leg Sweep","floor":6},{"not_picked":["Outmaneuver","Deadly Poison"],"picked":"Die Die Die","floor":8},{"not_picked":["PiercingWail","Crippling Poison"],"picked":"Deflect","floor":11},{"not_picked":["Acrobatics","Quick Slash+1"],"picked":"Blade Dance","floor":12},{"not_picked":["Prepared","Tactician"],"picked":"Calculated Gamble","floor":14},{"not_picked":["Envenom","Night Terror"],"picked":"After Image","floor":16},{"not_picked":["Quick Slash+1","Blade Dance","Riddle With Holes+1"],"picked":"SKIP","floor":18},{"not_picked":["Accuracy","Underhanded Strike+1"],"picked":"Backflip+1","floor":20},{"not_picked":["Poisoned Stab+1","Dodge and Roll"],"picked":"Blur","floor":21},{"not_picked":["Outmaneuver","Backflip"],"picked":"Phantasmal Killer","floor":23},{"not_picked":["Setup+1","Crippling Poison","Burst"],"picked":"SKIP","floor":28},{"not_picked":["Quick Slash+1","Riddle With Holes+1"],"picked":"Acrobatics","floor":30},{"not_picked":["Dagger Spray+1","Sucker Punch+1","Underhanded Strike+1"],"picked":"SKIP","floor":31},{"not_picked":["Caltrops+1"],"picked":"SKIP","floor":35},{"not_picked":["Bane+1"],"picked":"SKIP","floor":37},{"not_picked":["Poisoned Stab+1"],"picked":"SKIP","floor":39},{"not_picked":["Quick Slash+1"],"picked":"SKIP","floor":46},{"not_picked":["Well Laid Plans"],"picked":"SKIP","floor":48}],"player_experience":1268545,"relics_obtained":[{"floor":6,"key":"PreservedInsect"},{"floor":8,"key":"Potion Belt"},{"floor":9,"key":"Molten Egg 2"},{"floor":12,"key":"Ornamental Fan"},{"floor":23,"key":"Meat on the Bone"},{"floor":26,"key":"Blood Vial"},{"floor":28,"key":"Letter Opener"},{"floor":30,"key":"Sundial"},{"floor":46,"key":"Tough Bandages"},{"floor":48,"key":"Strawberry"}],"event_choices":[{"damage_healed":0,"gold_gain":0,"player_choice":"Lose Max HP","damage_taken":0,"relics_obtained":["Golden Idol"],"max_hp_gain":0,"max_hp_loss":6,"event_name":"Golden Idol","floor":3,"gold_loss":0},{"damage_healed":0,"gold_gain":0,"player_choice":"Success","damage_taken":11,"relics_obtained":["Blue Candle"],"max_hp_gain":0,"max_hp_loss":0,"event_name":"Scrap Ooze","floor":4,"gold_loss":0},{"damage_healed":0,"gold_gain":0,"player_choice":"Left Gold","damage_taken":0,"max_hp_gain":0,"max_hp_loss":0,"event_name":"World of Goop","floor":7,"gold_loss":59},{"damage_healed":0,"gold_gain":0,"player_choice":"Ignored","damage_taken":0,"max_hp_gain":0,"max_hp_loss":0,"event_name":"The Mausoleum","floor":19,"gold_loss":0},{"cards_removed":["Deadly Poison"],"damage_healed":0,"gold_gain":0,"player_choice":"Gave Gold","damage_taken":0,"max_hp_gain":0,"max_hp_loss":0,"event_name":"Beggar","floor":24,"gold_loss":75},{"damage_healed":12,"gold_gain":0,"player_choice":"Heal","damage_taken":0,"max_hp_gain":0,"max_hp_loss":0,"event_name":"The Library","floor":29,"gold_loss":0},{"damage_healed":0,"gold_gain":333,"player_choice":"Gave Idol","damage_taken":0,"max_hp_gain":0,"max_hp_loss":0,"event_name":"The Moai Head","floor":36,"relics_lost":["Golden Idol"],"gold_loss":0},{"cards_removed":["Die Die Die"],"damage_healed":0,"gold_gain":0,"player_choice":"Upgrade and Remove","damage_taken":0,"max_hp_gain":0,"max_hp_loss":0,"event_name":"Designer","floor":44,"gold_loss":110,"cards_upgraded":["Acrobatics"]}],"is_beta":false,"boss_relics":[{"not_picked":["Fusion Hammer","Calling Bell"],"picked":"Pandora\u0027s Box"},{"not_picked":["Snecko Eye","Cursed Key"],"picked":"Busted Crown"}],"items_purged_floors":[2,22,38,41],"is_endless":false,"potions_floor_spawned":[6,11,16,18,21,30,35,37,39,46],"killed_by":"Donu and Deca","ascension_level":20}}