{"host":"znuunkttinnn1f17","time":1613127845,"event":{"mods":["BaseMod","Colored Map","Downfall","Minty Spire (QoL Compilation)","Replay The Spire","StSLib"],"gold_per_floor":[199,219,284,284,284,315,351,374,406,418,443,455,482,512,541,553,553,553],"floor_reached":16,"language":"ENG","playtime":1087,"items_purged":[],"score":109,"play_id":"65ab7b65-cb81-4f1d-8dc1-a391e05a83ce","local_time":"20210212120405","is_ascension_mode":true,"campfire_choices":[{"data":"bronze:Strike","floor":1,"key":"PURGE"},{"data":"bronze:Goto","floor":10,"key":"SMITH"},{"floor":12,"key":"REST"}],"circlet_count":0,"master_deck":["bronze:Strike","bronze:Strike","bronze:Strike","bronze:Defend","bronze:Defend","bronze:Defend","bronze:Defend","bronze:Replicate","bronze:Goto+1","bronze:WildBeam","bronze:CutThrough","bronze:FollowUp","bronze:FineTuning","bronze:OilSpill","bronze:Assembly","bronze:BronzeOrb","bronze:Overheat","bronze:FineTuning"],"relics":["Replay:Wanted Poster","Potion Belt","downfall:BrokenWingStatue","MawBank","Blue Doll"],"acts_visited":["Exordium"],"potions_floor_usage":[15,16],"damage_taken":[{"damage":8,"enemies":"2 Louse","floor":2,"turns":4},{"damage":48,"enemies":"Lagavulin Event","floor":3,"turns":7},{"damage":18,"enemies":"Replay:BlueRogue","floor":6,"turns":4},{"damage":6,"enemies":"Jaw Worm","floor":8,"turns":3},{"damage":0,"enemies":"Small Slimes","floor":9,"turns":3},{"damage":4,"enemies":"Exordium Wildlife","floor":11,"turns":3},{"damage":11,"enemies":"Exordium Thugs","floor":13,"turns":3},{"damage":6,"enemies":"Blue Slaver","floor":14,"turns":2},{"damage":3,"enemies":"Gremlin Gang","floor":15,"turns":3},{"damage":11,"enemies":"DF_ARCHETYPE_STREAMLINE","floor":16,"turns":3}],"seed_played":"8153503176148430620","potions_obtained":[{"floor":6,"key":"sneckomod:MuddlingPotion"},{"floor":8,"key":"Swift Potion"},{"floor":13,"key":"Explosive Potion"},{"floor":14,"key":"PowerPotion"}],"is_trial":false,"path_per_floor":["R_BF","M","?","?","?","E","T","M","M","R","M","R","M","M","M","B"],"character_chosen":"THE_AUTOMATON","items_purchased":[],"campfire_rested":1,"item_purchase_floors":[],"current_hp_per_floor":[70,62,14,14,37,19,19,13,13,13,9,30,19,13,10,0,0,0],"gold":553,"neow_bonus":"BOSS_RELIC","is_daily":false,"chose_seed":false,"campfire_upgraded":1,"win_rate":0.0,"timestamp":1613127845,"path_taken":["R_BF","M","?","?","?","E","T","M","M","R","M","R","M","?","M","BOSS"],"items_purchased_type":[],"build_version":"2020-12-22","purchased_purges":0,"victory":false,"max_hp_per_floor":[70,70,70,70,70,70,70,70,70,70,70,70,70,70,70,70,70,70],"card_choices":[{"not_picked":["bronze:Repair","bronze:Flail"],"picked":"bronze:WildBeam","floor":2},{"not_picked":["bronze:Shield","bronze:DelayedGuard"],"picked":"bronze:CutThrough","floor":3},{"not_picked":["bronze:MaxOutput","bronze:Separator"],"picked":"bronze:FollowUp","floor":6},{"not_picked":["bronze:Separator","bronze:Philosophize"],"picked":"bronze:FineTuning","floor":8},{"not_picked":["bronze:DigitalCarnage","bronze:DelayedGuard"],"picked":"bronze:OilSpill","floor":9},{"not_picked":["bronze:BronzeOrb","bronze:Shield"],"picked":"bronze:Assembly","floor":11},{"not_picked":["bronze:Frontload","bronze:ItsAFeature"],"picked":"bronze:BronzeOrb","floor":13},{"not_picked":["bronze:ClassDefault","bronze:BronzeArmor"],"picked":"bronze:Overheat","floor":14},{"not_picked":["bronze:Shell","bronze:BitShift"],"picked":"bronze:FineTuning","floor":15}],"player_experience":224245,"relics_obtained":[{"floor":6,"key":"MawBank"},{"floor":7,"key":"Blue Doll"}],"event_choices":[{"damage_healed":23,"gold_gain":0,"player_choice":"Banana","damage_taken":0,"max_hp_gain":0,"max_hp_loss":0,"event_name":"Big Fish","floor":5,"gold_loss":0}],"is_beta":false,"boss_relics":[],"items_purged_floors":[],"is_endless":false,"potions_floor_spawned":[6,8,13,14],"killed_by":"DF_ARCHETYPE_STREAMLINE","ascension_level":1}}