{"host":"df48i9djcn92c5sx","time":1613141796,"event":{"mods":["Act Like it!","Arknights","BaseMod","Decade(王小明)","Downfall","Gensokyo","Marisa（F雨　魔理沙）","Minty Spire (QoL Compilation)","READ ME - Guardian Mod","READ ME - Snecko Mod","Reimu（博丽灵梦）","Remilia（蕾米莉亚）","Shop Mod","StSLib","The Jungle","The Servant 0.9.4"],"gold_per_floor":[110,140,158,173,120,120,145,145,195,195,195,177,208,208,208,313,313,331,344,6,19,19,19,19,19,19,44,44,20,20,52,52,147,147,166,181,181,181,201,201,280,280,306,321,321,335,335,363,363,363],"floor_reached":51,"language":"ZHS","playtime":1542,"items_purged":["Strike_Lin:ReiMu"],"score":1190,"play_id":"a16154eb-a2ef-422b-89c5-6d9463fa85ee","local_time":"20210212225636","is_ascension_mode":true,"campfire_choices":[{"data":"NB:ReiMu","floor":6.0,"key":"SMITH"},{"data":"OctopathBindingBorder2:ReiMu","floor":8.0,"key":"SMITH"},{"data":"PhosphorusFlame:ReiMu","floor":10.0,"key":"SMITH"},{"data":"TightArray:ReiMu","floor":15.0,"key":"SMITH"},{"data":"BlastKick2:ReiMu","floor":23.0,"key":"SMITH"},{"data":"AlertArray:ReiMu","floor":28.0,"key":"SMITH"},{"data":"Enchanting:ReiMu","floor":30.0,"key":"SMITH"},{"data":"AirManeuver:ReiMu","floor":32.0,"key":"SMITH"},{"data":"Gensokyo:UnlikelyAid","floor":40,"key":"SMITH"},{"data":"HakureiPhantom:ReiMu","floor":42,"key":"SMITH"},{"data":"Amulet:ReiMu","floor":47,"key":"SMITH"},{"data":"Stagnation:ReiMu","floor":49,"key":"SMITH"}],"circlet_count":0,"master_deck":["Strike_Lin:ReiMu+1","Strike_Lin:ReiMu+1","Strike_Lin:ReiMu","Defend_Lin:ReiMu","Defend_Lin:ReiMu","Defend_Lin:ReiMu+1","Defend_Lin:ReiMu","NB:ReiMu+1","Stagnation:ReiMu+1","DoubleButterfly:ReiMu+1","Enchanting:ReiMu+1","PhosphorusFlame:ReiMu+1","TightArray:ReiMu+1","OctopathBindingBorder2:ReiMu+1","SpiritualOutbreak2:ReiMu+1","BlastKick2:ReiMu+1","Shame","OctopathSalyBorderN:ReiMu+1","AlertArray:ReiMu+1","Amulet:ReiMu+1","AirManeuver:ReiMu+1","HakureiPhantom:ReiMu+1","ShadowOfCrow2:ReiMu+1","Gensokyo:UnlikelyAid+1","Mountainwind:ReiMu+1","Meditation:ReiMu+1"],"relics":["FlyPower:ReiMu","NeowsBlessing","Pantograph","Akabeko","Art of War","Gensokyo:NagashiBinaDoll","Smiling Mask","RedLine:ReiMu","Membership Card","Thread and Needle","CaptainsWheel","FadedRune:ReiMu","Bottled Tornado","SlaversCollar","Anchor","InkBottle","Whetstone","Boot"],"acts_visited":["Exordium","Gensokyo:Gensokyo","Gensokyo:Gensokyoer"],"potions_floor_usage":[48,50],"damage_taken":[{"damage":0.0,"enemies":"Gensokyo:Gryphon","floor":1.0,"turns":1.0},{"damage":0.0,"enemies":"Gensokyo:Aya","floor":2.0,"turns":1.0},{"damage":0.0,"enemies":"Gensokyo:Python","floor":3.0,"turns":2.0},{"damage":9.0,"enemies":"Gensokyo:3_Fairies","floor":4.0,"turns":6.0},{"damage":0.0,"enemies":"Gensokyo:Aya","floor":7.0,"turns":3.0},{"damage":0.0,"enemies":"Gensokyo:Mamizou","floor":13.0,"turns":5.0},{"damage":6.0,"enemies":"Gensokyo:Kokoro","floor":16.0,"turns":9.0},{"damage":0.0,"enemies":"Gensokyo:CosmicMonolith","floor":18.0,"turns":5.0},{"damage":0.0,"enemies":"Gensokyo:AngelMirror","floor":19.0,"turns":3.0},{"damage":0.0,"enemies":"Gensokyo:Swordslinger","floor":21.0,"turns":4.0},{"damage":0.0,"enemies":"Gensokyo:Koishi","floor":27.0,"turns":4.0},{"damage":0.0,"enemies":"Gensokyo:Reisen","floor":31.0,"turns":4.0},{"damage":10.0,"enemies":"Gensokyo:Eternal_Rivals","floor":33.0,"turns":9.0},{"damage":0.0,"enemies":"Gensokyo:3_Boulders","floor":35.0,"turns":3.0},{"damage":0.0,"enemies":"Gensokyo:3_Bats","floor":36.0,"turns":1.0},{"damage":0,"enemies":"Gensokyo:SeedOfUnknown","floor":39,"turns":5},{"damage":0,"enemies":"Gensokyo:Rafflesia","floor":44,"turns":5},{"damage":0,"enemies":"Gensokyo:3_Boulders","floor":46,"turns":3},{"damage":0,"enemies":"Gensokyo:Marisa","floor":48,"turns":4},{"damage":18,"enemies":"Gensokyo:Scarlet_Devils","floor":50,"turns":9}],"seed_played":"7111585215348098789","potions_obtained":[{"floor":1.0,"key":"GrandPatriotsElixir:ReiMu"},{"floor":3.0,"key":"GamblersBrew"},{"floor":4.0,"key":"DistilledChaos"},{"floor":13.0,"key":"LiquidMemories"},{"floor":16.0,"key":"LiquidMemories"},{"floor":21.0,"key":"BlessingOfTheForge"},{"floor":27.0,"key":"Swift Potion"},{"floor":36.0,"key":"Explosive Potion"},{"floor":39,"key":"champ:CounterPotion"},{"floor":46,"key":"Fire Potion"}],"is_trial":false,"path_per_floor":["M","?","M","M","$","R","E","R","T","R","?","?","E","?","R","B",null,"M","M","$","M","?","R","?","?","T","E","R","$","R","E","R","B",null,"M","M","?","?","M","R","T","R","T","M","?","M","R","E","R","B",null],"character_chosen":"REIMU","items_purchased":["TightArray:ReiMu","Membership Card","Thread and Needle","Amulet:ReiMu"],"campfire_rested":0,"item_purchase_floors":[5,20,20,29],"current_hp_per_floor":[65,65,65,56,56,56,56,56,56,56,56,65,65,65,65,59,64,64,64,64,64,64,64,64,64,64,64,64,64,64,64,64,55,63,63,63,63,63,63,63,63,63,63,63,63,63,63,63,63,47],"gold":363,"neow_bonus":"THREE_ENEMY_KILL","is_daily":false,"chose_seed":false,"campfire_upgraded":12,"win_rate":0.0,"timestamp":1613141796,"path_taken":["M","?","M","M","$","R","E","R","T","R","?","?","E","?","R","BOSS","M","M","$","M","?","R","?","?","T","E","R","?","R","E","R","BOSS","M","M","?","?","M","R","?","R","T","?","?","M","R","E","R","BOSS"],"items_purchased_type":["Card","Relic","Relic","Card"],"build_version":"2020-12-22","purchased_purges":1,"victory":true,"max_hp_per_floor":[65,65,65,65,65,65,65,65,65,65,65,65,65,65,65,65,65,65,65,65,65,65,65,65,65,65,65,65,65,65,65,65,65,65,65,65,65,65,65,65,65,65,65,65,65,65,65,65,65,65],"card_choices":[{"not_picked":["SafetyPray:ReiMu","Gathering:ReiMu"],"picked":"DoubleButterfly:ReiMu","floor":1.0},{"not_picked":["UpKicking:ReiMu","Conquer:ReiMu"],"picked":"Enchanting:ReiMu","floor":2.0},{"not_picked":["PayForSelf:ReiMu","SubAcupoint:ReiMu"],"picked":"PhosphorusFlame:ReiMu","floor":3.0},{"not_picked":["SubcavityInstant:ReiMu","Intuition:ReiMu","Mountainwind:ReiMu"],"picked":"SKIP","floor":4.0},{"not_picked":["OrbThrow:ReiMu","SpringWay:ReiMu"],"picked":"OctopathBindingBorder2:ReiMu","floor":7.0},{"not_picked":["Gathering:ReiMu","SpreadBorder2:ReiMu"],"picked":"SpiritualOutbreak2:ReiMu","floor":13.0},{"not_picked":["CeremonyResonance:ReiMu","CleanRite:ReiMu"],"picked":"BlastKick2:ReiMu","floor":16.0},{"not_picked":["SpringWay:ReiMu+1","PhosphorusFlame:ReiMu+1","Enchanting:ReiMu"],"picked":"SKIP","floor":18.0},{"not_picked":["AirStrike:ReiMu","OrbThrow:ReiMu+1","BlastKick2:ReiMu"],"picked":"SKIP","floor":19.0},{"not_picked":["CareerPray:ReiMu","SafetyPray:ReiMu","WonderfulDomain:ReiMu"],"picked":"SKIP","floor":21.0},{"not_picked":["SubcavityInstant:ReiMu","UpKicking:ReiMu","MountainWay:ReiMu"],"picked":"SKIP","floor":27.0},{"not_picked":["SpringWay:ReiMu","AlertArray:ReiMu"],"picked":"AirManeuver:ReiMu","floor":31.0},{"not_picked":["CeremonyResonance:ReiMu","CardOfSanctity:ReiMu"],"picked":"HakureiPhantom:ReiMu","floor":33.0},{"not_picked":["UpKicking:ReiMu","AirStrike:ReiMu+1","Enchanting:ReiMu"],"picked":"SKIP","floor":35.0},{"not_picked":["MountainWay:ReiMu+1","Revelation:ReiMu+1"],"picked":"ShadowOfCrow2:ReiMu+1","floor":36.0},{"not_picked":["Gensokyo:MorningMist","Gensokyo:EverlastingLife"],"picked":"Gensokyo:UnlikelyAid","floor":37.0},{"not_picked":["UniversalSpiritual:ReiMu","Intuition:ReiMu"],"picked":"Mountainwind:ReiMu+1","floor":39},{"not_picked":["AirStrike:ReiMu+1","Enchanting:ReiMu+1","AlertArray:ReiMu"],"picked":"SKIP","floor":44},{"not_picked":["Intuition:ReiMu+1","AirStrike:ReiMu","Amulet:ReiMu+1"],"picked":"SKIP","floor":46},{"not_picked":["Dreaming:ReiMu","EmergencyTakeOff:ReiMu"],"picked":"Meditation:ReiMu+1","floor":48}],"player_experience":1536406,"relics_obtained":[{"floor":2.0,"key":"Pantograph"},{"floor":7.0,"key":"Akabeko"},{"floor":9.0,"key":"Art of War"},{"floor":13.0,"key":"Smiling Mask"},{"floor":26.0,"key":"CaptainsWheel"},{"floor":27.0,"key":"FadedRune:ReiMu"},{"floor":31.0,"key":"Bottled Tornado"},{"floor":41,"key":"InkBottle"},{"floor":43,"key":"Whetstone"},{"floor":48,"key":"Boot"}],"event_choices":[],"is_beta":false,"boss_relics":[{"not_picked":["Empty Cage","Black Star"],"picked":"RedLine:ReiMu"},{"not_picked":["Astrolabe","Tiny House"],"picked":"SlaversCollar"}],"items_purged_floors":[20],"is_endless":false,"potions_floor_spawned":[1,3,4,13,16,21,27,36,39,46],"ascension_level":5}}