{"host":"627up2rvtmm0cf0r","time":1613145510,"event":{"mods":["ATMod(阿瑾Mod)","Act Like it!","BaseMod","Better Vampires","Bossed Relics","CapriCore","Card Filter","Card Forge","Colored Powertips","DeckTracker","Dota2Spire","Downfall","Energized Spire","Friendly Minions","Highlight Path","Infinite Spire","Jedi Mod","Minty Spire (QoL Compilation)","MostiFishMod","Permanent Neow","Practice Mode","Quick Restart","Relic Stats","Reliquary","Shop Mod","Spicy Shops","StSLib","SuperFastMode","TestMod","【遗物卡牌】REMEMod","篝火指南"],"gold_per_floor":[99,112,22,22,40,190,190,206,240,340,340,374,259,292,304,406,406,406,416,436,436,446,446,446,470,505,531,555,577,677,708,727,843,843,843,857,583,583,595,630,656,709,814,844,844,844,130,170,208,251],"floor_reached":51,"language":"ZHS","playtime":1500,"items_purged":["sneckomod:Strike","sneckomod:Defend","Pain","Writhe","Parasite","downfall:Icky"],"score":1296,"play_id":"23f477e0-7caf-4456-bbe2-117f0672c938","local_time":"20210212235830","is_ascension_mode":true,"campfire_choices":[{"data":"AT_Dispersion","floor":1,"key":"SMITH"},{"data":"sneckomod:TrashToTreasure","floor":11,"key":"SMITH"},{"data":"sneckomod:UnknownColorless","floor":18,"key":"SMITH"},{"data":"sneckomod:Unknown3Cost","floor":35,"key":"SMITH"}],"circlet_count":0,"master_deck":["sneckomod:Strike+1","sneckomod:Strike+1","sneckomod:Defend","sneckomod:Defend","sneckomod:TailWhip+1","sneckomod:SnekBite+1","sneckomod:Unknown","sneckomod:Unknown","sneckomod:Unknown3Cost+1","AT_Dispersion+1","sneckomod:UnknownColorless+1","sneckomod:TrashToTreasure+1","sneckomod:UnknownClassTHE_CHAMP_GRAY"],"relics":["sneckomod:SneckoSoul","Hammer of Thor","Seething Fire","Anvil of the Gods","DaveBox","testmod-TestBox","REME_ComplimentaryCards","AT_ATBox","testmod-Brilliant","Civilization","WarpedTongs","AT_RabadonDeathcap","jedi:arcanewood","champ:DuelingGlove","jedi:paperlyon","reliquary:Firecrackers","reliquary:Buckler","AT_BellDemon","infinitespire:Midas Blood","jedi:firstaidkit","Nunchaku","reliquary:SilkGlove","Dota2Spire:EtherealBlade","downfall:GremlinWheel","Whetstone","Vajra","sneckomod:SneckoCommon","testmod-FatalChain","Guardian:PocketSentry","RhineSuit","PreservedInsect","reliquary:Boomerang","Dota2Spire:Vanguard","Spirit Poop","testmod-ArcanaOfDestiny","StoneCalendar","reliquary:TatteredRug","AT_MibuBalloonWealth","reliquary:PorcupineQuills","infinitespire:ShieldingShard","Bottled Tornado","infinitespire:Satchel","DiscerningMonocle","Eternal Feather","Mummified Hand","Art of War","infinitespire:Eraser"],"acts_visited":["Exordium","TheCity","TheBeyond"],"potions_floor_usage":[42],"damage_taken":[{"damage":3,"enemies":"Cultist","floor":2,"turns":3},{"damage":2,"enemies":"downfall:FleeingMerchant","floor":3,"turns":4},{"damage":13,"enemies":"Jaw Worm","floor":5,"turns":3},{"damage":0,"enemies":"infinitespire:Voidling","floor":8,"turns":1},{"damage":8,"enemies":"Gremlin Nob","floor":9,"turns":3},{"damage":24,"enemies":"Lagavulin","floor":12,"turns":4},{"damage":3,"enemies":"downfall:FleeingMerchant","floor":13,"turns":4},{"damage":13,"enemies":"Gremlin Nob","floor":14,"turns":4},{"damage":0,"enemies":"2 Fungi Beasts","floor":15,"turns":1},{"damage":5,"enemies":"SI_SHIV_ARCHETYPE","floor":16,"turns":4},{"damage":0,"enemies":"Shell Parasite","floor":19,"turns":1},{"damage":0,"enemies":"3 Byrds","floor":20,"turns":1},{"damage":9,"enemies":"Snake Plant","floor":22,"turns":1},{"damage":50,"enemies":"Slavers","floor":26,"turns":2},{"damage":6,"enemies":"Snecko","floor":27,"turns":2},{"damage":18,"enemies":"Cultist and Chosen","floor":28,"turns":2},{"damage":15,"enemies":"Centurion and Healer","floor":29,"turns":2},{"damage":0,"enemies":"Centurion and Healer","floor":30,"turns":1},{"damage":0,"enemies":"Gremlin Leader","floor":31,"turns":1},{"damage":6,"enemies":"Snecko","floor":32,"turns":3},{"damage":24,"enemies":"DF_ARCHETYPE_CLAW","floor":33,"turns":3},{"damage":0,"enemies":"Orb Walker","floor":36,"turns":1},{"damage":0,"enemies":"3 Darklings","floor":39,"turns":1},{"damage":0,"enemies":"Giant Head","floor":40,"turns":3},{"damage":62,"enemies":"Writhing Mass","floor":42,"turns":5},{"damage":0,"enemies":"Reptomancer","floor":43,"turns":1},{"damage":0,"enemies":"downfall:FleeingMerchant","floor":44,"turns":1},{"damage":25,"enemies":"Spire Growth","floor":48,"turns":3},{"damage":0,"enemies":"Transient","floor":49,"turns":5},{"damage":9,"enemies":"WA_ARCHETYPE_DIVINITY","floor":50,"turns":3}],"seed_played":"7712275769510229964","potions_obtained":[{"floor":2,"key":"Fire Potion"},{"floor":5,"key":"Block Potion"},{"floor":8,"key":"ColorlessPotion"},{"floor":49,"key":"Explosive Potion"}],"is_trial":false,"path_per_floor":["R","M","$","?","M","?","T","M","E","?","R","E","$","E","M","B",null,"R","M","M","?","M","?","T","T","E","M","M","M","?","E","M","B",null,"R","M","R","?","M","E","T","M","E","$","?","?","R","M","M","B",null],"character_chosen":"THE_SNECKO","items_purchased":["Dota2Spire:Vanguard","DiscerningMonocle","Eternal Feather","Mummified Hand"],"campfire_rested":0,"item_purchase_floors":[37,47,47,47],"current_hp_per_floor":[90,88,87,87,76,76,76,79,75,75,75,56,58,50,55,55,126,126,131,136,136,132,132,132,132,87,86,73,63,79,84,83,73,181,181,186,186,186,191,196,196,150,155,160,160,160,160,142,147,143],"gold":251,"neow_bonus":"ONE_RANDOM_RARE_CARD","is_daily":false,"chose_seed":false,"campfire_upgraded":4,"win_rate":0.0,"timestamp":1613145510,"path_taken":["R","M","?","?","?","?","T","M","E","?","R","E","$","E","M","BOSS","R","M","M","?","M","?","T","?","E","M","?","M","?","E","M","BOSS","R","M","?","?","M","E","T","?","E","$","?","?","R","M","M","BOSS"],"items_purchased_type":["Relic","Relic","Relic","Relic"],"build_version":"2020-12-22","purchased_purges":6,"victory":true,"max_hp_per_floor":[90,91,92,92,94,94,94,97,101,101,101,106,111,116,121,126,126,126,131,136,136,141,141,141,141,146,151,156,161,166,171,176,181,181,181,186,186,186,191,196,196,201,206,208,208,208,208,213,218,223],"relic_stats":{"Nunchaku":[6],"counters":[30,73],"Mummified Hand":[12],"StoneCalendar":[0],"Eternal Feather":0,"PreservedInsect":182,"Art of War":[0],"Whetstone":["sneckomod:Strike","sneckomod:TailWhip"],"obtain_stats":[{"AT_BellDemon":25,"champ:DuelingGlove":14,"AT_ATBox":0,"reliquary:SilkGlove":28,"sneckomod:SneckoCommon":31,"reliquary:Boomerang":36,"DaveBox":0,"DiscerningMonocle":47,"reliquary:Firecrackers":23,"AT_MibuBalloonWealth":41,"Vajra":31,"Spirit Poop":38,"RhineSuit":34,"StoneCalendar":40,"Hammer of Thor":0,"Dota2Spire:Vanguard":37,"Whetstone":30,"Dota2Spire:EtherealBlade":29,"Bottled Tornado":43,"sneckomod:SneckoSoul":0,"testmod-Brilliant":0,"Civilization":0,"Nunchaku":27,"downfall:GremlinWheel":30,"infinitespire:ShieldingShard":43,"jedi:paperlyon":17,"jedi:firstaidkit":26,"Mummified Hand":47,"reliquary:Buckler":24,"infinitespire:Eraser":49,"testmod-ArcanaOfDestiny":39,"AT_RabadonDeathcap":9,"testmod-TestBox":0,"testmod-FatalChain":32,"Eternal Feather":47,"PreservedInsect":35,"reliquary:TatteredRug":40,"Guardian:PocketSentry":33,"Seething Fire":0,"WarpedTongs":4,"reliquary:PorcupineQuills":42,"Anvil of the Gods":0,"infinitespire:Satchel":44,"Art of War":48,"jedi:arcanewood":12,"REME_ComplimentaryCards":0,"infinitespire:Midas Blood":26},{"AT_BellDemon":13,"champ:DuelingGlove":8,"AT_ATBox":0,"reliquary:SilkGlove":16,"sneckomod:SneckoCommon":19,"reliquary:Boomerang":22,"DaveBox":0,"DiscerningMonocle":27,"reliquary:Firecrackers":13,"AT_MibuBalloonWealth":24,"Vajra":19,"Spirit Poop":22,"RhineSuit":21,"StoneCalendar":24,"Hammer of Thor":0,"Dota2Spire:Vanguard":22,"Whetstone":18,"Dota2Spire:EtherealBlade":17,"Bottled Tornado":26,"sneckomod:SneckoSoul":0,"testmod-Brilliant":0,"Civilization":0,"Nunchaku":15,"downfall:GremlinWheel":18,"infinitespire:ShieldingShard":26,"jedi:paperlyon":10,"jedi:firstaidkit":14,"Mummified Hand":27,"reliquary:Buckler":13,"infinitespire:Eraser":29,"testmod-ArcanaOfDestiny":23,"AT_RabadonDeathcap":5,"testmod-TestBox":0,"testmod-FatalChain":20,"Eternal Feather":27,"PreservedInsect":21,"reliquary:TatteredRug":24,"Guardian:PocketSentry":21,"Seething Fire":0,"WarpedTongs":2,"reliquary:PorcupineQuills":25,"Anvil of the Gods":0,"infinitespire:Satchel":27,"Art of War":28,"jedi:arcanewood":6,"REME_ComplimentaryCards":0,"infinitespire:Midas Blood":14},{"AT_BellDemon":34,"champ:DuelingGlove":26,"AT_ATBox":0,"reliquary:SilkGlove":40,"sneckomod:SneckoCommon":44,"reliquary:Boomerang":51,"DaveBox":0,"DiscerningMonocle":62,"reliquary:Firecrackers":34,"AT_MibuBalloonWealth":55,"Vajra":44,"Spirit Poop":51,"RhineSuit":50,"StoneCalendar":55,"Hammer of Thor":0,"Dota2Spire:Vanguard":51,"Whetstone":43,"Dota2Spire:EtherealBlade":42,"Bottled Tornado":61,"sneckomod:SneckoSoul":0,"testmod-Brilliant":0,"Civilization":0,"Nunchaku":38,"downfall:GremlinWheel":43,"infinitespire:ShieldingShard":61,"jedi:paperlyon":31,"jedi:firstaidkit":36,"Mummified Hand":62,"reliquary:Buckler":34,"infinitespire:Eraser":70,"testmod-ArcanaOfDestiny":52,"AT_RabadonDeathcap":14,"testmod-TestBox":0,"testmod-FatalChain":47,"Eternal Feather":62,"PreservedInsect":50,"reliquary:TatteredRug":55,"Guardian:PocketSentry":50,"Seething Fire":0,"WarpedTongs":7,"reliquary:PorcupineQuills":60,"Anvil of the Gods":0,"infinitespire:Satchel":62,"Art of War":65,"jedi:arcanewood":18,"REME_ComplimentaryCards":0,"infinitespire:Midas Blood":36}],"WarpedTongs":[61]},"card_choices":[{"not_picked":["sneckomod:WideSting","sneckomod:UnknownDraw"],"picked":"sneckomod:UnknownColorless","floor":2},{"not_picked":["sneckomod:MixItUp","sneckomod:UnknownWeak","sneckomod:UnendingSupply"],"picked":"SKIP","floor":3},{"not_picked":["sneckomod:SoulRoll","sneckomod:PureSnecko"],"picked":"sneckomod:TrashToTreasure","floor":5},{"not_picked":["sneckomod:UnknownStrength","sneckomod:UnknownCommonAttack","sneckomod:MorePower"],"picked":"SKIP","floor":8},{"not_picked":["sneckomod:UnknownBlock","sneckomod:Nope","sneckomod:DiceCrush"],"picked":"SKIP","floor":9},{"not_picked":["sneckomod:MixItUp","sneckomod:QuickMove","sneckomod:WideSting"],"picked":"SKIP","floor":12},{"not_picked":["sneckomod:SoulRoll","sneckomod:WideSting","sneckomod:MasterEye"],"picked":"SKIP","floor":13},{"not_picked":["sneckomod:WideSting","sneckomod:ImprovisedAttack","sneckomod:UnknownX"],"picked":"SKIP","floor":14},{"not_picked":["sneckomod:SlitherStrike","sneckomod:UnknownWeak","sneckomod:QuickMove"],"picked":"SKIP","floor":15},{"not_picked":["sneckomod:UnknownExhaust","sneckomod:QuickBite+1","sneckomod:UnknownX"],"picked":"SKIP","floor":19},{"not_picked":["sneckomod:UnknownClassTHE_CHAMP_GRAY","sneckomod:ImprovisedGuard","sneckomod:UnknownX"],"picked":"SKIP","floor":20},{"not_picked":["sneckomod:QuickMove","sneckomod:UnknownClassTHE_CHAMP_GRAY+1","sneckomod:Unknown1Cost+1"],"picked":"SKIP","floor":22},{"not_picked":["sneckomod:TrashToTreasure+1","sneckomod:WideSting","sneckomod:QuickBite"],"picked":"SKIP","floor":26},{"not_picked":["sneckomod:Memorize+1","sneckomod:IronFang","sneckomod:UnknownClassRED"],"picked":"SKIP","floor":27},{"not_picked":["sneckomod:DiceBlock","sneckomod:Unknown1Cost","sneckomod:ImprovisedGuard"],"picked":"SKIP","floor":28},{"not_picked":["sneckomod:QuickBite","sneckomod:DiceBlock+1","sneckomod:QuickMove"],"picked":"SKIP","floor":29},{"not_picked":["sneckomod:MasterEye","sneckomod:Rotation+1","sneckomod:SoulRoll+1"],"picked":"SKIP","floor":31},{"not_picked":["sneckomod:Nope","sneckomod:SnakeSap","sneckomod:SerpentIdol"],"picked":"SKIP","floor":32},{"not_picked":["sneckomod:UnknownCommonSkill+1","sneckomod:QuickMove+1","sneckomod:UnknownClassRED"],"picked":"SKIP","floor":36},{"not_picked":["sneckomod:DiceBlock+1","sneckomod:UnknownCommonSkill","sneckomod:UnknownWeak"],"picked":"SKIP","floor":39},{"not_picked":["sneckomod:UnendingSupply","sneckomod:UnknownExhaust","sneckomod:UnknownWeak"],"picked":"SKIP","floor":40},{"not_picked":["sneckomod:Unknown2Cost+1","sneckomod:Unknown1Cost+1","sneckomod:UnknownDraw+1"],"picked":"SKIP","floor":42},{"not_picked":["sneckomod:SoulDraw","sneckomod:MorePower","sneckomod:UnknownCommonAttack+1"],"picked":"SKIP","floor":43},{"not_picked":["sneckomod:MasterEye+1","sneckomod:GlitteringGambit","sneckomod:SerpentIdol+1"],"picked":"SKIP","floor":44},{"not_picked":["sneckomod:UnknownClassRED+1","sneckomod:ImprovisedAttack","sneckomod:Unknown1Cost"],"picked":"SKIP","floor":48},{"not_picked":["sneckomod:MasterEye","sneckomod:SoulRoll+1","sneckomod:UnknownClassGREEN"],"picked":"SKIP","floor":49}],"player_experience":159078,"relics_obtained":[{"floor":9,"key":"AT_RabadonDeathcap"},{"floor":12,"key":"jedi:arcanewood"},{"floor":14,"key":"champ:DuelingGlove"},{"floor":24,"key":"reliquary:Buckler"},{"floor":25,"key":"AT_BellDemon"},{"floor":26,"key":"infinitespire:Midas Blood"},{"floor":26,"key":"jedi:firstaidkit"},{"floor":27,"key":"Nunchaku"},{"floor":28,"key":"reliquary:SilkGlove"},{"floor":29,"key":"Dota2Spire:EtherealBlade"},{"floor":30,"key":"downfall:GremlinWheel"},{"floor":30,"key":"Whetstone"},{"floor":31,"key":"Vajra"},{"floor":31,"key":"sneckomod:SneckoCommon"},{"floor":32,"key":"testmod-FatalChain"},{"floor":33,"key":"Guardian:PocketSentry"},{"floor":35,"key":"PreservedInsect"},{"floor":36,"key":"reliquary:Boomerang"},{"floor":39,"key":"testmod-ArcanaOfDestiny"},{"floor":40,"key":"StoneCalendar"},{"floor":40,"key":"reliquary:TatteredRug"},{"floor":41,"key":"AT_MibuBalloonWealth"},{"floor":42,"key":"reliquary:PorcupineQuills"},{"floor":43,"key":"infinitespire:ShieldingShard"},{"floor":43,"key":"Bottled Tornado"},{"floor":44,"key":"infinitespire:Satchel"},{"floor":48,"key":"Art of War"},{"floor":49,"key":"infinitespire:Eraser"}],"event_choices":[{"damage_healed":0,"gold_gain":0,"player_choice":"Rummage","damage_taken":0,"relics_obtained":["WarpedTongs"],"max_hp_gain":0,"max_hp_loss":0,"event_name":"Accursed Blacksmith","floor":4,"gold_loss":0,"cards_obtained":["Pain"]},{"damage_healed":0,"gold_gain":0,"player_choice":"Relic","damage_taken":0,"max_hp_gain":0,"max_hp_loss":0,"event_name":"Wheel of Change","floor":35,"gold_loss":0},{"cards_removed":["Writhe"],"damage_healed":0,"gold_gain":0,"player_choice":"Offered Curse","damage_taken":0,"relics_obtained":["Spirit Poop"],"max_hp_gain":0,"max_hp_loss":0,"event_name":"Bonfire Elementals","floor":38,"gold_loss":0},{"damage_healed":0,"gold_gain":0,"player_choice":"Ignored","damage_taken":0,"max_hp_gain":0,"max_hp_loss":0,"event_name":"给自己的盒子","floor":46,"gold_loss":0}],"is_beta":false,"boss_relics":[{"not_picked":["energizedSpire:DeadBattery","energizedSpire:EnergizedDie"],"picked":"jedi:paperlyon"},{"not_picked":["energizedSpire:RedRose","JellyFishMachine"],"picked":"RhineSuit"}],"items_purged_floors":[3,13,37,44,44,47],"is_endless":false,"potions_floor_spawned":[2,5,8,12,14,20,26,27,31,32,39,40,49],"ascension_level":3}}