{"host":"kg61lsvem4dxoat8","time":1613127457,"event":{"mods":["AchievementEnabler","BaseMod","Better Altar","Better Match","Better Sensory Stone","Better Skull","Block Reminder","Highlight Path","Minty Spire (QoL Compilation)","Quick Restart","Rare Cards Sparkle","Relic Sorter","Relic Stats","StSLib","Synergy Search","slay the spire mod where everything is the same but ironclad has a cowboy hat"],"gold_per_floor":[118,118,137,137,137,137,171,171,171,171,201,201,201,201],"floor_reached":13,"language":"ENG","playtime":143,"items_purged":[],"score":171,"play_id":"32abef8f-134e-474f-bc59-3402a99ee609","local_time":"20210212185737","is_ascension_mode":true,"campfire_choices":[{"data":"Metallicize","floor":6,"key":"SMITH"},{"data":"Seeing Red","floor":8,"key":"SMITH"},{"data":"Bash","floor":10,"key":"SMITH"}],"circlet_count":0,"master_deck":["AscendersBane","Strike_R","Strike_R","Strike_R","Strike_R","Strike_R","Defend_R+1","Defend_R","Defend_R+1","Defend_R","Bash+1","Seeing Red+1","Metallicize+1","Metallicize"],"relics":["Burning Blood","NeowsBlessing","The Courier","Blue Candle","Kunai","Bottled Tornado","Ancient Tea Set"],"acts_visited":["Exordium"],"potions_floor_usage":[13],"damage_taken":[{"damage":0,"enemies":"2 Louse","floor":1,"turns":1},{"damage":0,"enemies":"Jaw Worm","floor":3,"turns":1},{"damage":0,"enemies":"Gremlin Nob","floor":7,"turns":1},{"damage":56,"enemies":"Lagavulin","floor":11,"turns":8},{"damage":22,"enemies":"Gremlin Nob","floor":13,"turns":4}],"seed_played":"4376921940239650787","potions_obtained":[{"floor":1,"key":"Regen Potion"},{"floor":7,"key":"Ancient Potion"},{"floor":11,"key":"PowerPotion"}],"is_trial":false,"path_per_floor":["M","?","M","?","T","R","E","R","T","R","E","?","E"],"character_chosen":"IRONCLAD","items_purchased":[],"campfire_rested":0,"item_purchase_floors":[],"current_hp_per_floor":[78,71,77,77,77,77,80,80,80,80,30,14,0,0],"gold":201,"neow_bonus":"THREE_ENEMY_KILL","is_daily":false,"chose_seed":false,"campfire_upgraded":3,"win_rate":0.0,"timestamp":1613127457,"path_taken":["M","?","M","?","?","R","E","R","T","R","E","?","E"],"items_purchased_type":[],"build_version":"2020-12-22","purchased_purges":0,"victory":false,"max_hp_per_floor":[80,80,80,80,80,80,80,80,80,80,80,80,80,80],"relic_stats":{"counters":[5,15],"Blue Candle":[0],"Kunai":[2],"obtain_stats":[{"NeowsBlessing":0,"Blue Candle":5,"The Courier":2,"Kunai":7,"Bottled Tornado":9,"Ancient Tea Set":11,"Burning Blood":0},{"NeowsBlessing":0,"Blue Candle":2,"The Courier":1,"Kunai":3,"Bottled Tornado":3,"Ancient Tea Set":4,"Burning Blood":0},{"NeowsBlessing":0,"Blue Candle":2,"The Courier":1,"Kunai":3,"Bottled Tornado":3,"Ancient Tea Set":11,"Burning Blood":0}],"Burning Blood":21},"card_choices":[{"not_picked":["Clash","Rupture"],"picked":"Seeing Red","floor":1},{"not_picked":["Body Slam","Infernal Blade"],"picked":"Metallicize","floor":3},{"not_picked":["Bloodletting","Burning Pact","Flex"],"picked":"SKIP","floor":7},{"not_picked":["Twin Strike","Flex"],"picked":"Metallicize","floor":11}],"player_experience":1493668,"relics_obtained":[{"floor":5,"key":"Blue Candle"},{"floor":7,"key":"Kunai"},{"floor":9,"key":"Bottled Tornado"},{"floor":11,"key":"Ancient Tea Set"}],"event_choices":[{"damage_healed":0,"gold_gain":0,"player_choice":"Success","damage_taken":7,"relics_obtained":["The Courier"],"max_hp_gain":0,"max_hp_loss":0,"event_name":"Scrap Ooze","floor":2,"gold_loss":0},{"damage_healed":0,"gold_gain":0,"player_choice":"Leave","damage_taken":0,"max_hp_gain":0,"max_hp_loss":0,"event_name":"The Cleric","floor":4,"gold_loss":0},{"damage_healed":0,"gold_gain":0,"player_choice":"Entered Light","damage_taken":16,"max_hp_gain":0,"max_hp_loss":0,"event_name":"Shining Light","floor":12,"gold_loss":0,"cards_upgraded":["Defend_R","Defend_R"]}],"is_beta":false,"boss_relics":[],"items_purged_floors":[],"is_endless":false,"potions_floor_spawned":[1,7,11],"killed_by":"Gremlin Nob","ascension_level":10}}