{"host":"yhhyog5h1q67ienp","time":1613172753,"event":{"mods":["AchievementEnabler","BaseMod","Block Reminder","Colored Map","Colored Powertips","Minty Spire (QoL Compilation)","Quick Restart","Relic Stats","StSLib","ojb\u0027s Better Paths Mod","ojb\u0027s Info Mod"],"gold_per_floor":[116,133,153,163,183,214,227,227,227,227,239,274,0,34,34,111,111,121,133,133,33,45,45,71,71,71,71,101,101,132,143,143,219,219,232,250,267,282,292,292,323,323,323,323,323],"floor_reached":44,"language":"ENG","playtime":3919,"items_purged":["Rampage","Evolve"],"score":1104,"play_id":"1c9c642a-ccfb-442a-8828-838aa17775a2","local_time":"20210212203233","is_ascension_mode":true,"campfire_choices":[{"data":"Limit Break","floor":8.0,"key":"SMITH"},{"floor":10.0,"key":"REST"},{"data":"Flame Barrier","floor":15.0,"key":"SMITH"},{"floor":23.0,"key":"REST"},{"floor":25.0,"key":"REST"},{"floor":29.0,"key":"REST"},{"floor":32.0,"key":"REST"},{"floor":40,"key":"REST"}],"circlet_count":0,"master_deck":["AscendersBane","Bash","Limit Break+1","Wild Strike","Spot Weakness","Carnage","Pummel","Reckless Charge","Second Wind","Flame Barrier+1","Battle Trance","Twin Strike","Carnage","Sever Soul","Anger","Bludgeon","Anger","Spot Weakness","Pommel Strike","Uppercut","Corruption","Sentinel","Entrench","Pommel Strike","Shrug It Off+1","Entrench+1","Shrug It Off","Shrug It Off","Exhume","Second Wind","Disarm+1","Feel No Pain+1","Parasite"],"relics":["Pandora\u0027s Box","Regal Pillow","Paper Frog","CaptainsWheel","Singing Bowl","SlaversCollar","Red Mask","HornCleat","Enchiridion","Tiny Chest","Ice Cream","Cursed Key","Bag of Marbles"],"acts_visited":["Exordium","TheCity","TheBeyond"],"potions_floor_usage":[37,38,39],"damage_taken":[{"damage":0.0,"enemies":"Cultist","floor":1.0,"turns":2.0},{"damage":0.0,"enemies":"Jaw Worm","floor":2.0,"turns":1.0},{"damage":0.0,"enemies":"Small Slimes","floor":3.0,"turns":2.0},{"damage":6.0,"enemies":"Looter","floor":4.0,"turns":3.0},{"damage":8.0,"enemies":"Large Slime","floor":5.0,"turns":4.0},{"damage":10.0,"enemies":"3 Sentries","floor":6.0,"turns":5.0},{"damage":12.0,"enemies":"Lots of Slimes","floor":7.0,"turns":4.0},{"damage":6.0,"enemies":"Exordium Wildlife","floor":11.0,"turns":3.0},{"damage":8.0,"enemies":"Gremlin Nob","floor":12.0,"turns":3.0},{"damage":10.0,"enemies":"Lagavulin","floor":14.0,"turns":5.0},{"damage":24.0,"enemies":"The Guardian","floor":16.0,"turns":10.0},{"damage":8.0,"enemies":"Shell Parasite","floor":18.0,"turns":4.0},{"damage":13.0,"enemies":"3 Byrds","floor":19.0,"turns":4.0},{"damage":19.0,"enemies":"Snake Plant","floor":22.0,"turns":2.0},{"damage":37.0,"enemies":"Masked Bandits","floor":24.0,"turns":4.0},{"damage":33.0,"enemies":"Slavers","floor":28.0,"turns":5.0},{"damage":28.0,"enemies":"Gremlin Leader","floor":30.0,"turns":5.0},{"damage":16.0,"enemies":"Centurion and Healer","floor":31.0,"turns":3.0},{"damage":0.0,"enemies":"Collector","floor":33.0,"turns":8.0},{"damage":1,"enemies":"Orb Walker","floor":35,"turns":4},{"damage":23,"enemies":"3 Darklings","floor":36,"turns":4},{"damage":11,"enemies":"Jaw Worm Horde","floor":37,"turns":4},{"damage":22,"enemies":"Spire Growth","floor":38,"turns":5},{"damage":12,"enemies":"3 Darklings","floor":39,"turns":6},{"damage":50,"enemies":"Reptomancer","floor":41,"turns":7},{"damage":3,"enemies":"Giant Head","floor":44,"turns":5}],"seed_played":"5090815373229491335","potions_obtained":[{"floor":1.0,"key":"Swift Potion"},{"floor":2.0,"key":"EssenceOfSteel"},{"floor":5.0,"key":"SteroidPotion"},{"floor":7.0,"key":"SteroidPotion"},{"floor":28.0,"key":"Swift Potion"},{"floor":31.0,"key":"HeartOfIron"},{"floor":33.0,"key":"EssenceOfSteel"},{"floor":35,"key":"Weak Potion"},{"floor":37,"key":"SneckoOil"},{"floor":38,"key":"Fruit Juice"}],"is_trial":false,"path_per_floor":["M","M","M","M","M","E","M","R","T","R","M","E","$","E","R","B",null,"M","M","?","$","M","R","?","R","T","?","E","R","E","M","R","B",null,"M","M","M","M","M","R","E","?","T","E"],"character_chosen":"IRONCLAD","items_purchased":["Evolve","PowerPotion","Pommel Strike"],"campfire_rested":6,"item_purchase_floors":[13,13,13],"current_hp_per_floor":[68,68,68,62,54,44,32,32,32,69,63,55,55,45,45,21,62,54,41,41,41,22,59,22,59,59,38,7,45,17,1,39,39,68,67,46,37,22,10,51,1,1,1,0,0],"gold":323,"neow_bonus":"BOSS_RELIC","is_daily":false,"chose_seed":false,"campfire_upgraded":2,"win_rate":0.0,"timestamp":1613172753,"path_taken":["M","M","?","M","M","E","M","R","T","R","M","E","$","E","R","BOSS","M","M","?","?","M","R","?","R","T","?","E","R","E","M","R","BOSS","M","M","M","M","M","R","E","?","T","E"],"items_purchased_type":["Card","Potion","Card"],"build_version":"2020-12-22","purchased_purges":2,"victory":false,"max_hp_per_floor":[75,75,75,75,75,75,75,75,75,75,75,75,75,75,75,75,75,75,75,75,75,75,75,75,75,75,75,77,77,77,77,77,77,77,77,79,81,88,88,88,88,88,88,88,88],"relic_stats":{"Regal Pillow":90,"Singing Bowl":8,"counters":[26,112],"Pandora\u0027s Box":["Limit Break","Wild Strike","Spot Weakness","Carnage","Pummel","Metallicize","Reckless Charge","Second Wind","Flame Barrier"],"Tiny Chest":0,"Cursed Key":1,"obtain_stats":[{"Ice Cream":30,"Regal Pillow":6,"Singing Bowl":14,"Enchiridion":27,"Cursed Key":34,"Burning Blood":0,"SlaversCollar":17,"CaptainsWheel":12,"HornCleat":26,"Pandora\u0027s Box":0,"Tiny Chest":28,"Red Mask":24,"Bag of Marbles":41,"Paper Frog":9},{"Ice Cream":17,"Regal Pillow":6,"Singing Bowl":10,"Enchiridion":15,"Cursed Key":19,"Burning Blood":0,"SlaversCollar":11,"CaptainsWheel":9,"HornCleat":15,"Pandora\u0027s Box":0,"Tiny Chest":16,"Red Mask":15,"Bag of Marbles":25,"Paper Frog":7},{"Ice Cream":66,"Regal Pillow":17,"Singing Bowl":32,"Enchiridion":56,"Cursed Key":77,"Burning Blood":0,"SlaversCollar":42,"CaptainsWheel":27,"HornCleat":56,"Pandora\u0027s Box":0,"Tiny Chest":61,"Red Mask":56,"Bag of Marbles":107,"Paper Frog":21}]},"card_choices":[{"not_picked":["Rupture","Twin Strike"],"picked":"Battle Trance","floor":1.0},{"not_picked":["Thunderclap","Clash"],"picked":"Twin Strike","floor":2.0},{"not_picked":["Thunderclap","Sever Soul"],"picked":"Rampage","floor":3.0},{"not_picked":["Entrench","Clash"],"picked":"Carnage","floor":4.0},{"not_picked":["Searing Blow","Heavy Blade"],"picked":"Sever Soul","floor":5.0},{"not_picked":["Thunderclap","Dark Embrace"],"picked":"Anger","floor":6.0},{"not_picked":["Anger","Second Wind"],"picked":"Bludgeon","floor":7.0},{"not_picked":["Iron Wave","Intimidate"],"picked":"Anger","floor":11.0},{"not_picked":["Hemokinesis","Dropkick"],"picked":"Spot Weakness","floor":12.0},{"not_picked":["Metallicize","Sword Boomerang"],"picked":"Uppercut","floor":14.0},{"not_picked":["Fiend Fire","Berserk"],"picked":"Corruption","floor":16.0},{"not_picked":["Havoc","Wild Strike"],"picked":"Sentinel","floor":18.0},{"not_picked":["Cleave","Metallicize"],"picked":"Entrench","floor":19.0},{"not_picked":["Rampage","Uppercut"],"picked":"Shrug It Off+1","floor":22.0},{"not_picked":["Dark Embrace","Shrug It Off"],"picked":"Entrench+1","floor":24.0},{"not_picked":["Wild Strike","Anger","Cleave"],"picked":"Singing Bowl","floor":28.0},{"not_picked":["Heavy Blade+1","Clash"],"picked":"Shrug It Off","floor":30.0},{"not_picked":["Perfected Strike","Infernal Blade+1"],"picked":"Shrug It Off","floor":31.0},{"not_picked":["Immolate","Corruption"],"picked":"Exhume","floor":33.0},{"not_picked":["Perfected Strike","Sword Boomerang+1"],"picked":"Second Wind","floor":35},{"not_picked":["Armaments","Battle Trance","Reckless Charge"],"picked":"Singing Bowl","floor":36},{"not_picked":["Armaments","Evolve","Wild Strike"],"picked":"Singing Bowl","floor":37},{"not_picked":["Evolve","Perfected Strike+1","Wild Strike"],"picked":"Singing Bowl","floor":38},{"not_picked":["Flame Barrier","Dual Wield"],"picked":"Disarm+1","floor":39},{"not_picked":["Havoc+1","Battle Trance+1"],"picked":"Feel No Pain+1","floor":41}],"player_experience":1466371,"relics_obtained":[{"floor":6.0,"key":"Regal Pillow"},{"floor":9.0,"key":"Paper Frog"},{"floor":12.0,"key":"CaptainsWheel"},{"floor":14.0,"key":"Singing Bowl"},{"floor":24.0,"key":"Red Mask"},{"floor":26.0,"key":"HornCleat"},{"floor":27.0,"key":"Enchiridion"},{"floor":28.0,"key":"Tiny Chest"},{"floor":30.0,"key":"Ice Cream"},{"floor":41,"key":"Bag of Marbles"}],"event_choices":[{"damage_healed":0.0,"max_hp_gain":0.0,"max_hp_loss":0.0,"gold_gain":0.0,"event_name":"Match and Keep!","player_choice":"1 cards matched","floor":20.0,"gold_loss":0.0,"damage_taken":0.0,"cards_obtained":["Pommel Strike"]},{"damage_healed":0.0,"max_hp_gain":0.0,"max_hp_loss":0.0,"gold_gain":0.0,"event_name":"Masked Bandits","player_choice":"Fought Bandits","floor":24.0,"gold_loss":0.0,"damage_taken":0.0},{"damage_healed":0.0,"max_hp_gain":0.0,"max_hp_loss":0.0,"gold_gain":0.0,"event_name":"Cursed Tome","player_choice":"Obtained Book","floor":27.0,"gold_loss":0.0,"damage_taken":21.0},{"cards_removed":["Metallicize"],"damage_healed":0,"gold_gain":0,"player_choice":"Removed Power","damage_taken":0,"max_hp_gain":0,"max_hp_loss":0,"event_name":"Falling","floor":42,"gold_loss":0}],"is_beta":false,"boss_relics":[{"not_picked":["Mark of Pain","Tiny House"],"picked":"SlaversCollar"},{"not_picked":["Astrolabe","Philosopher\u0027s Stone"],"picked":"Cursed Key"}],"items_purged_floors":[13,21],"is_endless":false,"potions_floor_spawned":[1,2,3,5,7,14,16,18,28,31,33,35,37,38],"killed_by":"Giant Head","ascension_level":20}}