{"host":"2n2g1vowfllvjtvi","time":1613144795,"event":{"mods":["AchievementEnabler","BaseMod","Custom Start","GifTheSpireLib","Keyboard Shortcuts","Minty Spire (QoL Compilation)","Permanent Neow","Quick Restart","StSLib","SuperFastMode"],"gold_per_floor":[117,117,42,42,58,58,89,164,164,9,21,50,50,62,62,161,161,161,161],"floor_reached":18,"language":"KOR","playtime":200,"items_purged":["Strike_P"],"score":299,"play_id":"d4828127-a0e9-44c0-9def-ad5fb8711ed6","local_time":"20210213004635","is_ascension_mode":true,"campfire_choices":[{"data":"Eruption","floor":6,"key":"SMITH"},{"data":"MentalFortress","floor":13,"key":"SMITH"},{"data":"CrushJoints","floor":15,"key":"SMITH"}],"circlet_count":0,"master_deck":["AscendersBane","Strike_P","Strike_P","Strike_P","Defend_P","Defend_P","Defend_P","Eruption+1","Vigilance","CrushJoints+1","BattleHymn","EmptyBody","MentalFortress+1","MentalFortress","WheelKick","Vault"],"relics":["PureWater","NeowsBlessing","Pear","StrikeDummy","Membership Card","Centennial Puzzle","Coffee Dripper"],"acts_visited":["Exordium","TheCity"],"potions_floor_usage":[11,18],"damage_taken":[{"damage":0,"enemies":"Small Slimes","floor":1,"turns":1},{"damage":0,"enemies":"Cultist","floor":5,"turns":1},{"damage":0,"enemies":"Lagavulin","floor":7,"turns":1},{"damage":0,"enemies":"Jaw Worm","floor":11,"turns":3},{"damage":3,"enemies":"Gremlin Nob","floor":12,"turns":3},{"damage":3,"enemies":"Looter","floor":14,"turns":3},{"damage":1,"enemies":"The Guardian","floor":16,"turns":9},{"damage":2,"enemies":"3 Byrds","floor":18,"turns":3}],"seed_played":"4997876758927899179","potions_obtained":[{"floor":5,"key":"GamblersBrew"},{"floor":16,"key":"SneckoOil"}],"is_trial":false,"path_per_floor":["M","?","$","?","M","R","E","?","T","$","M","E","R","M","R","B",null,"M"],"character_chosen":"WATCHER","items_purchased":["Membership Card"],"campfire_rested":0,"item_purchase_floors":[10],"current_hp_per_floor":[65,65,65,65,65,65,75,64,64,64,64,61,61,58,58,57,76,74,74],"gold":161,"neow_bonus":"THREE_ENEMY_KILL","is_daily":false,"chose_seed":false,"campfire_upgraded":3,"win_rate":0.0,"timestamp":1613144795,"path_taken":["M","?","$","?","?","R","E","?","T","$","M","E","R","M","R","BOSS","M"],"items_purchased_type":["Relic"],"build_version":"2020-12-22","purchased_purges":1,"victory":false,"max_hp_per_floor":[72,72,72,72,72,72,82,82,82,82,82,82,82,82,82,82,82,82,82],"card_choices":[{"not_picked":["Evaluate","ClearTheMind"],"picked":"CrushJoints","floor":1},{"not_picked":["FollowUp","FlyingSleeves"],"picked":"EmptyBody","floor":5},{"not_picked":["Blasphemy","WreathOfFlame","FlyingSleeves"],"picked":"SKIP","floor":7},{"not_picked":["Conclude","Indignation"],"picked":"MentalFortress","floor":11},{"not_picked":["Indignation","Protect"],"picked":"MentalFortress","floor":12},{"not_picked":["Prostrate","Fasting2","WheelKick"],"picked":"SKIP","floor":14},{"not_picked":["Prostrate","Fasting2"],"picked":"WheelKick","floor":14},{"not_picked":["Devotion","Scrawl"],"picked":"Vault","floor":16}],"player_experience":231962,"relics_obtained":[{"floor":7,"key":"Pear"},{"floor":9,"key":"StrikeDummy"},{"floor":12,"key":"Centennial Puzzle"}],"event_choices":[{"cards_removed":["Defend_P"],"damage_healed":0,"gold_gain":0,"player_choice":"Forget","damage_taken":0,"max_hp_gain":0,"max_hp_loss":0,"event_name":"Living Wall","floor":2,"gold_loss":0},{"damage_healed":0,"gold_gain":0,"player_choice":"1 cards matched","damage_taken":0,"max_hp_gain":0,"max_hp_loss":0,"event_name":"Match and Keep!","floor":4,"gold_loss":0,"cards_obtained":["BattleHymn"]},{"damage_healed":0,"gold_gain":75,"player_choice":"Gather Gold","damage_taken":11,"max_hp_gain":0,"max_hp_loss":0,"event_name":"World of Goop","floor":8,"gold_loss":0}],"is_beta":false,"boss_relics":[{"not_picked":["Calling Bell","Ectoplasm"],"picked":"Coffee Dripper"}],"items_purged_floors":[3],"is_endless":false,"potions_floor_spawned":[5,16],"killed_by":"3 Byrds","ascension_level":11}}