{"host":"d52brwsy6af8zvaq","time":1613101970,"event":{"mods":["AchievementEnabler","BaseMod","Bestiary","Highlight Path","Minty Spire (QoL Compilation)","Quick Restart","Relic Stats","ojb\u0027s Better Paths Mod"],"gold_per_floor":[111,129,144,215,32,32,59,59,59,0,333,66,66,79,79,150,150,180,192,224,152,152,152,152],"floor_reached":23,"language":"ENG","playtime":925,"items_purged":["Strike_B","Strike_B"],"score":394,"play_id":"8e796649-5792-4e1f-8b8a-37d7280d0f74","local_time":"20210211205250","is_ascension_mode":true,"campfire_choices":[{"data":"Streamline","floor":6.0,"key":"SMITH"},{"data":"Zap","floor":8.0,"key":"SMITH"},{"floor":13.0,"key":"REST"},{"floor":15.0,"key":"REST"}],"circlet_count":0,"master_deck":["AscendersBane","Strike_B","Strike_B","Defend_B","Defend_B","Defend_B","Defend_B","Zap+1","Dualcast","Leap","Ball Lightning","Streamline+1","Sweeping Beam","Go for the Eyes","Coolheaded","Steam","Echo Form","CurseOfTheBell","Skim","Loop+1","Lockon"],"relics":["Cracked Core","Question Card","Matryoshka","Old Coin","ClockworkSouvenir","Calling Bell","MawBank","Frozen Egg 2","Ice Cream","Nilry\u0027s Codex"],"acts_visited":["Exordium","TheCity"],"potions_floor_usage":[18],"damage_taken":[{"damage":0.0,"enemies":"Cultist","floor":1.0,"turns":3.0},{"damage":11.0,"enemies":"2 Louse","floor":2.0,"turns":3.0},{"damage":2.0,"enemies":"Jaw Worm","floor":3.0,"turns":4.0},{"damage":37.0,"enemies":"3 Sentries","floor":7.0,"turns":9.0},{"damage":26.0,"enemies":"Gremlin Nob","floor":11.0,"turns":4.0},{"damage":14.0,"enemies":"Exordium Thugs","floor":14.0,"turns":4.0},{"damage":21.0,"enemies":"Slime Boss","floor":16.0,"turns":8.0},{"damage":10,"enemies":"3 Byrds","floor":18,"turns":5},{"damage":0,"enemies":"Spheric Guardian","floor":20,"turns":5},{"damage":53,"enemies":"Book of Stabbing","floor":23,"turns":4}],"seed_played":"-6013872143930701928","potions_obtained":[{"floor":11.0,"key":"Weak Potion"},{"floor":14.0,"key":"FocusPotion"}],"is_trial":false,"path_per_floor":["M","M","M","?","$","R","E","R","T","?","E","$","R","M","R","B",null,"M","?","M","$","?","E"],"character_chosen":"DEFECT","items_purchased":["Regen Potion","Sweeping Beam","ClockworkSouvenir","Lockon"],"campfire_rested":2,"item_purchase_floors":[5,5,12,21],"current_hp_per_floor":[71,60,58,58,58,58,36,36,36,36,10,10,33,19,42,21,64,54,33,33,33,49,0,0],"gold":152,"neow_bonus":"TEN_PERCENT_HP_BONUS","is_daily":false,"chose_seed":false,"campfire_upgraded":2,"win_rate":0.0,"timestamp":1613101970,"path_taken":["M","M","M","?","$","R","E","R","T","?","E","?","R","M","R","BOSS","M","?","M","$","?","E"],"items_purchased_type":["Potion","Card","Relic","Card"],"build_version":"2020-12-22","purchased_purges":2,"victory":false,"max_hp_per_floor":[78,78,78,78,78,78,78,78,78,78,78,78,78,78,78,78,78,78,78,78,78,78,78,78],"relic_stats":{"counters":[10,49],"Question Card":6,"MawBank":48,"obtain_stats":[{"Calling Bell":17,"Ice Cream":17,"Matryoshka":9,"Nilry\u0027s Codex":19,"Frozen Egg 2":17,"Cracked Core":0,"Question Card":7,"MawBank":17,"Old Coin":11,"ClockworkSouvenir":12},{"Calling Bell":7,"Ice Cream":7,"Matryoshka":4,"Nilry\u0027s Codex":8,"Frozen Egg 2":7,"Cracked Core":0,"Question Card":4,"MawBank":7,"Old Coin":5,"ClockworkSouvenir":5},{"Calling Bell":35,"Ice Cream":35,"Matryoshka":19,"Nilry\u0027s Codex":40,"Frozen Egg 2":35,"Cracked Core":0,"Question Card":19,"MawBank":35,"Old Coin":23,"ClockworkSouvenir":23}]},"card_choices":[{"not_picked":["Stack","Redo"],"picked":"Leap","floor":1.0},{"not_picked":["Gash","Hello World"],"picked":"Ball Lightning","floor":2.0},{"not_picked":["Fusion","Hologram"],"picked":"Streamline","floor":3.0},{"not_picked":["Leap","Steam Power"],"picked":"Go for the Eyes","floor":7.0},{"not_picked":["Skim","Aggregate","Streamline"],"picked":"Coolheaded","floor":11.0},{"not_picked":["Tempest","Ball Lightning","Compile Driver"],"picked":"Steam","floor":14.0},{"not_picked":["All For One","Fission","Buffer"],"picked":"Echo Form","floor":16.0},{"not_picked":["Blizzard+1","Streamline","Heatsinks+1"],"picked":"Skim","floor":18},{"not_picked":["Hologram","Gash","Redo"],"picked":"Loop+1","floor":20}],"player_experience":2237079,"relics_obtained":[{"floor":7.0,"key":"Question Card"},{"floor":9.0,"key":"Matryoshka"},{"floor":11.0,"key":"Old Coin"},{"floor":17.0,"key":"MawBank"},{"floor":17.0,"key":"Frozen Egg 2"},{"floor":17.0,"key":"Ice Cream"},{"floor":19,"key":"Nilry\u0027s Codex"}],"event_choices":[{"damage_healed":0.0,"max_hp_gain":0.0,"max_hp_loss":0.0,"gold_gain":71.0,"event_name":"Golden Wing","player_choice":"Gained Gold","floor":4.0,"gold_loss":0.0,"damage_taken":0.0},{"damage_healed":0.0,"max_hp_gain":0.0,"max_hp_loss":0.0,"gold_gain":0.0,"event_name":"World of Goop","player_choice":"Left Gold","floor":10.0,"gold_loss":59.0,"damage_taken":0.0},{"damage_healed":0,"gold_gain":0,"player_choice":"Obtained Book","damage_taken":21,"max_hp_gain":0,"max_hp_loss":0,"event_name":"Cursed Tome","floor":19,"gold_loss":0},{"damage_healed":16,"gold_gain":0,"player_choice":"Heal","damage_taken":0,"max_hp_gain":0,"max_hp_loss":0,"event_name":"The Library","floor":22,"gold_loss":0}],"is_beta":false,"boss_relics":[{"not_picked":["Inserter","Empty Cage"],"picked":"Calling Bell"}],"items_purged_floors":[5,12],"is_endless":false,"potions_floor_spawned":[11,14],"killed_by":"Book of Stabbing","ascension_level":20}}