{"host":"rkn0jr9cior855mu","time":1613168876,"event":{"mods":["AchievementEnabler","BaseMod","Colored Map","Colored Powertips","Conspire","Minty Spire (QoL Compilation)","StSLib","SuperFastMode","The Animator"],"gold_per_floor":[117,127,139,154,169,199,199,212,212,225,69,88,88,119,119,219,219,238,238,238,238,252,278,293,293,318,347,380,394,423,433,433,537,537,555,480,495,525,540,540,571,571,596,608,624,183,202,220,220,220],"floor_reached":51,"language":"ENG","playtime":3441,"items_purged":["Carnage","Bash"],"score":780,"play_id":"e3c88c4b-1a2c-4a95-9d1e-30cee44c7857","local_time":"20210212222756","is_ascension_mode":false,"campfire_choices":[{"floor":7,"key":"REST"},{"floor":15,"key":"REST"},{"data":"Sword Boomerang","floor":25,"key":"SMITH"},{"floor":32,"key":"REST"},{"floor":40,"key":"REST"},{"floor":49,"key":"REST"}],"circlet_count":0,"master_deck":["Strike_R+1","Strike_R+1","Strike_R+1","Strike_R+1","Defend_R+1","Defend_R+1","Defend_R+1","Defend_R+1","Thunderclap","Cleave","Flame Barrier","Sword Boomerang+1","Dropkick","Sword Boomerang+1","Battle Trance","Twin Strike","Shrug It Off+1","Flex+1","Armaments+1","Sword Boomerang","Ghostly Armor+1","Pummel"],"relics":["Burning Blood","Whetstone","Regal Pillow","Brimstone","Gambling Chip","Black Star","Anchor","Letter Opener","conspire:Flyswatter","Happy Flower","Red Mask","Bag of Marbles","Toxic Egg 2","MealTicket","Vajra","Strawberry","Incense Burner","Red Skull","conspire:TopHat","Centennial Puzzle","Dream Catcher"],"acts_visited":["Exordium","TheCity","TheBeyond"],"potions_floor_usage":[16,27,33,38,38,41,50,50,50],"damage_taken":[{"damage":13,"enemies":"Cultist","floor":1,"turns":5},{"damage":0,"enemies":"Small Slimes","floor":2,"turns":4},{"damage":0,"enemies":"2 Louse","floor":3,"turns":3},{"damage":18,"enemies":"conspire:2 RoseBushes","floor":4,"turns":5},{"damage":7,"enemies":"2 Fungi Beasts","floor":5,"turns":3},{"damage":41,"enemies":"Lagavulin","floor":6,"turns":6},{"damage":4,"enemies":"Red Slaver","floor":8,"turns":3},{"damage":10,"enemies":"Looter","floor":10,"turns":3},{"damage":14,"enemies":"2 Fungi Beasts","floor":12,"turns":2},{"damage":16,"enemies":"3 Sentries","floor":14,"turns":6},{"damage":29,"enemies":"The Guardian","floor":16,"turns":5},{"damage":40,"enemies":"3 Byrds","floor":18,"turns":4},{"damage":4,"enemies":"Shell Parasite","floor":22,"turns":3},{"damage":8,"enemies":"conspire:Head Lice","floor":23,"turns":5},{"damage":9,"enemies":"Snecko","floor":24,"turns":3},{"damage":2,"enemies":"Masked Bandits","floor":27,"turns":2},{"damage":24,"enemies":"Gremlin Leader","floor":28,"turns":4},{"damage":0,"enemies":"Centurion and Healer","floor":29,"turns":4},{"damage":14,"enemies":"Slavers","floor":30,"turns":4},{"damage":0,"enemies":"Shelled Parasite and Fungi","floor":31,"turns":1},{"damage":69,"enemies":"Champ","floor":33,"turns":7},{"damage":11,"enemies":"3 Shapes","floor":35,"turns":1},{"damage":0,"enemies":"3 Darklings","floor":37,"turns":1},{"damage":41,"enemies":"conspire:MimicChest","floor":38,"turns":4},{"damage":28,"enemies":"Spire Growth","floor":39,"turns":3},{"damage":27,"enemies":"Nemesis","floor":41,"turns":5},{"damage":49,"enemies":"Transient","floor":44,"turns":5},{"damage":0,"enemies":"Jaw Worm Horde","floor":45,"turns":2},{"damage":0,"enemies":"3 Darklings","floor":47,"turns":2},{"damage":0,"enemies":"Transient","floor":48,"turns":5},{"damage":70,"enemies":"Awakened One","floor":50,"turns":7}],"seed_played":"-1174309880186623939","potions_obtained":[{"floor":1,"key":"Weak Potion"},{"floor":3,"key":"FairyPotion"},{"floor":5,"key":"DistilledChaos"},{"floor":10,"key":"Swift Potion"},{"floor":16,"key":"Block Potion"},{"floor":22,"key":"Ancient Potion"},{"floor":23,"key":"FearPotion"},{"floor":28,"key":"EssenceOfSteel"},{"floor":33,"key":"Swift Potion"},{"floor":39,"key":"PowerPotion"},{"floor":45,"key":"GamblersBrew"},{"floor":47,"key":"SteroidPotion"}],"is_trial":false,"path_per_floor":["M","M","M","M","M","E","R","M","T","M","$","M","?","E","R","B",null,"M","?","?","?","M","E","M","R","T","?","E","M","E","M","R","B",null,"M","$","M","?","M","R","E","?","T","M","M","$","M","M","R","B",null],"character_chosen":"IRONCLAD","items_purchased":["Brimstone","Pummel","Centennial Puzzle","Dream Catcher"],"campfire_rested":5,"item_purchase_floors":[11,46,46,46],"current_hp_per_floor":[73,79,80,68,67,32,56,58,58,54,54,46,39,29,68,45,80,46,46,46,46,48,46,43,43,43,47,29,35,27,33,72,9,80,75,80,80,52,30,71,50,50,50,7,13,28,34,40,81,17],"gold":220,"neow_bonus":"","is_daily":false,"chose_seed":false,"campfire_upgraded":1,"win_rate":0.0,"timestamp":1613168876,"path_taken":["M","M","M","M","?","E","R","?","T","M","$","M","?","E","R","BOSS","M","?","?","?","?","E","M","R","T","?","E","M","E","M","R","BOSS","M","$","M","?","M","R","E","?","T","M","M","$","M","M","R","BOSS"],"items_purchased_type":["Relic","Card","Relic","Relic"],"build_version":"2020-12-22","purchased_purges":2,"victory":true,"max_hp_per_floor":[80,80,80,80,80,80,80,80,80,80,80,80,80,80,80,80,80,80,80,80,80,80,80,80,80,80,80,80,80,80,80,80,80,80,80,80,80,87,87,87,87,87,87,87,87,87,87,87,87,87],"card_choices":[{"not_picked":["Seeing Red","Shockwave","Pommel Strike"],"picked":"SKIP","floor":1},{"not_picked":["Clash","Headbutt"],"picked":"Thunderclap","floor":2},{"not_picked":["Dark Embrace","Brutality"],"picked":"Cleave","floor":3},{"not_picked":["Power Through","Disarm"],"picked":"Carnage","floor":4},{"not_picked":["Cleave","Burning Pact","Uppercut"],"picked":"SKIP","floor":5},{"not_picked":["Bloodletting","Double Tap"],"picked":"Flame Barrier","floor":6},{"not_picked":["Twin Strike","Body Slam","Warcry"],"picked":"SKIP","floor":8},{"not_picked":["Sword Boomerang","Thunderclap","Intimidate"],"picked":"SKIP","floor":10},{"not_picked":["Thunderclap","Intimidate"],"picked":"Sword Boomerang","floor":10},{"not_picked":["Thunderclap","Clash"],"picked":"Dropkick","floor":12},{"not_picked":["Metallicize","Clash","Inflame"],"picked":"SKIP","floor":14},{"not_picked":["Thunderclap","Body Slam"],"picked":"Sword Boomerang+1","floor":18},{"not_picked":["Perfected Strike+1","Dark Embrace","Clothesline"],"picked":"SKIP","floor":22},{"not_picked":["Burning Pact+1","Warcry","Flame Barrier+1"],"picked":"SKIP","floor":23},{"not_picked":["Infernal Blade","Clash","Headbutt"],"picked":"SKIP","floor":24},{"not_picked":["Clash","Searing Blow"],"picked":"Battle Trance","floor":27},{"not_picked":["Headbutt+1","Sword Boomerang","Feel No Pain"],"picked":"SKIP","floor":28},{"not_picked":["Iron Wave","Pommel Strike"],"picked":"Twin Strike","floor":29},{"not_picked":["Cleave","Power Through+1"],"picked":"Shrug It Off+1","floor":30},{"not_picked":["Juggernaut","Headbutt+1"],"picked":"Flex+1","floor":31},{"not_picked":["Clothesline","Dark Embrace"],"picked":"Armaments+1","floor":35},{"not_picked":["Headbutt","Infernal Blade+1","Armaments+1"],"picked":"SKIP","floor":37},{"not_picked":["Combust","Headbutt+1","Body Slam"],"picked":"SKIP","floor":39},{"not_picked":["Headbutt+1","Iron Wave","Rampage+1"],"picked":"SKIP","floor":41},{"not_picked":["Pommel Strike+1","Flex+1","Dropkick"],"picked":"SKIP","floor":44},{"not_picked":["True Grit+1","Cleave"],"picked":"Ghostly Armor+1","floor":45},{"not_picked":["Perfected Strike","Pommel Strike","Sword Boomerang+1"],"picked":"SKIP","floor":47},{"not_picked":["Feel No Pain+1","Flame Barrier+1","Fire Breathing"],"picked":"SKIP","floor":48}],"player_experience":0,"relics_obtained":[{"floor":6,"key":"Whetstone"},{"floor":9,"key":"Regal Pillow"},{"floor":14,"key":"Gambling Chip"},{"floor":23,"key":"Letter Opener"},{"floor":23,"key":"conspire:Flyswatter"},{"floor":26,"key":"Happy Flower"},{"floor":27,"key":"Red Mask"},{"floor":28,"key":"Bag of Marbles"},{"floor":28,"key":"Toxic Egg 2"},{"floor":30,"key":"MealTicket"},{"floor":30,"key":"Vajra"},{"floor":38,"key":"Strawberry"},{"floor":41,"key":"Incense Burner"},{"floor":41,"key":"Red Skull"},{"floor":43,"key":"conspire:TopHat"}],"event_choices":[{"cards_removed":["Strike_R"],"damage_healed":0,"gold_gain":0,"player_choice":"Card Removal","damage_taken":7,"max_hp_gain":0,"max_hp_loss":0,"event_name":"Golden Wing","floor":13,"gold_loss":0},{"damage_healed":0,"gold_gain":0,"player_choice":"Ignored","damage_taken":0,"max_hp_gain":0,"max_hp_loss":0,"event_name":"Vampires","floor":19,"gold_loss":0},{"damage_healed":0,"gold_gain":0,"player_choice":"Simplicity","damage_taken":0,"max_hp_gain":0,"max_hp_loss":0,"event_name":"Back to Basics","floor":20,"gold_loss":0,"cards_upgraded":["Strike_R","Strike_R","Defend_R","Defend_R","Defend_R","Defend_R"]},{"damage_healed":0,"gold_gain":0,"player_choice":"Gave Potion","damage_taken":0,"relics_obtained":["Anchor"],"max_hp_gain":0,"max_hp_loss":0,"event_name":"WeMeetAgain","floor":21,"gold_loss":0},{"damage_healed":0,"gold_gain":0,"player_choice":"Fought Bandits","damage_taken":0,"max_hp_gain":0,"max_hp_loss":0,"event_name":"Masked Bandits","floor":27,"gold_loss":0},{"damage_healed":0,"gold_gain":0,"player_choice":"1 cards matched","damage_taken":0,"max_hp_gain":0,"max_hp_loss":0,"event_name":"Match and Keep!","floor":42,"gold_loss":0,"cards_obtained":["Sword Boomerang"]}],"is_beta":false,"boss_relics":[{"not_picked":["conspire:SeveredTorchhead","Mark of Pain"],"picked":"Black Star"},{"not_picked":["Runic Dome","conspire:RunicOctahedron","conspire:RoyalGoblet"]}],"items_purged_floors":[36,46],"is_endless":false,"potions_floor_spawned":[1,3,5,10,12,16,22,23,28,29,33,35,39,45,47],"ascension_level":0}}