{"host":"f14d6hm2349s9jse","time":1613100145,"event":{"mods":["2.2 Compatiblity","BaseMod","GungeonMod","Minty Spire (QoL Compilation)","StSLib"],"gold_per_floor":[117,47,62,137,137,166,166,196,221,221,271,306,306,239,239,239,239],"floor_reached":16,"language":"ENG","playtime":673,"items_purged":[],"score":162,"play_id":"f3c13919-1a8b-498a-88b3-01dfc1fe672c","local_time":"20210211222225","is_ascension_mode":true,"campfire_choices":[{"data":"DemoMod:HungryBullets","floor":7,"key":"SMITH"},{"floor":13,"key":"REST"},{"data":"DemoMod:Desperate","floor":15,"key":"SMITH"}],"circlet_count":0,"master_deck":["DemoMod:Strike_Huntress","DemoMod:Strike_Huntress","DemoMod:Strike_Huntress","DemoMod:Defend_Huntress","DemoMod:Defend_Huntress","DemoMod:Defend_Huntress","DemoMod:Defend_Huntress","DemoMod:Roll","DemoMod:ManualReload","DemoMod:RustySidearm","DemoMod:CrossBow","DemoMod:Camera","DemoMod:HungryBullets+1","DemoMod:LifeOrb","DemoMod:CursedBullets","DemoMod:Desperate+1"],"relics":["DemoMod:Dog","NeowsBlessing","DemoMod:AgedBell","PreservedInsect","Turnip","Orichalcum","Eternal Feather","Toy Ornithopter"],"acts_visited":["Exordium"],"potions_floor_usage":[],"damage_taken":[{"damage":0,"enemies":"2 Louse","floor":1,"turns":2},{"damage":0,"enemies":"Small Slimes","floor":3,"turns":1},{"damage":0,"enemies":"Gremlin Nob","floor":6,"turns":1},{"damage":43,"enemies":"Lagavulin","floor":8,"turns":10},{"damage":4,"enemies":"Gremlin Nob","floor":11,"turns":4},{"damage":0,"enemies":"Cultist","floor":12,"turns":3},{"damage":51,"enemies":"Slime Boss","floor":16,"turns":11}],"seed_played":"3204299435807965154","potions_obtained":[],"is_trial":false,"path_per_floor":["M","$","M","?","?","E","R","E","T","?","E","M","R","?","R","B"],"character_chosen":"HUNTRESS","items_purchased":["DemoMod:HungryBullets"],"campfire_rested":1,"item_purchase_floors":[2],"current_hp_per_floor":[70,70,70,59,59,59,59,16,16,16,12,12,42,42,51,0,0],"gold":239,"neow_bonus":"THREE_ENEMY_KILL","is_daily":false,"chose_seed":false,"campfire_upgraded":2,"win_rate":0.0,"timestamp":1613100145,"path_taken":["M","$","M","?","?","E","R","E","T","?","E","M","R","?","R","BOSS"],"items_purchased_type":["Card"],"build_version":"2020-12-22","purchased_purges":0,"victory":false,"max_hp_per_floor":[70,70,70,70,70,70,70,70,70,70,70,70,70,70,70,70,70],"card_choices":[{"not_picked":["DemoMod:Casey","DemoMod:BattleInHaste"],"picked":"DemoMod:Camera","floor":1},{"not_picked":["DemoMod:ChanceBullets","DemoMod:Unmoved"],"picked":"DemoMod:LifeOrb","floor":3},{"not_picked":["DemoMod:LifeOrb","DemoMod:ChanceBullets","DemoMod:BoxingGlove"],"picked":"SKIP","floor":6},{"not_picked":["DemoMod:LifeOrb","DemoMod:ChanceBullets","DemoMod:BoxingGlove"],"picked":"SKIP","floor":6},{"not_picked":["DemoMod:JK47","DemoMod:MachoBrace","DemoMod:Casey"],"picked":"SKIP","floor":8},{"not_picked":["DemoMod:ConditionalReflex","DemoMod:StrategicReserve"],"picked":"DemoMod:CursedBullets","floor":11},{"not_picked":["DemoMod:SniperShot","DemoMod:DoubleSwitch"],"picked":"DemoMod:Desperate","floor":12}],"player_experience":2482112,"relics_obtained":[{"floor":6,"key":"DemoMod:AgedBell"},{"floor":6,"key":"PreservedInsect"},{"floor":8,"key":"Turnip"},{"floor":9,"key":"Orichalcum"},{"floor":11,"key":"Eternal Feather"}],"event_choices":[{"damage_healed":0,"gold_gain":75,"player_choice":"Gather Gold","damage_taken":11,"max_hp_gain":0,"max_hp_loss":0,"event_name":"World of Goop","floor":4,"gold_loss":0},{"damage_healed":0,"gold_gain":0,"player_choice":"Leave","damage_taken":0,"max_hp_gain":0,"max_hp_loss":0,"event_name":"The Cleric","floor":5,"gold_loss":0},{"damage_healed":0,"gold_gain":0,"player_choice":"Ignored","damage_taken":0,"max_hp_gain":0,"max_hp_loss":0,"event_name":"Golden Wing","floor":10,"gold_loss":0},{"damage_healed":0,"gold_gain":0,"player_choice":"Paid Gold","damage_taken":0,"relics_obtained":["Toy Ornithopter"],"max_hp_gain":0,"max_hp_loss":0,"event_name":"WeMeetAgain","floor":14,"gold_loss":67}],"is_beta":false,"boss_relics":[],"items_purged_floors":[],"is_endless":false,"potions_floor_spawned":[],"killed_by":"Slime Boss","ascension_level":3}}