{"host":"o6nndy8fvkon49s1","time":1613150775,"event":{"mods":["BaseMod","CapriCore","Hermit","Marisa????????","Minty Spire (QoL Compilation)","Prisma Mod","StSLib","Td1madao Mod","The Administrix","The Fake Hero","The Forsaken","The Immortal","The Marked","The Necromancer","The Servant 0.9.4"],"gold_per_floor":[115,130,130,49,68,68,88,88,140,42,58,58,74,94,94,194,194,212,232,246,246,246],"floor_reached":21,"language":"ENG","playtime":760,"items_purged":[],"score":175,"play_id":"1ce6d589-c0ea-4d0c-845c-ff9814fcf682","local_time":"20210212112615","is_ascension_mode":false,"campfire_choices":[{"data":"Machining","floor":6,"key":"SMITH"},{"data":"Fire Up","floor":8,"key":"SMITH"},{"floor":15,"key":"REST"}],"circlet_count":0,"master_deck":["Strike_C","Strike_C","Strike_C","Strike_C","Defend_C","Defend_C","Defend_C","Defend_C","Knight Kick","Chip","New Defend Magic","Machining+1","Coercion","Fire Up+1","Fire Up+1","Pod Laser","Cooling Song","Im Angry","Winding Magic","Here Defend Chip","Floating Swing Kick"],"relics":["Apod","Potion Belt","Sozu"],"acts_visited":["Exordium","TheCity"],"potions_floor_usage":[13,13,16],"damage_taken":[{"damage":3,"enemies":"Small Slimes","floor":1,"turns":3},{"damage":10,"enemies":"Cultist","floor":2,"turns":4},{"damage":1,"enemies":"2 Louse","floor":5,"turns":5},{"damage":12,"enemies":"Looter","floor":7,"turns":4},{"damage":12,"enemies":"Blue Slaver","floor":11,"turns":3},{"damage":3,"enemies":"Lots of Slimes","floor":13,"turns":3},{"damage":6,"enemies":"Large Slime","floor":14,"turns":6},{"damage":40,"enemies":"Hexaghost","floor":16,"turns":7},{"damage":16,"enemies":"Chosen","floor":18,"turns":5},{"damage":15,"enemies":"Shell Parasite","floor":19,"turns":5},{"damage":22,"enemies":"Snake Plant","floor":20,"turns":4},{"damage":18,"enemies":"Centurion and Healer","floor":21,"turns":2}],"seed_played":"1120702523791702233","potions_obtained":[{"floor":3,"key":"Strength Potion"},{"floor":3,"key":"Ancient Potion"},{"floor":3,"key":"DistilledChaos"},{"floor":5,"key":"Fire Potion"},{"floor":11,"key":"Fire Potion"},{"floor":13,"key":"GamblersBrew"}],"is_trial":false,"path_per_floor":["M","M","?","$","M","R","M","R","T","$","M","?","M","M","R","B",null,"M","M","M","M"],"character_chosen":"TD1MADAO_CLASS","items_purchased":["Coercion","Block Potion","Strength Potion"],"campfire_rested":1,"item_purchase_floors":[4,10,10],"current_hp_per_floor":[74,64,64,64,63,63,51,51,51,51,39,39,36,30,53,13,77,61,46,24,6,6],"gold":246,"neow_bonus":"TEN_PERCENT_HP_BONUS","is_daily":false,"chose_seed":false,"campfire_upgraded":2,"win_rate":0.0,"timestamp":1613150775,"path_taken":["M","M","?","$","?","R","M","R","T","$","M","?","M","M","R","BOSS","M","M","?","M"],"items_purchased_type":["Card","Potion","Potion"],"build_version":"2020-12-22","purchased_purges":0,"victory":false,"max_hp_per_floor":[77,77,77,77,77,77,77,77,77,77,77,77,77,77,77,77,77,77,77,77,77,77],"card_choices":[{"not_picked":["Black Shadow","Rupture"],"picked":"New Defend Magic","floor":1},{"not_picked":["Black Warm Hole","Twin Teeth"],"picked":"Machining","floor":2},{"not_picked":["Money Cant Rescue","Lunge","Provocative"],"picked":"SKIP","floor":5},{"not_picked":["Fixing","Floating Swing Kick"],"picked":"Fire Up","floor":7},{"not_picked":["Three Hit","Preloading"],"picked":"Fire Up","floor":11},{"not_picked":["Recovery Mechanism","Machining"],"picked":"Pod Laser","floor":13},{"not_picked":["Twin Teeth","Lunge"],"picked":"Cooling Song","floor":14},{"not_picked":["Data Freezing","Furious"],"picked":"Im Angry","floor":16},{"not_picked":["Black Hand+1","White Contract"],"picked":"Winding Magic","floor":18},{"not_picked":["Recovery Mechanism","Black Execution"],"picked":"Here Defend Chip","floor":19},{"not_picked":["Reinforcement Parts","Sub Weapons+1"],"picked":"Floating Swing Kick","floor":20}],"player_experience":229569,"relics_obtained":[{"floor":9,"key":"Potion Belt"}],"event_choices":[{"damage_healed":0,"gold_gain":0,"player_choice":"Got Potions","damage_taken":0,"max_hp_gain":0,"max_hp_loss":0,"event_name":"Lab","floor":3,"gold_loss":0},{"damage_healed":0,"gold_gain":0,"player_choice":"Upgraded","damage_taken":0,"max_hp_gain":0,"max_hp_loss":0,"event_name":"Upgrade Shrine","floor":12,"gold_loss":0,"cards_upgraded":["Fire Up"]}],"is_beta":false,"boss_relics":[{"not_picked":["Velvet Choker","Busted Crown"],"picked":"Sozu"}],"items_purged_floors":[],"is_endless":false,"potions_floor_spawned":[5,11,13,20],"killed_by":"Centurion and Healer","ascension_level":0}}