{"host":"6r9t33axn0fzb9aq","time":1613134830,"event":{"mods":["Aspiration","BaseMod","Better Altar","Better Match","Better Note","Better Third Choice","Bossed Relics","CatGirl Mod","Clockwork Mod","Colored Map","Colored Powertips","Conspire","Curses Come First","Custom Start","Energized Spire","Halation","Hubris","Infinite Spire","Koishi","Marisa????????","Minty Spire (QoL Compilation)","Onozuka Komachi Mod","Poor People Problems","Reliquary","Remilia??????","Replay The Spire","Reworked Bosses","Shade Mod","Spicy Shops","Spire Arcade","StSLib","The Blue Laboratory","The Cursed","The Death Knight","The Hierophant","The Marked","The Necromancer","The Servant 0.9.4","TheHero","Trackpad","Waifu the Spire","Wandering Minibosses"],"gold_per_floor":[113,113,130,130,130,130,145,171,195,249,249,249,276,294,294,394,394,411,424,424,424,424,456,456,456],"floor_reached":24,"language":"ENG","playtime":1966,"items_purged":[],"score":233,"play_id":"87a56c9e-c5f7-4568-8d55-f4da1f4f329c","local_time":"20210212130030","is_ascension_mode":true,"campfire_choices":[{"data":"Blade Dance","floor":6.0,"key":"SMITH"},{"floor":15,"key":"REST"}],"circlet_count":0,"master_deck":["Strike_G","Strike_G","Strike_G","Strike_G","Strike_G","Defend_G","Defend_G","Defend_G","Defend_G","Defend_G","Survivor","Neutralize","Blade Dance+1","Flying Knee","Slice","ReplayTheSpireMod:Shiv Toss","Calculated Gamble","Underhanded Strike","Die Die Die","Infinite Blades","Underhanded Strike","ReplayTheSpireMod:Scrap Shanks"],"relics":["Ring of the Snake","aspiration:Nostalgia","Koishi:ImaginaryFriend","Sundial","Replay:Baseball","trackpad:Mousetrap","hubris:ToyBattleship","ReplayFunnel","Sozu","Enchiridion","halation:PenCase","aspiration:SecretTechniqueScroll","StoneCalendar"],"acts_visited":["Exordium","TheCity"],"potions_floor_usage":[],"damage_taken":[{"damage":0.0,"enemies":"2 Louse","floor":1.0,"turns":3.0},{"damage":1.0,"enemies":"Cultist","floor":3.0,"turns":7.0},{"damage":0.0,"enemies":"conspire:RoseBush","floor":7.0,"turns":3.0},{"damage":16.0,"enemies":"Lagavulin","floor":8.0,"turns":6.0},{"damage":28.0,"enemies":"Gremlin Nob","floor":13.0,"turns":4.0},{"damage":1.0,"enemies":"Exordium Thugs","floor":14.0,"turns":5.0},{"damage":33,"enemies":"Fading Forest","floor":16,"turns":11},{"damage":0,"enemies":"conspire:FuzzyDice","floor":18,"turns":7},{"damage":10,"enemies":"Shell Parasite","floor":19,"turns":5},{"damage":15,"enemies":"Nightmare","floor":23,"turns":12},{"damage":29,"enemies":"Snake Plant","floor":24,"turns":4}],"seed_played":"-3029257271092132258","potions_obtained":[{"floor":3.0,"key":"Poison Potion"},{"floor":13.0,"key":"blueLaboratory:Moonshine"},{"floor":14.0,"key":"FearPotion"},{"floor":16,"key":"blueLaboratory:BottledHope"}],"is_trial":false,"path_per_floor":["M","?","M","?","$","R","M","E","T","T","?","$","E","M","R","B",null,"M","M","?","AVR","?","NM","M"],"character_chosen":"THE_SILENT","items_purchased":[],"campfire_rested":1,"item_purchase_floors":[],"current_hp_per_floor":[70,70,69,69,69,69,69,53,53,53,53,53,25,24,45,22,70,70,60,44,44,44,29,0,0],"gold":456,"neow_bonus":"NOSTALGIA","is_daily":false,"chose_seed":false,"campfire_upgraded":1,"win_rate":0.0,"timestamp":1613134830,"path_taken":["M","?","?","?","?","R","?","E","T","?","?","$","E","M","R_BF","BOSS","M","M","?","AVR","?","NM","M"],"items_purchased_type":[],"build_version":"2020-12-22","purchased_purges":0,"victory":false,"max_hp_per_floor":[70,70,70,70,70,70,70,70,70,70,70,70,70,70,70,70,70,70,70,70,70,70,70,70,70],"card_choices":[{"not_picked":["Replay:Poison Smokescreen","ReplayTheSpireMod:Exploit Weakness"],"picked":"Deflect","floor":1.0},{"not_picked":["Deflect","Sucker Punch"],"picked":"Blade Dance","floor":3.0},{"not_picked":["Catalyst","Noxious Fumes"],"picked":"Flying Knee","floor":7.0},{"not_picked":["Tactician","Dagger Throw"],"picked":"Slice","floor":8.0},{"not_picked":["Draining Mist","hubris:Counter"],"picked":"Calculated Gamble","floor":13.0},{"not_picked":["Poisoned Stab","Escape Plan"],"picked":"Underhanded Strike","floor":14.0},{"not_picked":["Malaise","Unload"],"picked":"Die Die Die","floor":16},{"not_picked":["Endless Agony","Bane"],"picked":"Infinite Blades","floor":18},{"not_picked":["Sucker Punch","Heel Hook"],"picked":"Underhanded Strike","floor":19},{"not_picked":["Burst","Fluid Movement+1"],"picked":"ReplayTheSpireMod:Scrap Shanks","floor":23}],"player_experience":455058,"relics_obtained":[{"floor":8.0,"key":"Replay:Baseball"},{"floor":9.0,"key":"trackpad:Mousetrap"},{"floor":10.0,"key":"hubris:ToyBattleship"},{"floor":13.0,"key":"ReplayFunnel"},{"floor":20,"key":"Enchiridion"},{"floor":23,"key":"StoneCalendar"}],"event_choices":[{"cards_removed":["Deflect"],"damage_healed":0.0,"max_hp_gain":0.0,"max_hp_loss":0.0,"gold_gain":0.0,"event_name":"WeMeetAgain","player_choice":"Gave Card","floor":2.0,"gold_loss":0.0,"damage_taken":0.0,"relics_obtained":["Sundial"]},{"damage_healed":0.0,"max_hp_gain":0.0,"max_hp_loss":0.0,"gold_gain":0.0,"event_name":"The Woman in Blue","player_choice":"Bought 0 Potions","floor":4.0,"gold_loss":0.0,"damage_taken":0.0},{"damage_healed":0,"gold_gain":0,"player_choice":"Obtained Book","damage_taken":16,"max_hp_gain":0,"max_hp_loss":0,"event_name":"Cursed Tome","floor":20,"gold_loss":0},{"damage_healed":0,"gold_gain":0,"player_choice":"Ignored","damage_taken":0,"max_hp_gain":0,"max_hp_loss":0,"event_name":"Beggar","floor":22,"gold_loss":0}],"is_beta":false,"boss_relics":[{"not_picked":["energizedSpire:HugeHouse","infinitespire:Cupcake"],"picked":"Sozu"}],"items_purged_floors":[],"is_endless":true,"potions_floor_spawned":[3,13,14,16,18,19],"killed_by":"Snake Plant","ascension_level":1}}