{"host":"v4tuy5ykrbdcm9o9","time":1613105120,"event":{"mods":["BaseMod","Duelist Mod","Minty Spire (QoL Compilation)","Replay The Spire","StSLib"],"gold_per_floor":[118,129,143,143,211,237,237,273,273,273,273,307,336,376,376,499,499,427,461,485,16,16,65,98,152,202,224,15,34,59,102,102,221,221,244,272,272,306,333,378,378,416,466,32,92,92,147,52,52,66,66,66,17,75,89,89],"floor_reached":55,"language":"ENG","playtime":4875,"items_purged":["Normality"],"score":1465,"play_id":"c74ffc38-5b8a-41f8-8c0d-17919851029d","local_time":"20210211234520","is_ascension_mode":true,"campfire_choices":[{"floor":7,"key":"RECALL"},{"data":"Eruption","floor":10,"key":"SMITH"},{"floor":15,"key":"REST"},{"floor":32,"key":"REST"},{"floor":41,"key":"REST"},{"data":"Discovery","floor":49,"key":"SMITH"},{"floor":52,"key":"REST"}],"circlet_count":0,"master_deck":["Strike_P","Strike_P","Strike_P","Strike_P","Defend_P+2","Defend_P","Defend_P","Defend_P","Eruption+1","Vigilance","Perseverance","CrushJoints","CutThroughFate","CutThroughFate","EmptyMind","Evaluate","Halt","Alpha","Ragnarok","theDuelist:CurseAnubis","FlyingSleeves+1","Wallop","Wallop","WindmillStrike","Weave","Wallop+1","Halt","Swivel","Crescendo","EmptyFist+1","SandsOfTime","Judgement","CurseOfTheBell","Halt+1","ReachHeaven+1","ClearTheMind+1","CutThroughFate","SandsOfTime","Replay:BluntJabs+1","DeusExMachina","FollowUp","Discovery+1","FollowUp+1","JustLucky","CrushJoints+1"],"relics":["PureWater","Ring of Fury","Replay:Bandana","Pondfish Scales","PreservedInsect","Unceasing Top","Simple Rune","Replay:Ancient Bell","Bronze Scales","Iron Hammer","Ginger","Kunai","Replay:Bottled Steam","Onion Ring","ReplayTheSpireMod:TigerMarble","Replay:Ringing Soul","Calling Bell","Gremlin Food","HornCleat","Peace Pipe","Centennial Puzzle","CeramicFish","ReplayTheSpireMod:Lightbulb","Chameleon Ring","ReplayTheSpireMod:Ninjato","Bag of Marbles"],"acts_visited":["Exordium","TheCity","TheBeyond","TheEnding"],"potions_floor_usage":[6,8,16,18,19,20,23,30,31,33,36,38,45,55,55],"damage_taken":[{"damage":0,"enemies":"2 Louse","floor":1,"turns":3},{"damage":2,"enemies":"Jaw Worm","floor":2,"turns":5},{"damage":3,"enemies":"Cultist","floor":3,"turns":4},{"damage":11,"enemies":"Gremlin Nob","floor":6,"turns":3},{"damage":0,"enemies":"Lagavulin","floor":8,"turns":4},{"damage":6,"enemies":"Gremlin Gang","floor":12,"turns":4},{"damage":4,"enemies":"Exordium Wildlife","floor":13,"turns":3},{"damage":2,"enemies":"Replay:BlueRogue","floor":14,"turns":3},{"damage":0,"enemies":"Slime Boss","floor":16,"turns":3},{"damage":1,"enemies":"2 Thieves","floor":18,"turns":4},{"damage":1,"enemies":"Shell Parasite","floor":19,"turns":2},{"damage":0,"enemies":"Snake Plant","floor":20,"turns":2},{"damage":9,"enemies":"theDuelist:KaibaA2","floor":23,"turns":4},{"damage":4,"enemies":"Shelled Parasite and Fungi","floor":24,"turns":3},{"damage":3,"enemies":"Book of Stabbing","floor":25,"turns":3},{"damage":0,"enemies":"Centurion and Healer","floor":27,"turns":2},{"damage":0,"enemies":"Snecko","floor":29,"turns":2},{"damage":0,"enemies":"Sentry and Sphere","floor":30,"turns":3},{"damage":0,"enemies":"Slavers","floor":31,"turns":2},{"damage":30,"enemies":"Champ","floor":33,"turns":8},{"damage":0,"enemies":"Orb Walker","floor":35,"turns":2},{"damage":0,"enemies":"3 Shapes","floor":36,"turns":2},{"damage":0,"enemies":"Spire Growth","floor":38,"turns":5},{"damage":43,"enemies":"Sphere and 2 Shapes","floor":39,"turns":5},{"damage":20,"enemies":"Reptomancer","floor":40,"turns":5},{"damage":5,"enemies":"3 Darklings","floor":42,"turns":3},{"damage":32,"enemies":"Nemesis","floor":45,"turns":5},{"damage":0,"enemies":"Giant Head","floor":47,"turns":3},{"damage":140,"enemies":"Awakened One","floor":50,"turns":13},{"damage":24,"enemies":"Shield and Spear","floor":54,"turns":5},{"damage":84,"enemies":"The Heart","floor":55,"turns":3}],"seed_played":"180990931127467394","potions_obtained":[{"floor":1,"key":"Reflective Coating"},{"floor":3,"key":"ColorlessPotion"},{"floor":13,"key":"Swift Potion"},{"floor":14,"key":"Flashbang"},{"floor":18,"key":"BottledMiracle"},{"floor":19,"key":"AttackPotion"},{"floor":27,"key":"Ancient Potion"},{"floor":30,"key":"SteroidPotion"},{"floor":31,"key":"Energy Potion"},{"floor":33,"key":"Block Potion"},{"floor":36,"key":"LifebloodPotion"},{"floor":39,"key":"BlessingOfTheForge"}],"is_trial":false,"path_per_floor":["M","M","M","?","T","E","R","E","T","R","?","M","M","E","R","B",null,"M","M","M","$","?","E","M","E","T","M","$","M","M","E","R","B",null,"M","M","?","M","M","E","R","M","T","$","E","?","E","$","R","B",null,"R","$","E","B"],"character_chosen":"WATCHER","items_purchased":["Wallop","Kunai","FearPotion","Block Potion","FairyPotion","Swivel","Crescendo","DeusExMachina","FollowUp","ReplayTheSpireMod:Lightbulb","Discovery","CultistPotion","Strength Potion"],"campfire_rested":4,"item_purchase_floors":[21,21,21,21,28,28,28,44,44,44,44,48,53],"current_hp_per_floor":[72,70,67,67,67,56,56,56,56,56,44,38,34,32,55,55,73,72,71,71,71,71,62,58,55,55,55,55,55,55,58,82,55,81,84,87,92,95,55,38,68,66,66,69,40,98,101,101,101,45,87,101,101,80,0,0],"gold":89,"neow_bonus":"TEN_PERCENT_HP_BONUS","is_daily":false,"chose_seed":false,"campfire_upgraded":2,"win_rate":0.0,"timestamp":1613105120,"path_taken":["M","M","M","?","?","E","R","E","T","R","?","M","M","E","R","BOSS","M","M","M","$","?","E","M","E","T","M","$","?","M","E","R","BOSS","M","?","?","M","?","E","R","?","T","$","E","?","E","$","R","BOSS","R","$","E","BOSS"],"items_purchased_type":["Card","Relic","Potion","Potion","Potion","Card","Card","Card","Card","Relic","Card","Potion","Potion"],"build_version":"2020-12-22","purchased_purges":1,"victory":false,"max_hp_per_floor":[79,79,79,79,79,79,79,79,79,79,79,79,79,79,79,79,79,79,79,79,79,79,79,79,79,79,79,79,79,79,82,82,85,88,91,94,94,97,100,103,103,106,106,109,112,98,101,101,101,101,101,101,101,104,104,104],"card_choices":[{"not_picked":["Replay:Hum","FlurryOfBlows"],"picked":"Perseverance","floor":1},{"not_picked":["Protect","Consecrate"],"picked":"CrushJoints","floor":2},{"not_picked":["FlyingSleeves","WreathOfFlame"],"picked":"CutThroughFate","floor":3},{"not_picked":["Tantrum","Nirvana"],"picked":"CutThroughFate","floor":6},{"not_picked":["Replay:AtTheReady","PathToVictory"],"picked":"EmptyMind","floor":8},{"not_picked":["MasterReality","WheelKick"],"picked":"Evaluate","floor":12},{"not_picked":["CrushJoints","WheelKick"],"picked":"Halt","floor":13},{"not_picked":["SandsOfTime","TalkToTheHand"],"picked":"Alpha","floor":14},{"not_picked":["Brilliance","Replay:AllIn"],"picked":"Ragnarok","floor":16},{"not_picked":["theDuelist:SummoningCurse","Hallucinations"],"picked":"Sickly","floor":17},{"not_picked":["theDuelist:CurseAging","Languid"],"picked":"theDuelist:CurseAnubis","floor":17},{"not_picked":["Amnesia","Injury"],"picked":"ReplayTheSpireMod:IOU","floor":17},{"not_picked":["MentalFortress","Tantrum","PathToVictory+1"],"picked":"SKIP","floor":18},{"not_picked":["SashWhip","MasterReality"],"picked":"FlyingSleeves","floor":19},{"not_picked":["SashWhip","FlurryOfBlows+1"],"picked":"Wallop","floor":20},{"not_picked":["Crescendo","Establishment"],"picked":"WindmillStrike","floor":23},{"not_picked":["EmptyFist+1","Crescendo"],"picked":"Weave","floor":24},{"not_picked":["CutThroughFate+1","FlyingSleeves+1"],"picked":"Wallop+1","floor":25},{"not_picked":["BowlingBash","FlyingSleeves"],"picked":"Halt","floor":27},{"not_picked":["Protect+1","LikeWater"],"picked":"EmptyFist+1","floor":29},{"not_picked":["Tantrum","SignatureMove","Protect"],"picked":"SKIP","floor":30},{"not_picked":["JustLucky","Evaluate"],"picked":"SandsOfTime","floor":31},{"not_picked":["Scrawl","Brilliance"],"picked":"Judgement","floor":33},{"not_picked":["CrushJoints+1","Replay:Battleflow+1"],"picked":"Halt+1","floor":35},{"not_picked":["LikeWater+1","Replay:DivineShield+1"],"picked":"ReachHeaven+1","floor":36},{"not_picked":["Replay:DivineShield","Evaluate"],"picked":"ClearTheMind+1","floor":38},{"not_picked":["Nirvana+1","Perseverance"],"picked":"CutThroughFate","floor":39},{"not_picked":["ThirdEye+1","Consecrate+1"],"picked":"SandsOfTime","floor":40},{"not_picked":["CutThroughFate","CrushJoints"],"picked":"Replay:BluntJabs+1","floor":42},{"not_picked":["SandsOfTime","ReachHeaven+1"],"picked":"FollowUp+1","floor":45},{"not_picked":["Ragnarok","Replay:AtTheReady"],"picked":"JustLucky","floor":47},{"not_picked":["SashWhip+1","Sanctity"],"picked":"CrushJoints+1","floor":54}],"player_experience":840302,"relics_obtained":[{"floor":4,"key":"Ring of Fury"},{"floor":6,"key":"Replay:Bandana"},{"floor":8,"key":"Pondfish Scales"},{"floor":9,"key":"PreservedInsect"},{"floor":14,"key":"Simple Rune"},{"floor":23,"key":"Replay:Bottled Steam"},{"floor":25,"key":"Onion Ring"},{"floor":26,"key":"ReplayTheSpireMod:TigerMarble"},{"floor":31,"key":"Replay:Ringing Soul"},{"floor":34,"key":"Gremlin Food"},{"floor":34,"key":"HornCleat"},{"floor":34,"key":"Peace Pipe"},{"floor":40,"key":"Centennial Puzzle"},{"floor":43,"key":"CeramicFish"},{"floor":45,"key":"Chameleon Ring"},{"floor":47,"key":"ReplayTheSpireMod:Ninjato"},{"floor":54,"key":"Bag of Marbles"}],"event_choices":[{"damage_healed":0,"gold_gain":0,"player_choice":"Success","damage_taken":12,"relics_obtained":["Unceasing Top"],"max_hp_gain":0,"max_hp_loss":0,"event_name":"Scrap Ooze","floor":11,"gold_loss":0},{"cards_removed":["Sickly"],"damage_healed":0,"gold_gain":0,"player_choice":"Purged","damage_taken":0,"max_hp_gain":0,"max_hp_loss":0,"event_name":"Purifier","floor":22,"gold_loss":0},{"cards_removed":["Crescendo"],"damage_healed":5,"gold_gain":0,"player_choice":"Offered Common","damage_taken":0,"max_hp_gain":0,"max_hp_loss":0,"event_name":"Bonfire Elementals","floor":37,"gold_loss":0},{"cards_removed":["Crescendo"],"damage_healed":5,"gold_gain":0,"player_choice":"Offered Special","damage_taken":0,"max_hp_gain":0,"max_hp_loss":0,"event_name":"Bonfire Elementals","floor":37,"gold_loss":0},{"damage_healed":98,"gold_gain":0,"player_choice":"Heal","damage_taken":0,"max_hp_gain":0,"max_hp_loss":14,"event_name":"The Moai Head","floor":46,"gold_loss":0}],"is_beta":false,"boss_relics":[{"not_picked":["Sozu","Pandora\u0027s Box"],"picked":"Replay:Ancient Bell"},{"not_picked":["Anchor","Blue Doll"],"picked":"Bronze Scales"},{"not_picked":["Ornamental Fan","Molten Egg 2"],"picked":"Iron Hammer"},{"not_picked":["GoldenEye","Thread and Needle"],"picked":"Ginger"},{"not_picked":["Abe\u0027s Treasure","Tiny House"],"picked":"Calling Bell"}],"items_purged_floors":[21],"is_endless":false,"potions_floor_spawned":[1,3,13,14,18,19,27,29,30,31,33,36,39,40],"killed_by":"The Heart","ascension_level":8}}