{"host":"8is2j71l4wmybkoi","time":1613140183,"event":{"mods":["AchievementEnabler","BaseMod","Colored Map","DeckTracker","Minty Spire (QoL Compilation)","Rare Cards Sparkle","Relic Stats","StSLib","SuperFastMode"],"gold_per_floor":[109,109,121,121,121,121,454,474,474,474,474,24,24,58,58,132,132,144,156,170,170,188,188,215,215,215,215,232,232,232,246,246,246,246],"floor_reached":33,"language":"KOR","playtime":926,"items_purged":["Defend_G"],"score":478,"play_id":"767ea7d8-3166-4606-83c2-af0d82d3b6ca","local_time":"20210212232943","is_ascension_mode":true,"campfire_choices":[{"floor":6,"key":"REST"},{"floor":11,"key":"REST"},{"floor":13,"key":"REST"},{"data":"1","floor":15,"key":"LIFT"},{"data":"2","floor":23,"key":"LIFT"},{"data":"3","floor":25,"key":"LIFT"},{"data":"Finisher","floor":27,"key":"SMITH"},{"floor":30,"key":"RECALL"},{"data":"PiercingWail","floor":32,"key":"SMITH"}],"circlet_count":0,"master_deck":["AscendersBane","Strike_G+1","Strike_G","Strike_G","Strike_G","Strike_G","Defend_G+1","Defend_G","Defend_G","Survivor","Neutralize+1","Escape Plan","Dagger Throw","Dagger Spray","Backflip","Finisher+1","Heel Hook","Die Die Die","PiercingWail+1","Heel Hook","PiercingWail+1","Endless Agony","Backstab"],"relics":["Ring of the Snake","Sundial","Old Coin","Pantograph","Lantern","Shuriken","Girya","Sozu","Unceasing Top","Ancient Tea Set"],"acts_visited":["Exordium","TheCity"],"potions_floor_usage":[7,16],"damage_taken":[{"damage":0,"enemies":"Cultist","floor":1,"turns":4},{"damage":8,"enemies":"Jaw Worm","floor":3,"turns":5},{"damage":33,"enemies":"Gremlin Nob","floor":7,"turns":6},{"damage":8,"enemies":"2 Louse","floor":8,"turns":3},{"damage":12,"enemies":"Lagavulin","floor":14,"turns":5},{"damage":12,"enemies":"Slime Boss","floor":16,"turns":7},{"damage":6,"enemies":"Shell Parasite","floor":18,"turns":4},{"damage":0,"enemies":"3 Byrds","floor":19,"turns":3},{"damage":4,"enemies":"Centurion and Healer","floor":20,"turns":3},{"damage":0,"enemies":"Snake Plant","floor":22,"turns":4},{"damage":21,"enemies":"Slavers","floor":24,"turns":4},{"damage":0,"enemies":"Sentry and Sphere","floor":28,"turns":2},{"damage":0,"enemies":"Centurion and Healer","floor":31,"turns":3},{"damage":60,"enemies":"Champ","floor":33,"turns":9}],"seed_played":"-9030345653065863737","potions_obtained":[{"floor":1,"key":"GhostInAJar"},{"floor":7,"key":"SmokeBomb"},{"floor":14,"key":"Explosive Potion"}],"is_trial":false,"path_per_floor":["M","T","M","?","?","R","E","M","T","?","R","$","R","E","R","B",null,"M","M","M","?","M","R","E","R","T","R","M","?","R","M","R","B"],"character_chosen":"THE_SILENT","items_purchased":["Shuriken","Backflip","Finisher"],"campfire_rested":3,"item_purchase_floors":[12,12,12],"current_hp_per_floor":[59,59,51,31,24,43,10,2,2,2,21,21,40,28,28,41,60,54,54,50,50,50,50,29,29,29,29,29,29,29,29,29,0,0],"gold":246,"neow_bonus":"UPGRADE_CARD","is_daily":false,"chose_seed":false,"campfire_upgraded":2,"win_rate":0.0,"timestamp":1613140183,"path_taken":["M","?","M","?","?","R","E","M","T","?","R","$","R","E","R","BOSS","M","M","M","?","M","R","E","R","T","R","M","?","R","M","R","BOSS"],"items_purchased_type":["Relic","Card","Card"],"build_version":"2020-12-22","purchased_purges":1,"victory":false,"max_hp_per_floor":[66,66,66,66,66,66,66,66,66,66,66,66,66,66,66,66,66,66,66,66,66,66,66,66,66,66,66,66,66,66,66,66,66,66],"relic_stats":{"Sozu":3,"counters":[14,62],"Sundial":[10],"Shuriken":[35],"Pantograph":50,"obtain_stats":[{"Sozu":17,"Girya":14,"Lantern":10,"Sundial":2,"Shuriken":12,"Pantograph":9,"Ancient Tea Set":26,"Unceasing Top":24,"Ring of the Snake":0,"Old Coin":7},{"Sozu":6,"Girya":5,"Lantern":4,"Sundial":1,"Shuriken":4,"Pantograph":4,"Ancient Tea Set":11,"Unceasing Top":11,"Ring of the Snake":0,"Old Coin":3},{"Sozu":30,"Girya":23,"Lantern":18,"Sundial":4,"Shuriken":18,"Pantograph":18,"Ancient Tea Set":48,"Unceasing Top":48,"Ring of the Snake":0,"Old Coin":15}],"Unceasing Top":[5],"Ring of the Snake":[28]},"card_choices":[{"not_picked":["Deadly Poison","Riddle With Holes"],"picked":"Escape Plan","floor":1},{"not_picked":["Sucker Punch","Deflect","Outmaneuver"],"picked":"SKIP","floor":3},{"not_picked":["Escape Plan","Bane"],"picked":"Dagger Throw","floor":7},{"not_picked":["Blade Dance","PiercingWail"],"picked":"Dagger Spray","floor":8},{"not_picked":["Bouncing Flask","Malaise"],"picked":"Heel Hook","floor":14},{"not_picked":["Phantasmal Killer","Bullet Time"],"picked":"Die Die Die","floor":16},{"not_picked":["Backflip","Flying Knee"],"picked":"PiercingWail","floor":18},{"not_picked":["Poisoned Stab","Quick Slash"],"picked":"Heel Hook","floor":19},{"not_picked":["Choke","Predator"],"picked":"PiercingWail+1","floor":20},{"not_picked":["All Out Attack","Noxious Fumes"],"picked":"Endless Agony","floor":22},{"not_picked":["Choke","Terror"],"picked":"Backstab","floor":24},{"not_picked":["Masterful Stab","Slice","Endless Agony"],"picked":"SKIP","floor":28},{"not_picked":["Dagger Throw","Deadly Poison","PiercingWail+1"],"picked":"SKIP","floor":31}],"player_experience":1162754,"relics_obtained":[{"floor":2,"key":"Sundial"},{"floor":7,"key":"Old Coin"},{"floor":9,"key":"Pantograph"},{"floor":14,"key":"Girya"},{"floor":24,"key":"Unceasing Top"},{"floor":26,"key":"Ancient Tea Set"}],"event_choices":[{"damage_healed":0,"gold_gain":0,"player_choice":"Entered Light","damage_taken":20,"max_hp_gain":0,"max_hp_loss":0,"event_name":"Shining Light","floor":4,"gold_loss":0,"cards_upgraded":["Strike_G","Defend_G"]},{"cards_removed":["Defend_G"],"damage_healed":0,"gold_gain":0,"player_choice":"Card Removal","damage_taken":7,"max_hp_gain":0,"max_hp_loss":0,"event_name":"Golden Wing","floor":5,"gold_loss":0},{"damage_healed":0,"gold_gain":0,"player_choice":"Gave Potion","damage_taken":0,"relics_obtained":["Lantern"],"max_hp_gain":0,"max_hp_loss":0,"event_name":"WeMeetAgain","floor":10,"gold_loss":0},{"damage_healed":0,"gold_gain":0,"player_choice":"Ignored","damage_taken":0,"max_hp_gain":0,"max_hp_loss":0,"event_name":"The Mausoleum","floor":21,"gold_loss":0},{"damage_healed":0,"gold_gain":0,"player_choice":"Ignored","damage_taken":0,"max_hp_gain":0,"max_hp_loss":0,"event_name":"Ghosts","floor":29,"gold_loss":0}],"is_beta":false,"boss_relics":[{"not_picked":["Fusion Hammer","WristBlade"],"picked":"Sozu"}],"items_purged_floors":[12],"is_endless":false,"potions_floor_spawned":[1,7,14,19,22,31],"killed_by":"Champ","ascension_level":15}}