{"host":"Cenci","time":1613120768,"event":{"mods":["BaseMod","Downfall","Highlight Path","Minty Spire (QoL Compilation)","StSLib"],"gold_per_floor":[99,116,216,316,333,346,371,381,381,400,19,53,53,81,99,199,199,199,215,415,415,430,630,653,687,706,606,624,624,524,524,535,639,639,639,654,674,274,274,284,309,320,350,350,350,369,269,283,295,295,295,328,25,25,25,25,25,25],"floor_reached":56,"language":"ENG","playtime":2839,"items_purged":["downfall:Haunted","downfall:Bewildered"],"score":1026,"play_id":"8712dfae-6c5e-44fb-85dd-20c54cf1aec2","local_time":"20210212100608","is_ascension_mode":true,"campfire_choices":[{"data":"champ:Taunt","floor":1.0,"key":"SMITH"},{"floor":9.0,"key":"REST"},{"data":"Trip","floor":18.0,"key":"SMITH"},{"floor":27.0,"key":"RECALL"},{"data":"J.A.X.","floor":30.0,"key":"SMITH"},{"data":"champ:Improvising","floor":35,"key":"SMITH"},{"data":"champ:Duel","floor":47,"key":"SMITH"},{"data":"champ:Encircle","floor":54,"key":"SMITH"}],"circlet_count":0,"master_deck":["champ:Strike+1","champ:Strike","champ:Defend","champ:Defend","champ:Defend","champ:Execute+1","champ:Taunt+1","champ:EnGarde+1","champ:RisingSlash","champ:FaceSlap+1","champ:RisingSlash","champ:CrownThrow","champ:FanOfKnives+1","champ:CrownThrow","champ:FanOfKnives","champ:VampiricStrike","champ:FaceSlap","champ:Duel+1","Trip+1","champ:FanOfKnives","champ:EnGarde+1","champ:Improvising+1","J.A.X.+1","champ:AdrenalArmor","champ:BringItOn","champ:Encircle+1","champ:Haymaker+1","Necronomicurse","champ:VampiricStrike","champ:Encircle+1","champ:CrownThrow+1","Doubt","champ:BringItOn+1","champ:Haymaker+1"],"relics":["champ:ChampionCrown","Champion Belt","PreservedInsect","champ:Barbells","Pear","Darkstone Periapt","champ:PowerArmor","Toy Ornithopter","downfall:HeartBlessingBlue","Necronomicon","downfall:HeartBlessingRed","sneckomod:BabySnecko","Runic Pyramid","Membership Card","Mercury Hourglass","Orichalcum","Bronze Scales","Kunai","downfall:HeartBlessingGreen","Sundial","Mango","Torii"],"acts_visited":["Exordium","TheCity","TheBeyond","TheEnding"],"potions_floor_usage":[33,33,43,50,56,56],"damage_taken":[{"damage":10.0,"enemies":"Jaw Worm","floor":2.0,"turns":3.0},{"damage":60.0,"enemies":"Jaw Worm","floor":4.0,"turns":5.0},{"damage":17.0,"enemies":"2 Louse","floor":5.0,"turns":4.0},{"damage":27.0,"enemies":"Small Slimes","floor":6.0,"turns":3.0},{"damage":0.0,"enemies":"2 Fungi Beasts","floor":8.0,"turns":2.0},{"damage":28.0,"enemies":"Exordium Wildlife","floor":10.0,"turns":3.0},{"damage":45.0,"enemies":"downfall:FleeingMerchant","floor":11.0,"turns":4.0},{"damage":22.0,"enemies":"3 Sentries","floor":12.0,"turns":2.0},{"damage":10.0,"enemies":"Gremlin Nob","floor":14.0,"turns":3.0},{"damage":8.0,"enemies":"3 Louse","floor":15.0,"turns":2.0},{"damage":31.0,"enemies":"WA_ARCHETYPE_RETAIN","floor":16.0,"turns":4.0},{"damage":19.0,"enemies":"Shell Parasite","floor":19.0,"turns":4.0},{"damage":16.0,"enemies":"Spheric Guardian","floor":22.0,"turns":3.0},{"damage":28.0,"enemies":"downfall:FleeingMerchant","floor":23.0,"turns":4.0},{"damage":25.0,"enemies":"Book of Stabbing","floor":25.0,"turns":3.0},{"damage":38.0,"enemies":"Shelled Parasite and Fungi","floor":26.0,"turns":3.0},{"damage":20.0,"enemies":"Chosen and Byrds","floor":28.0,"turns":2.0},{"damage":23.0,"enemies":"Snake Plant","floor":32.0,"turns":3.0},{"damage":48,"enemies":"IC_MUSHROOM_ARCHETYPE","floor":33,"turns":7},{"damage":15,"enemies":"Orb Walker","floor":36,"turns":3},{"damage":26,"enemies":"3 Darklings","floor":37,"turns":2},{"damage":44,"enemies":"4 Shapes","floor":40,"turns":2},{"damage":23,"enemies":"Maw","floor":42,"turns":3},{"damage":35,"enemies":"Reptomancer","floor":43,"turns":4},{"damage":11,"enemies":"Jaw Worm Horde","floor":46,"turns":2},{"damage":19,"enemies":"Spire Growth","floor":48,"turns":4},{"damage":17,"enemies":"Writhing Mass","floor":49,"turns":2},{"damage":44,"enemies":"SI_POISON_ARCHETYPE","floor":50,"turns":5},{"damage":67,"enemies":"downfall:CharBossMerchant","floor":52,"turns":6},{"damage":75,"enemies":"downfall:NeowBoss","floor":55,"turns":10},{"damage":112,"enemies":"downfall:NeowBossFinal","floor":56,"turns":6}],"seed_played":"-4749663801762491192","potions_obtained":[{"floor":5.0,"key":"AttackPotion"},{"floor":10.0,"key":"hexamod:SoulburnPotion"},{"floor":12.0,"key":"FearPotion"},{"floor":14.0,"key":"Ancient Potion"},{"floor":33,"key":"SmokeBomb"},{"floor":37,"key":"SteroidPotion"},{"floor":40,"key":"LiquidMemories"},{"floor":46,"key":"hexamod:SoulburnPotion"}],"is_trial":false,"path_per_floor":["R","M","?","?","M","M","T","M","R","M","$","E","?","E","M","B",null,"R","M","?","?","M","$","T","E","M","R","M","?","R","?","M","B",null,"R","M","M","?","?","M","T","M","E","?","?","M","R","M","M","B",null,"E","$","R","B","B"],"character_chosen":"THE_CHAMP","items_purchased":["champ:FaceSlap","champ:Barbells","champ:Duel","Trip","champ:Encircle","Membership Card","Mercury Hourglass","Orichalcum","Mango","Torii"],"campfire_rested":1,"item_purchase_floors":[11,11,11,11,23,38,38,38,53,53],"current_hp_per_floor":[81,81,81,41,39,27,27,27,51,43,38,46,46,46,43,42,79,79,70,76,76,70,62,62,57,34,44,44,34,34,40,27,3,90,90,80,54,54,54,30,30,27,22,125,125,124,124,110,98,99,119,82,96,96,61,0,0,0],"gold":25,"neow_bonus":"TRANSFORM_TWO_CARDS","is_daily":false,"chose_seed":false,"campfire_upgraded":6,"win_rate":0.0,"timestamp":1613120768,"path_taken":["R","M","?","?","M","M","T","M","R","M","$","E","?","E","M","BOSS","R","M","?","?","M","$","T","E","M","R","M","?","R","?","M","BOSS","R","M","M","?","?","M","T","?","E","?","?","M","R","?","M","BOSS","E","$","R","BOSS","BOSS"],"items_purchased_type":["Card","Relic","Card","Card","Card","Relic","Relic","Relic","Relic","Relic"],"build_version":"2020-11-17","purchased_purges":2,"victory":false,"max_hp_per_floor":[81,81,81,81,81,81,81,81,81,81,81,91,91,91,91,91,91,91,91,97,97,97,97,97,97,97,107,107,113,113,119,119,119,119,119,119,119,119,119,119,119,119,119,125,125,125,125,125,125,125,125,125,139,139,139,139,139,139],"card_choices":[{"not_picked":["champ:Backstep","champ:Circumvent"],"picked":"champ:FaceSlap","floor":2.0},{"not_picked":["champ:Circumvent","champ:TornadoPunch"],"picked":"champ:RisingSlash","floor":4.0},{"not_picked":["champ:Circumvent","champ:ShieldSigil"],"picked":"champ:CrownThrow","floor":5.0},{"not_picked":["champ:Circumvent","champ:RageSigil"],"picked":"champ:FanOfKnives","floor":6.0},{"not_picked":["champ:ShieldSlam","champ:PreciseThrust"],"picked":"champ:CrownThrow","floor":8.0},{"not_picked":["champ:CrookedStrike","champ:DefensiveShout"],"picked":"champ:FanOfKnives","floor":10.0},{"not_picked":["champ:StanceDance","champ:Circumvent"],"picked":"champ:VampiricStrike","floor":11.0},{"not_picked":["champ:GutPunch","champ:PerfectedStrike","champ:DefensiveStyle"],"picked":"SKIP","floor":12.0},{"not_picked":["champ:CrookedStrike","champ:Backstep"],"picked":"champ:FanOfKnives","floor":14.0},{"not_picked":["champ:ShieldSlam","champ:FalseCounter"],"picked":"champ:EnGarde","floor":15.0},{"not_picked":["champ:EnchantSword","champ:SteelEdge"],"picked":"champ:Improvising","floor":16.0},{"not_picked":["champ:DefensiveShout","champ:ArenaPreparation","champ:PreciseThrust"],"picked":"SKIP","floor":19.0},{"not_picked":["champ:ShieldSigil","champ:GutPunch+1"],"picked":"champ:AdrenalArmor","floor":22.0},{"not_picked":["champ:ShieldSigil+1","champ:ShieldSlam"],"picked":"champ:BringItOn","floor":23.0},{"not_picked":["champ:DefensiveStyle","champ:StanceDance"],"picked":"champ:Haymaker+1","floor":25.0},{"not_picked":["champ:RapidStrikes+1","champ:TornadoPunch","champ:RageSigil"],"picked":"SKIP","floor":26.0},{"not_picked":["champ:CalledShot","champ:GutPunch","champ:FanOfKnives"],"picked":"SKIP","floor":28.0},{"not_picked":["champ:HeartStrike+1","champ:Circumvent","champ:EnGarde"],"picked":"SKIP","floor":32.0},{"not_picked":["champ:StrikeOfGenius","champ:CheapShot"],"picked":"champ:VampiricStrike","floor":33},{"not_picked":["champ:StanceDance","champ:ShieldSlam","champ:CrownThrow"],"picked":"SKIP","floor":36},{"not_picked":["champ:FanOfKnives+1","champ:Shatter"],"picked":"champ:Encircle","floor":37},{"not_picked":["champ:EnGarde+1","champ:Backstep"],"picked":"champ:CrownThrow+1","floor":40},{"not_picked":["champ:EndlessRage+1","champ:TornadoPunch","champ:HoldFirm"],"picked":"SKIP","floor":42},{"not_picked":["champ:ShieldSigil","champ:FlashCut+1","champ:Backstep+1"],"picked":"SKIP","floor":43},{"not_picked":["champ:SwordSigil","champ:FlashCut+1"],"picked":"champ:BringItOn+1","floor":46},{"not_picked":["champ:Backstep+1","champ:AdrenalArmor","champ:BerserkerStyle+1"],"picked":"SKIP","floor":48},{"not_picked":["champ:Shatter","champ:PerfectedStrike+1"],"picked":"champ:Haymaker+1","floor":49},{"not_picked":["champ:CrownThrow","champ:EnGarde+1","champ:FancyFootwork+1"],"picked":"SKIP","floor":52}],"player_experience":304336,"relics_obtained":[{"floor":4.0,"key":"Champion Belt"},{"floor":7.0,"key":"PreservedInsect"},{"floor":12.0,"key":"Pear"},{"floor":14.0,"key":"Darkstone Periapt"},{"floor":25.0,"key":"Toy Ornithopter"},{"floor":29.0,"key":"Necronomicon"},{"floor":41,"key":"Bronze Scales"},{"floor":43,"key":"Kunai"},{"floor":52,"key":"Sundial"}],"event_choices":[{"damage_healed":0.0,"max_hp_gain":0.0,"max_hp_loss":0.0,"gold_gain":0.0,"event_name":"Drug Dealer","player_choice":"Obtain J.A.X.","floor":21.0,"gold_loss":0.0,"damage_taken":0.0,"cards_obtained":["J.A.X."]},{"cards_removed":["champ:Strike"],"damage_healed":0,"gold_gain":0,"player_choice":"Card Removal","damage_taken":0,"max_hp_gain":0,"max_hp_loss":0,"event_name":"Wheel of Change","floor":39,"gold_loss":0},{"damage_healed":0,"gold_gain":0,"player_choice":"Forge","damage_taken":0,"max_hp_gain":0,"max_hp_loss":0,"event_name":"Accursed Blacksmith","floor":45,"gold_loss":0,"cards_upgraded":["champ:Execute"]}],"is_beta":true,"boss_relics":[{"not_picked":["Snecko Eye","Empty Cage"],"picked":"champ:PowerArmor"},{"not_picked":["Runic Dome","Sozu"],"picked":"Runic Pyramid"}],"items_purged_floors":[23,38],"is_endless":false,"potions_floor_spawned":[5,10,12,14,19,26,28,33,37,40,42,46,48],"killed_by":"downfall:NeowBossFinal","ascension_level":5}}