{"host":"cz96naaoibjp08st","time":1613133258,"event":{"mods":["Act Like it!","BaseMod","BetterRewards","Downfall","GifTheSpireLib","Hermit","Minty Spire (QoL Compilation)","Quick Restart","Replay The Spire","Robot Space Explorer","Shop Mod","StSLib","Together in Spire"],"gold_per_floor":[114,289,289,299,4,36,36,36,61,61,72,87,102,113,113,214,214,228,238,322,347,359,399,411,522,534,546,571,583,615,643,655,767,779,803,865,476,489,503,503,503],"floor_reached":40,"language":"ZHT","playtime":1864,"items_purged":["Doubt","Strike_R"],"score":610,"play_id":"482cd917-f860-493e-a9c9-cfa246879a3e","local_time":"20210212203418","is_ascension_mode":false,"campfire_choices":[{"data":"ReplayTheSpireMod:Stacked","floor":8,"key":"SMITH"},{"data":"Entrench","floor":10,"key":"SMITH"},{"data":"Demon Form","floor":15,"key":"SMITH"},{"data":"Barricade","floor":24,"key":"SMITH"},{"data":"Body Slam","floor":27,"key":"SMITH"},{"floor":32,"key":"REST"}],"circlet_count":0,"master_deck":["Strike_R","Strike_R","Strike_R","Strike_R","Defend_R","Defend_R+1","Defend_R","Defend_R+1","ReplayTheSpireMod:Stacked+1","Survivor","Neutralize","Pommel Strike","Entrench+1","Massacre","Shrug It Off","Demon Form+1","Shrug It Off","Barricade+1","Body Slam+1","Metallicize","ReplayTheSpireMod:Muscle Training","Rage","ReplayTheSpireMod:Limb From Limb+1","Battle Trance","Spot Weakness","Juggernaut","J.A.X.","Heavy Blade+1","Feed","Seeing Red","Burning Pact","Defy Death"],"relics":["Burning Blood","NeowsBlessing","War Paint","Blue Doll","Blood Vial","ChewingGum","MawBank","Replay:Wax Seal","Oddly Smooth Stone","Black Star","Bird Faced Urn","Toolbox","ReplayFunnel"],"acts_visited":["Exordium","TheCity","TheBeyond"],"potions_floor_usage":[18,23,23,31,33,33,40],"damage_taken":[{"damage":0,"enemies":"2 Louse","floor":1,"turns":1},{"damage":0,"enemies":"Jaw Worm","floor":4,"turns":1},{"damage":0,"enemies":"Lagavulin","floor":6,"turns":1},{"damage":2,"enemies":"Cultist","floor":11,"turns":5},{"damage":1,"enemies":"Gremlin Gang","floor":12,"turns":7},{"damage":2,"enemies":"Looter","floor":13,"turns":4},{"damage":8,"enemies":"Large Slime","floor":14,"turns":12},{"damage":9,"enemies":"Hexaghost","floor":16,"turns":11},{"damage":9,"enemies":"2 Thieves","floor":18,"turns":5},{"damage":0,"enemies":"Spheric Guardian","floor":19,"turns":4},{"damage":9,"enemies":"Snake Plant","floor":21,"turns":6},{"damage":32,"enemies":"Slavers","floor":23,"turns":6},{"damage":1,"enemies":"Cultist and Chosen","floor":28,"turns":5},{"damage":4,"enemies":"Chosen and Byrds","floor":30,"turns":5},{"damage":32,"enemies":"Centurion and Healer","floor":31,"turns":5},{"damage":21,"enemies":"Pondfish","floor":33,"turns":10},{"damage":41,"enemies":"3 Darklings","floor":35,"turns":5},{"damage":9,"enemies":"Mind Bloom Boss Battle","floor":36,"turns":12},{"damage":20,"enemies":"Orb Walker","floor":38,"turns":6},{"damage":20,"enemies":"Maw","floor":39,"turns":7},{"damage":54,"enemies":"Reptomancer","floor":40,"turns":2}],"seed_played":"-4565541900790806187","potions_obtained":[{"floor":1,"key":"Strength Potion"},{"floor":6,"key":"LifebloodPotion"},{"floor":14,"key":"SteroidPotion"},{"floor":18,"key":"Fire Potion"},{"floor":28,"key":"Toxic Potion"},{"floor":30,"key":"LiquidBronze"},{"floor":35,"key":"Swift Potion"},{"floor":36,"key":"Energy Potion"}],"is_trial":false,"path_per_floor":["M","?","?","M","$","E","$","R","T","R","M","M","M","M","R","B",null,"M","M","?","M","?","E","R","?","T","R","M","?","M","M","R","B",null,"M","?","$","M","M","E"],"character_chosen":"IRONCLAD","items_purchased":["War Paint","Entrench","Toolbox","ReplayFunnel"],"campfire_rested":1,"item_purchase_floors":[5,5,37,37],"current_hp_per_floor":[80,80,80,80,80,80,80,80,80,80,80,80,80,78,78,77,80,77,80,48,47,47,23,23,23,23,23,30,30,34,10,34,21,80,45,47,47,43,42,0,0],"gold":503,"neow_bonus":"THREE_ENEMY_KILL","is_daily":false,"chose_seed":false,"campfire_upgraded":5,"win_rate":0.0,"timestamp":1613133258,"path_taken":["M","?","?","M","?","E","$","R","T","R","?","M","M","M","R","BOSS","M","?","?","M","?","E","R","?","T","R","M","?","?","M","R","BOSS","M","?","$","M","M","E"],"items_purchased_type":["Relic","Card","Relic","Relic"],"build_version":"2020-12-22","purchased_purges":2,"victory":false,"max_hp_per_floor":[80,80,80,80,80,80,80,80,80,80,80,80,80,80,80,80,80,80,80,80,80,80,80,80,80,80,80,80,80,80,80,80,80,80,80,83,83,83,86,86,86],"card_choices":[{"not_picked":["Searing Blow","Massacre"],"picked":"ReplayTheSpireMod:Stacked","floor":1},{"not_picked":["Sentinel","Anger"],"picked":"Pommel Strike","floor":4},{"not_picked":["ReplayTheSpireMod:Strike From Hell","Twin Strike"],"picked":"Massacre","floor":6},{"not_picked":["Havoc","Sever Soul","Wild Strike"],"picked":"SKIP","floor":11},{"not_picked":["Power Through","Thunderclap"],"picked":"Shrug It Off","floor":12},{"not_picked":["Clash","ReplayTheSpireMod:Muscle Training"],"picked":"Demon Form","floor":13},{"not_picked":["Armaments","Pommel Strike"],"picked":"Shrug It Off","floor":14},{"not_picked":["Fiend Fire","Feed"],"picked":"Barricade","floor":16},{"not_picked":["Heavy Blade+1","Shrug It Off"],"picked":"Body Slam","floor":18},{"not_picked":["Iron Wave","ReplayTheSpireMod:Strike From Hell"],"picked":"Metallicize","floor":19},{"not_picked":["Havoc","Thunderclap"],"picked":"ReplayTheSpireMod:Muscle Training","floor":20},{"not_picked":["Run Through","ReplayTheSpireMod:Strike From Hell"],"picked":"Rage","floor":20},{"not_picked":["Uppercut","Burning Pact"],"picked":"ReplayTheSpireMod:Limb From Limb+1","floor":21},{"not_picked":["Bloodletting","Wild Strike"],"picked":"Spot Weakness","floor":23},{"not_picked":["Combust","Anger"],"picked":"Juggernaut","floor":28},{"not_picked":["Wild Strike","Shrug It Off","Run Through"],"picked":"SKIP","floor":30},{"not_picked":["Second Wind","Replay:Undeath\u0027s Touch+1"],"picked":"Heavy Blade+1","floor":31},{"not_picked":["Barricade","Impervious"],"picked":"Feed","floor":33},{"not_picked":["Fire Breathing+1","Run Through"],"picked":"Seeing Red","floor":35},{"not_picked":["Havoc","Clothesline"],"picked":"Burning Pact","floor":36},{"not_picked":["Dual Wield+1","Anger+1"],"picked":"Defy Death","floor":38},{"not_picked":["Havoc","Anger+1","Power Through+1"],"picked":"SKIP","floor":39}],"player_experience":294816,"relics_obtained":[{"floor":6,"key":"Blue Doll"},{"floor":9,"key":"Blood Vial"},{"floor":20,"key":"MawBank"},{"floor":23,"key":"Replay:Wax Seal"},{"floor":26,"key":"Oddly Smooth Stone"},{"floor":36,"key":"Bird Faced Urn"}],"event_choices":[{"damage_healed":0,"gold_gain":175,"player_choice":"AGREE","damage_taken":0,"max_hp_gain":0,"max_hp_loss":0,"event_name":"Liars Game","floor":2,"gold_loss":0,"cards_obtained":["Doubt"]},{"damage_healed":0,"gold_gain":0,"player_choice":"Read","damage_taken":0,"max_hp_gain":0,"max_hp_loss":0,"event_name":"The Library","floor":22,"gold_loss":0,"cards_obtained":["Battle Trance"]},{"damage_healed":0,"gold_gain":99,"player_choice":"Stole From Cult","damage_taken":0,"max_hp_gain":0,"max_hp_loss":0,"event_name":"Nest","floor":25,"gold_loss":0},{"damage_healed":0,"gold_gain":0,"player_choice":"Obtain J.A.X.","damage_taken":0,"max_hp_gain":0,"max_hp_loss":0,"event_name":"Drug Dealer","floor":29,"gold_loss":0,"cards_obtained":["J.A.X."]},{"damage_healed":0,"gold_gain":0,"player_choice":"Fight","damage_taken":0,"max_hp_gain":0,"max_hp_loss":0,"event_name":"MindBloom","floor":36,"gold_loss":0}],"is_beta":false,"boss_relics":[{"not_picked":["SacredBark","Calling Bell"],"picked":"ChewingGum"},{"not_picked":["Electric Blood","Velvet Choker"],"picked":"Black Star"}],"items_purged_floors":[5,37],"is_endless":false,"potions_floor_spawned":[1,6,14,18,21,28,30,35,36],"killed_by":"Reptomancer","ascension_level":0}}