{"host":"3e3mwsgb9gfqiuxm","time":1613168689,"event":{"mods":["Act Like it!","BaseMod","Colored Map","Colored Powertips","Downfall","Gensokyo","Hermit","Hubris","Infinite Spire","Jorbs\u0027s Wanderer Trilogy","Koishi","Marisa????????","Minty Spire (QoL Compilation)","Quick Restart","Rare Cards Sparkle","Reimu??????","Remilia??????","Replay The Spire","Shop Mod","StSLib","SuperFastMode","Td1madao Mod","The Animator","The Bug Knight","The Cursed","The Hierophant","The Servant 0.9.4","everything is the same but u backflip on backflip","slay the spire mod where everything is the same but ironclad has a cowboy hat"],"gold_per_floor":[115,115,115,135,85,111,111,126,151,151,183,183,224,250,250,362,362,390,405,405,425,425,425],"floor_reached":22,"language":"ENG","playtime":562,"items_purged":[],"score":291,"play_id":"8b560dd1-2820-4c21-ad5a-05b19df1a9ea","local_time":"20210212172449","is_ascension_mode":true,"campfire_choices":[{"data":"PowerUp","floor":7.0,"key":"SMITH"},{"data":"DeepEcoloBomb","floor":10.0,"key":"SMITH"},{"data":"MysteriousBeam","floor":12.0,"key":"SMITH"},{"floor":15.0,"key":"DIG"}],"circlet_count":0,"master_deck":["Strike_MRS","Strike_MRS","Defend_MRS+1","Defend_MRS+1","Defend_MRS","MasterSpark","UpSweep","PowerUp+1","EarthLightRay","Gensokyo:BlessingOfFortitude","DeepEcoloBomb+1","WitchOfGreed","MysteriousBeam+1","DoubleSpark","TreasureHunter","UnstableBomb"],"relics":["MiniHakkero","NeowsBlessing","Gensokyo:CelestialsFlawlessClothing","Centennial Puzzle","War Paint","Snack Pack","HornCleat","Philosopher\u0027s Stone","Replay:Blank Codex"],"acts_visited":["Gensokyo:Gensokyo","TheCity"],"potions_floor_usage":[],"damage_taken":[{"damage":0.0,"enemies":"Gensokyo:2_Kodama","floor":1.0,"turns":1.0},{"damage":0.0,"enemies":"Gensokyo:3_Fairies","floor":4.0,"turns":2.0},{"damage":0.0,"enemies":"Gensokyo:Mamizou","floor":6.0,"turns":2.0},{"damage":1.0,"enemies":"Gensokyo:Gryphon","floor":8.0,"turns":3.0},{"damage":4.0,"enemies":"Gensokyo:CorruptedTreant","floor":11.0,"turns":3.0},{"damage":8.0,"enemies":"Gensokyo:Aya","floor":13.0,"turns":4.0},{"damage":4.0,"enemies":"Gensokyo:3_Kodama","floor":14.0,"turns":3.0},{"damage":2.0,"enemies":"Gensokyo:Yukari","floor":16.0,"turns":4.0},{"damage":12.0,"enemies":"2 Thieves","floor":18.0,"turns":3.0},{"damage":2.0,"enemies":"Chosen","floor":19.0,"turns":2.0},{"damage":0.0,"enemies":"3 Cultists","floor":21.0,"turns":2.0}],"seed_played":"-1050515255551584938","potions_obtained":[{"floor":8.0,"key":"Dexterity Potion"},{"floor":11.0,"key":"ZuzhouPotion:ReiMu"},{"floor":13.0,"key":"EntropicBrew"},{"floor":13.0,"key":"SkillPotion"},{"floor":16.0,"key":"FearPotion"},{"floor":18.0,"key":"AttackPotion"},{"floor":18.0,"key":"ColorlessPotion"}],"is_trial":false,"path_per_floor":["M","?","?","M","?","E","R","M","T","R","M","R","E","M","R_BF","B",null,"M","M","?","M","$"],"character_chosen":"MARISA","items_purchased":[],"campfire_rested":0,"item_purchase_floors":[],"current_hp_per_floor":[75,57,27,27,27,31,31,34,34,34,34,34,30,32,32,40,75,69,73,57,63,63,63],"gold":425,"neow_bonus":"THREE_ENEMY_KILL","is_daily":false,"chose_seed":false,"campfire_upgraded":3,"win_rate":0.0,"timestamp":1613168689,"path_taken":["M","?","?","?","?","E","R","M","T","R","M","R","E","M","R_BF","BOSS","M","M","?","M","$"],"items_purchased_type":[],"build_version":"2020-12-22","purchased_purges":0,"victory":false,"max_hp_per_floor":[75,75,75,75,75,75,75,75,75,75,75,75,75,75,75,75,75,75,75,75,75,75,75],"card_choices":[{"not_picked":["PulseMagic","GrandCross"],"picked":"PowerUp","floor":1.0},{"not_picked":["Occultation","OpenUniverse"],"picked":"EarthLightRay","floor":4.0},{"not_picked":["MilkyWay","DC"],"picked":"DeepEcoloBomb","floor":6.0},{"not_picked":["6A","DC"],"picked":"WitchOfGreed","floor":8.0},{"not_picked":["EnergyFlow","OneTimeOff"],"picked":"MysteriousBeam","floor":11.0},{"not_picked":["GravityBeat","SporeBomb"],"picked":"DoubleSpark","floor":13.0},{"not_picked":["EnergyRecoil","GalacticHalo","Singularity"],"picked":"SKIP","floor":14.0},{"not_picked":["EnergyRecoil","GalacticHalo","Singularity"],"picked":"SKIP","floor":14.0},{"not_picked":["AbsoluteMagnitude","StarDustReverie"],"picked":"TreasureHunter","floor":16.0},{"not_picked":["EventHorizon","NonDirectionalLaser","DragonMeteor"],"picked":"SKIP","floor":18.0},{"not_picked":["GalacticHalo","6A+1","DragonMeteor"],"picked":"SKIP","floor":19.0},{"not_picked":["DoubleSpark","UnstableBomb","IllusionStar"],"picked":"SKIP","floor":21.0},{"not_picked":["DoubleSpark","IllusionStar"],"picked":"UnstableBomb","floor":21.0}],"player_experience":1372562,"relics_obtained":[{"floor":6.0,"key":"Centennial Puzzle"},{"floor":9.0,"key":"War Paint"},{"floor":13.0,"key":"Snack Pack"},{"floor":15.0,"key":"HornCleat"},{"floor":20.0,"key":"Replay:Blank Codex"}],"event_choices":[{"damage_healed":0.0,"max_hp_gain":0.0,"max_hp_loss":0.0,"gold_gain":0.0,"event_name":"Cursed Tome","player_choice":"Obtained Book","floor":20.0,"gold_loss":0.0,"damage_taken":16.0}],"is_beta":false,"boss_relics":[{"not_picked":["hubris:Stopwatch","Replay:Drink Me"],"picked":"Philosopher\u0027s Stone"}],"items_purged_floors":[],"is_endless":false,"potions_floor_spawned":[8,13,16,18],"ascension_level":4}}