{"host":"ELF","time":1613139976,"event":{"mods":["BaseMod","Bestiary","Minty Spire (QoL Compilation)","Relic Stats","Slay the Relics Exporter"],"gold_per_floor":[113,38,38,38,54,89,89,109,181,181,18,32,32,66,66,162,162,182,207,226,241,49,49,89,108,108,108,8,41,64,80,80,173,173,198,212,237,237,112,112,112],"floor_reached":40,"language":"ENG","playtime":2655,"items_purged":["Injury","Strike_G","Strike_G"],"score":976,"play_id":"4d9b3db1-ac25-4247-b3c5-177734ce4487","local_time":"20210212082616","is_ascension_mode":true,"campfire_choices":[{"data":"Deadly Poison","floor":7,"key":"SMITH"},{"data":"Leg Sweep","floor":10,"key":"SMITH"},{"data":"Storm of Steel","floor":15,"key":"SMITH"},{"data":"Well Laid Plans","floor":23,"key":"SMITH"},{"floor":27,"key":"REST"},{"floor":32,"key":"REST"}],"circlet_count":0,"master_deck":["AscendersBane","Strike_G","Strike_G","Defend_G","Defend_G","Defend_G","Defend_G","Defend_G","Survivor","Neutralize","Underhanded Strike","Deadly Poison+1","Leg Sweep+1","Dagger Throw","Storm of Steel+1","Acrobatics","Dagger Throw","Eviscerate","Dash","Cloak And Dagger","Underhanded Strike","Tools of the Trade","Backflip+1","Well Laid Plans+1","Choke+1","Calculated Gamble+1","Footwork","Bouncing Flask","Bouncing Flask","Underhanded Strike","Footwork","Burst","Underhanded Strike+1","Expertise","Catalyst"],"relics":["Ring of the Snake","NeowsBlessing","Golden Idol","Juzu Bracelet","Bottled Lightning","Orrery","Dead Branch","Centennial Puzzle","Snecko Eye","Akabeko","Lantern","Bag of Marbles","Cursed Key"],"acts_visited":["Exordium","TheCity","TheBeyond"],"potions_floor_usage":[12,24,24,33,40],"damage_taken":[{"damage":0,"enemies":"Cultist","floor":1,"turns":1},{"damage":0,"enemies":"Jaw Worm","floor":5,"turns":1},{"damage":0,"enemies":"3 Sentries","floor":6,"turns":2},{"damage":7,"enemies":"Small Slimes","floor":8,"turns":4},{"damage":11,"enemies":"Exordium Thugs","floor":12,"turns":4},{"damage":1,"enemies":"Lagavulin","floor":14,"turns":6},{"damage":39,"enemies":"Slime Boss","floor":16,"turns":7},{"damage":6,"enemies":"2 Thieves","floor":18,"turns":3},{"damage":2,"enemies":"Shell Parasite","floor":19,"turns":5},{"damage":0,"enemies":"Centurion and Healer","floor":20,"turns":4},{"damage":0,"enemies":"Cultist and Chosen","floor":21,"turns":5},{"damage":11,"enemies":"Gremlin Leader","floor":24,"turns":8},{"damage":0,"enemies":"Snecko","floor":25,"turns":3},{"damage":4,"enemies":"Slavers","floor":29,"turns":4},{"damage":6,"enemies":"3 Cultists","floor":30,"turns":4},{"damage":0,"enemies":"Centurion and Healer","floor":31,"turns":2},{"damage":45,"enemies":"Collector","floor":33,"turns":12},{"damage":1,"enemies":"3 Darklings","floor":35,"turns":5},{"damage":0,"enemies":"Orb Walker","floor":36,"turns":3},{"damage":2,"enemies":"3 Darklings","floor":37,"turns":4},{"damage":51,"enemies":"Reptomancer","floor":40,"turns":2}],"seed_played":"5663669005261988084","potions_obtained":[{"floor":1,"key":"Explosive Potion"},{"floor":4,"key":"Fire Potion"},{"floor":4,"key":"SneckoOil"},{"floor":16,"key":"Energy Potion"},{"floor":21,"key":"ColorlessPotion"},{"floor":24,"key":"Fire Potion"},{"floor":29,"key":"GamblersBrew"},{"floor":30,"key":"Block Potion"},{"floor":33,"key":"Poison Potion"}],"is_trial":false,"path_per_floor":["M","?","?","?","M","E","R","M","T","R","$","M","?","E","R","B",null,"M","M","M","M","$","R","E","M","T","R","$","E","M","M","R","B",null,"M","M","M","?","$","E"],"character_chosen":"THE_SILENT","items_purchased":["Orrery","Footwork","Bouncing Flask"],"campfire_rested":2,"item_purchase_floors":[11,22,22],"current_hp_per_floor":[59,59,59,59,59,59,59,52,52,52,52,41,41,40,40,1,50,44,42,42,42,42,42,31,31,31,50,50,46,40,40,59,14,53,52,52,50,50,50,0,0],"gold":112,"neow_bonus":"THREE_ENEMY_KILL","is_daily":false,"chose_seed":false,"campfire_upgraded":4,"win_rate":0.0,"timestamp":1613139976,"path_taken":["M","?","?","?","?","E","R","M","T","R","$","M","?","E","R","BOSS","M","M","M","M","?","R","E","M","T","R","$","E","M","M","R","BOSS","M","M","M","?","$","E"],"items_purchased_type":["Relic","Card","Card"],"build_version":"2020-12-18","purchased_purges":3,"victory":false,"max_hp_per_floor":[66,66,66,66,66,66,66,66,66,66,66,66,66,66,66,66,66,66,66,66,66,66,66,66,66,66,66,66,66,66,66,66,66,66,66,66,66,63,63,63,63],"relic_stats":{"Centennial Puzzle":[30],"counters":[21,89],"Golden Idol":118,"Dead Branch":[105],"Snecko Eye":[147,158,153,144],"Juzu Bracelet":0,"Cursed Key":0,"obtain_stats":[{"Lantern":26,"NeowsBlessing":0,"Golden Idol":3,"Dead Branch":13,"Juzu Bracelet":6,"Cursed Key":34,"Akabeko":24,"Centennial Puzzle":14,"Orrery":11,"Snecko Eye":17,"Bag of Marbles":29,"Bottled Lightning":9,"Ring of the Snake":0},{"Lantern":13,"NeowsBlessing":0,"Golden Idol":1,"Dead Branch":5,"Juzu Bracelet":3,"Cursed Key":17,"Akabeko":12,"Centennial Puzzle":6,"Orrery":4,"Snecko Eye":7,"Bag of Marbles":14,"Bottled Lightning":4,"Ring of the Snake":0},{"Lantern":53,"NeowsBlessing":0,"Golden Idol":1,"Dead Branch":12,"Juzu Bracelet":4,"Cursed Key":75,"Akabeko":50,"Centennial Puzzle":18,"Orrery":8,"Snecko Eye":25,"Bag of Marbles":57,"Bottled Lightning":8,"Ring of the Snake":0}],"Ring of the Snake":[42]},"card_choices":[{"not_picked":["Tactician","Caltrops"],"picked":"Underhanded Strike","floor":1},{"not_picked":["Riddle With Holes","Prepared"],"picked":"Deadly Poison","floor":5},{"not_picked":["Finisher","Calculated Gamble"],"picked":"Leg Sweep","floor":6},{"not_picked":["Infinite Blades","Sucker Punch"],"picked":"Dagger Throw","floor":8},{"not_picked":["Sucker Punch","Deadly Poison"],"picked":"Storm of Steel","floor":11},{"not_picked":["Bane","Endless Agony"],"picked":"Acrobatics","floor":11},{"not_picked":["Dagger Spray","Envenom"],"picked":"Dagger Throw","floor":11},{"not_picked":["Corpse Explosion","Sucker Punch"],"picked":"Eviscerate","floor":11},{"not_picked":["Flying Knee","Poisoned Stab"],"picked":"Dash","floor":11},{"not_picked":["Poisoned Stab","Choke"],"picked":"Cloak And Dagger","floor":12},{"not_picked":["Skewer","Leg Sweep"],"picked":"Underhanded Strike","floor":14},{"not_picked":["Burst","Phantasmal Killer"],"picked":"Tools of the Trade","floor":16},{"not_picked":["Accuracy","Deadly Poison"],"picked":"Backflip+1","floor":18},{"not_picked":["Backflip","Escape Plan"],"picked":"Well Laid Plans","floor":19},{"not_picked":["Quick Slash","Poisoned Stab"],"picked":"Choke+1","floor":20},{"not_picked":["Slice","Prepared"],"picked":"Calculated Gamble+1","floor":21},{"not_picked":["Acrobatics","Backflip"],"picked":"Bouncing Flask","floor":24},{"not_picked":["Blur","Bane","Dodge and Roll"],"picked":"SKIP","floor":25},{"not_picked":["Glass Knife","Outmaneuver"],"picked":"Underhanded Strike","floor":29},{"not_picked":["Quick Slash","Flechettes","Underhanded Strike"],"picked":"SKIP","floor":30},{"not_picked":["Riddle With Holes+1","Deflect"],"picked":"Footwork","floor":31},{"not_picked":["Glass Knife","Storm of Steel"],"picked":"Burst","floor":33},{"not_picked":["Terror","Prepared"],"picked":"Underhanded Strike+1","floor":35},{"not_picked":["Slice","Prepared+1"],"picked":"Expertise","floor":36},{"not_picked":["Dagger Spray","Leg Sweep"],"picked":"Catalyst","floor":37}],"player_experience":3406284,"relics_obtained":[{"floor":6,"key":"Juzu Bracelet"},{"floor":9,"key":"Bottled Lightning"},{"floor":14,"key":"Centennial Puzzle"},{"floor":24,"key":"Akabeko"},{"floor":26,"key":"Lantern"},{"floor":29,"key":"Bag of Marbles"}],"event_choices":[{"cards_removed":["Strike_G"],"damage_healed":0,"gold_gain":0,"player_choice":"Card Removal","damage_taken":0,"max_hp_gain":0,"max_hp_loss":0,"event_name":"The Cleric","floor":2,"gold_loss":75},{"damage_healed":0,"gold_gain":0,"player_choice":"Take Wound","damage_taken":0,"relics_obtained":["Golden Idol"],"max_hp_gain":0,"max_hp_loss":0,"event_name":"Golden Idol","floor":3,"gold_loss":0,"cards_obtained":["Injury"]},{"damage_healed":0,"gold_gain":0,"player_choice":"Got Potions","damage_taken":0,"max_hp_gain":0,"max_hp_loss":0,"event_name":"Lab","floor":4,"gold_loss":0},{"damage_healed":0,"gold_gain":0,"player_choice":"Gave Potion","damage_taken":0,"relics_obtained":["Dead Branch"],"max_hp_gain":0,"max_hp_loss":0,"event_name":"WeMeetAgain","floor":13,"gold_loss":0},{"damage_healed":0,"gold_gain":0,"player_choice":"Max HP","damage_taken":0,"max_hp_gain":0,"max_hp_loss":3,"event_name":"Winding Halls","floor":38,"gold_loss":0}],"is_beta":true,"boss_relics":[{"not_picked":["Empty Cage","HoveringKite"],"picked":"Snecko Eye"},{"not_picked":["Fusion Hammer","Philosopher\u0027s Stone"],"picked":"Cursed Key"}],"items_purged_floors":[22,28,39],"is_endless":false,"potions_floor_spawned":[1,6,16,21,24,29,30,33,36],"killed_by":"Reptomancer","ascension_level":20}}