{"host":"gaqyve1328ta0etl","time":1613094198,"event":{"mods":["BaseMod","Colored Map","Colored Powertips","Duelist Mod","Googly Eyes","Hero for Fun","Minty Spire (QoL Compilation)","Shop Mod","StSLib","SuperFastMode","The Hierophant","The Runesmith"],"gold_per_floor":[243,25,101,101,1,1,36,36,36,36,71,71,89,7,7,134,134,116,116,116,153,193,193,233,249,274,274,344,387,387,420,420,549,549,596,596,596,596,645,645,671,671],"floor_reached":41,"language":"ENG","playtime":3807,"items_purged":["theDuelist:Sparks","theDuelist:Sparks"],"score":761,"play_id":"f9906ec7-7341-4165-9aa9-7ee812f6ad49","local_time":"20210211174318","is_ascension_mode":true,"campfire_choices":[{"data":"theDuelist:SwordsConcealing","floor":6.0,"key":"SMITH"},{"data":"theDuelist:Eva","floor":10.0,"key":"SMITH"},{"floor":15.0,"key":"REST"},{"floor":23,"key":"REST"},{"data":"theDuelist:GravityLash","floor":27,"key":"SMITH"},{"data":"theDuelist:HappyLover","floor":30,"key":"SMITH"},{"floor":32,"key":"REST"},{"floor":40,"key":"REST"}],"circlet_count":0,"master_deck":["theDuelist:GiantSoldier","theDuelist:Tuningware","theDuelist:GravityLash+1","theDuelist:GravityAxe","theDuelist:RainbowNeos+1","theDuelist:SwordsConcealing+1","theDuelist:Eva+1","theDuelist:YamiForm+1","theDuelist:HappyLover+1","theDuelist:GravityLash+1","theDuelist:GravityBlaster+1","theDuelist:FinalFlame","theDuelist:LightningVortex","theDuelist:CrossAttack","theDuelist:DarkBurningAttack+1","theDuelist:EvilswarmHeliotrope","theDuelist:GiantSoldier","theDuelist:MagicalStone+1"],"relics":["theDuelist:MillenniumPuzzle","theDuelist:CardPoolRelic","theDuelist:CardPoolBasicRelic","theDuelist:BoosterPackPoolRelic","theDuelist:CardPoolAddRelic","theDuelist:CardPoolMinusRelic","theDuelist:CardPoolSaveRelic","theDuelist:CardPoolOptionsRelic","theDuelist:AknamkanonsEssence","Gremlin Horn","Pen Nib","theDuelist:BoosterPackHealer","theDuelist:ElectricToken","Boot","Matryoshka","Astrolabe","theDuelist:CursedHealer"],"acts_visited":["Exordium","TheCity","TheBeyond"],"potions_floor_usage":[29,33,39],"damage_taken":[{"damage":0.0,"enemies":"Cultist","floor":1.0,"turns":4.0},{"damage":4.0,"enemies":"Small Slimes","floor":7.0,"turns":4.0},{"damage":0.0,"enemies":"Jaw Worm","floor":11.0,"turns":3.0},{"damage":0.0,"enemies":"Looter","floor":13.0,"turns":3.0},{"damage":0.0,"enemies":"The Guardian","floor":16.0,"turns":16.0},{"damage":14.0,"enemies":"2 Thieves","floor":18.0,"turns":4.0},{"damage":4,"enemies":"Chosen","floor":21,"turns":5},{"damage":12,"enemies":"Shelled Parasite and Fungi","floor":22,"turns":6},{"damage":0,"enemies":"3 Cultists","floor":24,"turns":6},{"damage":3,"enemies":"Cultist and Chosen","floor":25,"turns":8},{"damage":0,"enemies":"Gremlin Leader","floor":28,"turns":10},{"damage":0,"enemies":"Centurion and Healer","floor":29,"turns":11},{"damage":14,"enemies":"Snake Plant","floor":31,"turns":4},{"damage":0,"enemies":"Automaton","floor":33,"turns":12},{"damage":0,"enemies":"3 Shapes","floor":35,"turns":9},{"damage":61,"enemies":"3 Darklings","floor":39,"turns":6},{"damage":42,"enemies":"Transient","floor":41,"turns":5}],"seed_played":"8000501117145930740","potions_obtained":[{"floor":1.0,"key":"theDuelist:SealedPack"},{"floor":7.0,"key":"theDuelist:ReducerPotion"},{"floor":11.0,"key":"theDuelist:VampireVial"},{"floor":22,"key":"BlessingOfTheForge"},{"floor":25,"key":"FocusPotion"},{"floor":29,"key":"theDuelist:WaterBottle"},{"floor":35,"key":"theDuelist:SealedPackE"},{"floor":39,"key":"theDuelist:FireBottle"}],"is_trial":false,"path_per_floor":["M","$","T","?","$","R","M","?","T","R","M","?","M","$","R","B",null,"M","?","?","M","M","R","M","M","T","R","E","M","R","M","R","B",null,"M","?","?","?","M","R","M"],"character_chosen":"THE_DUELIST","items_purchased":["theDuelist:AknamkanonsEssence","theDuelist:LightningVortex"],"campfire_rested":4,"item_purchase_floors":[2,14],"current_hp_per_floor":[72,72,72,54,54,54,50,50,50,50,50,44,48,48,72,80,80,66,51,51,47,35,60,64,61,61,61,61,61,61,47,72,72,82,82,82,85,77,16,41,0,0],"gold":671,"neow_bonus":"HUNDRED_GOLD","is_daily":false,"chose_seed":false,"campfire_upgraded":4,"win_rate":0.0,"timestamp":1613094198,"path_taken":["M","$","?","?","?","R","M","?","T","R","M","?","M","$","R","BOSS","M","?","?","M","M","R","?","M","T","R","E","M","R","?","R","BOSS","M","?","?","?","M","R","?"],"items_purchased_type":["Relic","Card"],"build_version":"2020-12-22","purchased_purges":2,"victory":false,"max_hp_per_floor":[80,80,80,80,80,80,80,80,80,80,80,80,80,80,80,80,80,80,85,85,85,85,85,85,85,85,85,85,85,85,85,85,85,85,85,85,85,85,85,85,85,85],"card_choices":[{"not_picked":["theDuelist:Wildfire","theDuelist:LightLaser"],"picked":"theDuelist:SwordsConcealing","floor":1.0},{"not_picked":["theDuelist:CircleFireKings","theDuelist:ChaosSeed","theDuelist:SilverApples","theDuelist:FluteKuriboh"],"picked":"theDuelist:Eva","floor":7.0},{"not_picked":["theDuelist:SpellShatteringArrow","theDuelist:MeteorDestruction","theDuelist:Hinotama","theDuelist:CoreBlaster","theDuelist:BreakDraw"],"picked":"SKIP","floor":11.0},{"not_picked":["theDuelist:VenomShot","theDuelist:MagnumShield","theDuelist:SpiritHarp","theDuelist:AfterGenocide"],"picked":"theDuelist:CrossAttack","floor":13.0},{"not_picked":["theDuelist:SwordsRevealing","theDuelist:PineappleBlast","theDuelist:LightLaser","theDuelist:FeatherShot"],"picked":"theDuelist:GravityLash","floor":16.0},{"not_picked":["theDuelist:Invigoration","theDuelist:WormApocalypse","theDuelist:MagnumShield","theDuelist:Downbeat+1"],"picked":"theDuelist:RainbowNeos+1","floor":18},{"not_picked":["theDuelist:RedHeadedOni","theDuelist:BigEye+1","theDuelist:GiantTrapHole","theDuelist:CastleDarkIllusions"],"picked":"theDuelist:EvilswarmHeliotrope","floor":21},{"not_picked":["theDuelist:KamionTimelord","theDuelist:MythicalBeast","theDuelist:FrontierWiseman+1","theDuelist:Mathematician+1"],"picked":"theDuelist:HappyLover","floor":22},{"not_picked":["theDuelist:Mathematician+1","theDuelist:BerserkerCrush+1","theDuelist:LightningVortex"],"picked":"SKIP","floor":24},{"not_picked":["theDuelist:DoubleTool","theDuelist:SpellShatteringArrow","theDuelist:AfterTheStorm","theDuelist:EgoBoost+1","theDuelist:LegendHeart"],"picked":"SKIP","floor":25},{"not_picked":["theDuelist:SpellShatteringArrow","theDuelist:WormApocalypse","theDuelist:Eva","theDuelist:DoubleTool","theDuelist:Electrowhip+1"],"picked":"SKIP","floor":28},{"not_picked":["theDuelist:RainbowNeos+1","theDuelist:OnslaughtFireKings","theDuelist:SpellShatteringArrow+1","theDuelist:CharcoalInpachi"],"picked":"theDuelist:Tuningware","floor":29},{"not_picked":["theDuelist:MythicalBeast+1","theDuelist:VendreadCharge+1"],"picked":"theDuelist:GravityLash+1","floor":31},{"not_picked":["theDuelist:AmuletAmbition","theDuelist:LightLaser","theDuelist:LightningBlade+1","theDuelist:SwordsConcealing"],"picked":"theDuelist:YamiForm+1","floor":33},{"not_picked":["theDuelist:WormKing","theDuelist:BlockGolem","theDuelist:DarklordSuperbia","theDuelist:RainbowBridge+1","theDuelist:RadiantMirrorForce+1"],"picked":"SKIP","floor":35},{"not_picked":["theDuelist:MiraculousDescent","theDuelist:Electrowhip+1","theDuelist:ImperialOrder"],"picked":"theDuelist:GravityAxe","floor":39}],"player_experience":2138215,"relics_obtained":[{"floor":3.0,"key":"Gremlin Horn"},{"floor":9.0,"key":"theDuelist:BoosterPackHealer"},{"floor":26,"key":"Boot"},{"floor":28,"key":"Matryoshka"}],"event_choices":[{"damage_healed":0.0,"max_hp_gain":0.0,"max_hp_loss":0.0,"gold_gain":0.0,"event_name":"Scrap Ooze","player_choice":"Success","floor":4.0,"gold_loss":0.0,"damage_taken":18.0,"relics_obtained":["Pen Nib"]},{"damage_healed":0.0,"max_hp_gain":0.0,"max_hp_loss":0.0,"gold_gain":0.0,"event_name":"Liars Game","player_choice":"Ignored","floor":8.0,"gold_loss":0.0,"damage_taken":0.0},{"damage_healed":0.0,"max_hp_gain":0.0,"max_hp_loss":0.0,"gold_gain":0.0,"event_name":"Aknamkanon\u0027s Tomb","player_choice":"Dig - random Duelist relic","duelist":true,"floor":12.0,"gold_loss":0.0,"damage_taken":0.0},{"damage_healed":0,"gold_gain":0,"player_choice":"Shed Blood","damage_taken":20,"max_hp_gain":5,"max_hp_loss":0,"event_name":"Forgotten Altar","floor":19,"gold_loss":0},{"damage_healed":0,"gold_gain":0,"player_choice":"Scored: 2493","duelist":true,"damage_taken":0,"max_hp_gain":0,"max_hp_loss":0,"event_name":"Visit from Anubis","floor":20,"gold_loss":0},{"damage_healed":0,"gold_gain":0,"player_choice":"Leave","duelist":true,"damage_taken":0,"max_hp_gain":0,"max_hp_loss":0,"event_name":"Millennium Items","floor":36,"gold_loss":0},{"damage_healed":0,"gold_gain":0,"player_choice":"Succumb - +25HP/Cursed Relic","duelist":true,"damage_taken":0,"max_hp_gain":0,"max_hp_loss":0,"event_name":"Tomb of the Nameless","floor":37,"gold_loss":0},{"damage_healed":0,"gold_gain":0,"player_choice":"Damaged","damage_taken":8,"max_hp_gain":0,"max_hp_loss":0,"event_name":"Wheel of Change","floor":38,"gold_loss":0}],"is_beta":false,"boss_relics":[{"not_picked":["Cursed Key","Snecko Eye"],"picked":"Empty Cage"},{"not_picked":["Mark of Pain","theDuelist:HauntedRelic"],"picked":"Astrolabe"}],"items_purged_floors":[2,5],"is_endless":false,"potions_floor_spawned":[1,7,11,22,25,29,31,35,39],"killed_by":"Transient","ascension_level":8}}