{"host":"l4am8ae7vj09bp0g","time":1613154431,"event":{"mods":["Act Like it!","BaseMod","Colored Powertips","Conspire","LagranYue(拉格朗・月)","Minty Spire (QoL Compilation)","Quick Restart","Relic Filter","Reliquary","Replay The Spire","Shop Mod","StSLib","SuperFastMode","TestMod"],"gold_per_floor":[116,116,116,116,129,164,164,197,197,197,228,255,265,283,283,379,379,398,1397,1409,1424,653,688,688,713,713,747,832,848,848,877,877,978,978,998,1010,2009,1170,1187,1213,1213,1243,1291,1322,1322,1334,1334,1361,1361,1460,1460,1479,1479,999,1031,1042,1042,1072,1085,1085,1112,1124,1124,1158,1173,1173,1271,1271,1271,1271],"floor_reached":69,"language":"ZHS","playtime":5713,"items_purged":["Injury","Normality","Writhe"],"score":1669,"play_id":"2df1b794-611b-4466-a310-c6817c9399bf","local_time":"20210213022711","daily_mods":["SealedDeck","Heirloom","Flight","DeadlyEvents","Cursed Run","Elite Swarm","Uncertain Future"],"is_ascension_mode":true,"campfire_choices":[{"data":"Dual Wield","floor":7.0,"key":"SMITH"},{"data":"Barricade","floor":10.0,"key":"SMITH"},{"data":"Metallicize","floor":15.0,"key":"SMITH"},{"data":"Apotheosis","floor":24.0,"key":"SMITH"},{"data":"Feed","floor":30.0,"key":"SMITH"},{"data":"Feed","floor":32.0,"key":"SMITH"},{"data":"conspire:Purge","floor":45.0,"key":"SMITH"},{"floor":47.0,"key":"REST"},{"floor":49.0,"key":"REST"},{"data":"Berserk","floor":57.0,"key":"SMITH"},{"floor":63.0,"key":"REST"},{"data":"Battle Trance","floor":66.0,"key":"SMITH"}],"circlet_count":0,"master_deck":["Pommel Strike+1","Body Slam+1","Battle Trance+1","Barricade+1","conspire:Purge+1","Feed+1","Shrug It Off+1","conspire:Banana+1","Feed+1","Feed+1","Berserk+1","Shrug It Off+1","Feed+1","Entrench+1","Looming Evil"],"relics":["Cursed Key","Du-Vu Doll","testmod-TestBox","LagranYue:RandomDrawCardRelic","reliquary:Tamtam","Toxic Egg 2","MerchantsRug","Pen Nib","reliquary:Firecrackers","Dream Catcher","Self Forming Clay","Nunchaku","reliquary:RedCape","testmod-Fortitude","testmod-BlackFramedGlasses","Medical Kit","Potion Belt","Replay:Bottled Eggs","King of Hearts","Replay:Rubber Ducky","Replay:PocketPolymizer","testmod-TimeTraveler","Bag of Preparation","Boot","Brimstone","Bronze Scales","reliquary:RedPaperclip"],"acts_visited":["Exordium","TheCity","TheBeyond","Exordium","TheCity"],"potions_floor_usage":[],"damage_taken":[{"damage":0.0,"enemies":"Jaw Worm","floor":1.0,"turns":2.0},{"damage":0.0,"enemies":"Small Slimes","floor":5.0,"turns":2.0},{"damage":0.0,"enemies":"Lagavulin","floor":6.0,"turns":3.0},{"damage":0.0,"enemies":"3 Sentries","floor":8.0,"turns":4.0},{"damage":0.0,"enemies":"Lagavulin","floor":11.0,"turns":3.0},{"damage":0.0,"enemies":"Gremlin Nob","floor":12.0,"turns":3.0},{"damage":5.0,"enemies":"2 Louse","floor":13.0,"turns":1.0},{"damage":0.0,"enemies":"Blue Slaver","floor":14.0,"turns":1.0},{"damage":0.0,"enemies":"Fading Forest","floor":16.0,"turns":10.0},{"damage":0.0,"enemies":"Spheric Guardian","floor":18.0,"turns":1.0},{"damage":15.0,"enemies":"2 Thieves","floor":20.0,"turns":3.0},{"damage":0.0,"enemies":"Cultist and Chosen","floor":21.0,"turns":3.0},{"damage":17.0,"enemies":"Slavers","floor":23.0,"turns":5.0},{"damage":5.0,"enemies":"Book of Stabbing","floor":25.0,"turns":4.0},{"damage":4.0,"enemies":"Slavers","floor":27.0,"turns":5.0},{"damage":12.0,"enemies":"Centurion and Healer","floor":29.0,"turns":5.0},{"damage":12.0,"enemies":"Gremlin Leader","floor":31.0,"turns":6.0},{"damage":20.0,"enemies":"Automaton","floor":33.0,"turns":5.0},{"damage":7.0,"enemies":"3 Shapes","floor":35.0,"turns":4.0},{"damage":0.0,"enemies":"Orb Walker","floor":36.0,"turns":3.0},{"damage":10.0,"enemies":"4 Shapes","floor":39.0,"turns":9.0},{"damage":30.0,"enemies":"Reptomancer","floor":40.0,"turns":5.0},{"damage":7.0,"enemies":"Giant Head","floor":42.0,"turns":5.0},{"damage":21.0,"enemies":"Reptomancer","floor":44.0,"turns":5.0},{"damage":29.0,"enemies":"Sphere and 2 Shapes","floor":46.0,"turns":5.0},{"damage":18.0,"enemies":"Giant Head","floor":48.0,"turns":5.0},{"damage":29.0,"enemies":"Awakened One","floor":50.0,"turns":11.0},{"damage":0.0,"enemies":"Cultist","floor":52.0,"turns":2.0},{"damage":5.0,"enemies":"Lagavulin","floor":55.0,"turns":3.0},{"damage":5.0,"enemies":"Jaw Worm","floor":56.0,"turns":2.0},{"damage":0.0,"enemies":"2 Louse","floor":59.0,"turns":1.0},{"damage":17.0,"enemies":"Gremlin Nob","floor":61.0,"turns":3.0},{"damage":23.0,"enemies":"Red Slaver","floor":62.0,"turns":2.0},{"damage":0.0,"enemies":"3 Sentries","floor":64.0,"turns":5.0},{"damage":0.0,"enemies":"Large Slime","floor":65.0,"turns":2.0},{"damage":237.0,"enemies":"Hexaghost","floor":67.0,"turns":3.0},{"damage":0,"enemies":"Spheric Guardian","floor":69,"turns":1}],"seed_played":"-6072676118726815516","potions_obtained":[{"floor":6.0,"key":"Flashbang"},{"floor":8.0,"key":"Strength Potion"},{"floor":13.0,"key":"Elixir"},{"floor":16.0,"key":"Reflective Coating"},{"floor":23.0,"key":"BlessingOfTheForge"},{"floor":27.0,"key":"SpeedPotion"},{"floor":31.0,"key":"AttackPotion"},{"floor":36.0,"key":"Reflective Coating"},{"floor":46.0,"key":"BlessingOfTheForge"},{"floor":48.0,"key":"Explosive Potion"},{"floor":50.0,"key":"SkillPotion"},{"floor":56.0,"key":"BlessingOfTheForge"},{"floor":59.0,"key":"Languid Potion"},{"floor":61.0,"key":"BlessingOfTheForge"},{"floor":64.0,"key":"LiquidBronze"},{"floor":65.0,"key":"testmod-SpacePotion"}],"is_trial":true,"path_per_floor":["M","$","?","?","M","E","R","E","T","R","E","E","M","M","R","B",null,"M","?","M","M","$","E","R","E","T","E","?","M","R","E","R","B",null,"M","M","?","$","M","E","?","E","T","E","R","M","R","E","R","B",null,"M","?","$","E","M","R","?","M","T","E","M","R","E","M","R","B",null,"M"],"character_chosen":"IRONCLAD","items_purchased":["reliquary:Tamtam","Apotheosis","Toxic Egg 2","MerchantsRug","Shrug It Off+1","conspire:Banana+1","Pen Nib","testmod-Fortitude","testmod-BlackFramedGlasses","Medical Kit","Bag of Preparation","Boot","Brimstone"],"campfire_rested":3,"item_purchase_floors":[22,22,22,22,22,22,22,38,38,38,54,54,54],"current_hp_per_floor":[1,1,1,1,1,1,1,1,7,7,7,7,2,4,4,13,25,25,25,16,21,21,14,14,15,21,23,29,27,27,21,21,13,96,103,109,121,121,138,119,158,160,166,156,156,142,186,178,192,193,212,216,216,216,219,222,222,222,233,239,231,216,256,270,280,280,53,288,288,288],"gold":1271,"neow_bonus":"","is_daily":false,"chose_seed":false,"campfire_upgraded":9,"win_rate":0.0,"timestamp":1613154431,"path_taken":["M","$","?","?","M","E","R","E","T","R","E","?","M","M","R","BOSS","M","?","M","M","$","E","R","E","T","E","?","M","R","?","R","BOSS","M","M","?","$","M","E","?","E","T","?","R","M","R","E","R","BOSS","M","?","$","?","M","R","?","M","T","E","M","E","E","M","R","BOSS","M"],"items_purchased_type":["Relic","Card","Relic","Relic","Card","Card","Relic","Relic","Relic","Relic","Relic","Relic","Relic"],"build_version":"2020-12-22","purchased_purges":3,"victory":false,"max_hp_per_floor":[1,1,1,1,1,1,1,1,7,7,7,7,7,7,7,13,25,25,25,31,34,34,44,44,50,56,62,68,78,78,84,84,96,96,110,116,128,128,146,152,158,164,170,176,176,186,186,192,192,212,212,216,216,216,222,228,228,228,238,244,250,256,256,270,280,280,288,288,288,288],"card_choices":[{"not_picked":["Abandon","ReplayTheSpireMod:Strike From Hell","Dropkick"],"picked":"SKIP","floor":1.0},{"not_picked":["Body Slam","Pummel","Iron Wave"],"picked":"SKIP","floor":5.0},{"not_picked":["Immolate","Fiend Fire","Corruption"],"picked":"SKIP","floor":6.0},{"not_picked":["Bludgeon","Demon Form"],"picked":"Barricade","floor":8.0},{"not_picked":["Impervious","Bludgeon"],"picked":"conspire:Purge","floor":11.0},{"not_picked":["Demonic Infusion","Reaper","Bludgeon"],"picked":"SKIP","floor":12.0},{"not_picked":["Body Slam","Pommel Strike"],"picked":"Rage","floor":13.0},{"not_picked":["Infernal Blade","Clash","Heavy Blade"],"picked":"SKIP","floor":14.0},{"not_picked":["Fiend Fire","Offering"],"picked":"Feed","floor":16.0},{"not_picked":["Shrug It Off","Carnage","Twin Strike+1"],"picked":"SKIP","floor":18.0},{"not_picked":["Clothesline","Entrench","Havoc+1"],"picked":"SKIP","floor":20.0},{"not_picked":["Cleave","Life Link+1","Spot Weakness"],"picked":"SKIP","floor":21.0},{"not_picked":["Reaper","conspire:Purge+1"],"picked":"Feed","floor":23.0},{"not_picked":["Fiend Fire","Replay:Many Hands+1","Limit Break+1"],"picked":"SKIP","floor":25.0},{"not_picked":["Immolate","Exhume+1"],"picked":"Feed","floor":27.0},{"not_picked":["Whirlwind+1","Shrug It Off+1"],"picked":"Heavy Blade","floor":28.0},{"not_picked":["Whirlwind","Clothesline","Disarm+1"],"picked":"SKIP","floor":29.0},{"not_picked":["Juggernaut","Fiend Fire","Demon Form"],"picked":"SKIP","floor":31.0},{"not_picked":["Corruption","Bludgeon"],"picked":"Berserk","floor":33.0},{"not_picked":["Ghostly Armor+1","Clothesline"],"picked":"Shrug It Off+1","floor":35.0},{"not_picked":["Thunderclap+1","Warcry+1","Body Slam+1"],"picked":"SKIP","floor":36.0},{"not_picked":["Flex+1","Shrug It Off+1","Body Slam+1"],"picked":"SKIP","floor":39.0},{"not_picked":["Hemogenesis","conspire:HitWhereItHurts","Corruption"],"picked":"SKIP","floor":40.0},{"not_picked":["Limit Break+1","Reaper"],"picked":"Feed","floor":42.0},{"not_picked":["Replay:Many Hands+1","Fiend Fire","Corruption"],"picked":"SKIP","floor":44.0},{"not_picked":["Warcry+1","Twin Strike+1","Flex+1"],"picked":"SKIP","floor":46.0},{"not_picked":["ReplayTheSpireMod:LeadingStrike+1","Headbutt+1"],"picked":"Entrench+1","floor":47.0},{"not_picked":["Feed","Exhume+1","conspire:HitWhereItHurts"],"picked":"SKIP","floor":48.0},{"not_picked":["Metallicize","Armaments+1","Pommel Strike"],"picked":"SKIP","floor":52.0},{"not_picked":["Juggernaut","Berserk","Fiend Fire"],"picked":"SKIP","floor":55.0},{"not_picked":["Sentinel+1","ReplayTheSpireMod:Strike From Hell","Battle Trance+1"],"picked":"SKIP","floor":56.0},{"not_picked":["Heavy Blade","Sword Boomerang","Headbutt"],"picked":"SKIP","floor":59.0},{"not_picked":["conspire:Purge+1","Limit Break+1","Juggernaut"],"picked":"SKIP","floor":61.0},{"not_picked":["Battle Trance+1","Twin Strike","Anger"],"picked":"SKIP","floor":62.0},{"not_picked":["Exhume+1","conspire:HitWhereItHurts","Berserk"],"picked":"SKIP","floor":64.0},{"not_picked":["Rage+1","conspire:Charge","Headbutt"],"picked":"SKIP","floor":65.0}],"player_experience":76980,"relics_obtained":[{"floor":6.0,"key":"Whetstone"},{"floor":8.0,"key":"reliquary:OuijaBoard"},{"floor":9.0,"key":"testmod-ConstraintPeriapt"},{"floor":11.0,"key":"testmod-LifeArmor"},{"floor":23.0,"key":"reliquary:Firecrackers"},{"floor":26.0,"key":"Dream Catcher"},{"floor":27.0,"key":"Self Forming Clay"},{"floor":28.0,"key":"reliquary:FerryPass"},{"floor":31.0,"key":"Nunchaku"},{"floor":40.0,"key":"Potion Belt"},{"floor":42.0,"key":"Replay:Bottled Eggs"},{"floor":43.0,"key":"King of Hearts"},{"floor":48.0,"key":"Replay:Rubber Ducky"},{"floor":50.0,"key":"Replay:PocketPolymizer"},{"floor":60.0,"key":"MealTicket"}],"event_choices":[{"damage_healed":0.0,"max_hp_gain":0.0,"max_hp_loss":0.0,"gold_gain":0.0,"event_name":"Living Wall","player_choice":"Grow","floor":4.0,"gold_loss":0.0,"damage_taken":0.0,"cards_upgraded":["Armaments"]},{"damage_healed":0.0,"max_hp_gain":0.0,"max_hp_loss":0.0,"gold_gain":999.0,"event_name":"恩洛斯的盘子","player_choice":"Sell","floor":19.0,"relics_lost":["Kintsugi"],"gold_loss":0.0,"damage_taken":0.0},{"damage_healed":0.0,"max_hp_gain":0.0,"max_hp_loss":0.0,"gold_gain":999.0,"event_name":"MindBloom","player_choice":"Gold","floor":37.0,"gold_loss":0.0,"damage_taken":0.0,"cards_obtained":["Normality","Normality"]},{"damage_healed":38.0,"max_hp_gain":0.0,"max_hp_loss":0.0,"gold_gain":0.0,"event_name":"Winding Halls","player_choice":"Writhe","floor":41.0,"gold_loss":0.0,"damage_taken":0.0,"cards_obtained":["Writhe"]},{"damage_healed":0.0,"max_hp_gain":0.0,"max_hp_loss":0.0,"gold_gain":0.0,"event_name":"The Woman in Blue","player_choice":"Bought 0 Potions","floor":53.0,"gold_loss":0.0,"damage_taken":0.0},{"damage_healed":0.0,"max_hp_gain":0.0,"max_hp_loss":0.0,"gold_gain":30.0,"event_name":"Dead Adventurer","player_choice":"Searched \u00273\u0027 times","floor":58.0,"gold_loss":0.0,"damage_taken":0.0,"relics_obtained":["Bronze Scales"]}],"is_beta":false,"boss_relics":[{"not_picked":["SacredBark","testmod-Nine"],"picked":"Kintsugi"},{"not_picked":["Honey Jar","testmod-DeterminationOfClimber"],"picked":"reliquary:RedCape"},{"not_picked":["Ring of Chaos","Busted Crown"],"picked":"testmod-TimeTraveler"},{"not_picked":["LagranYue:ContractPerformanceRelic","testmod-KeyOfTheVoid"],"picked":"reliquary:RedPaperclip"}],"items_purged_floors":[22,38,54],"is_endless":true,"potions_floor_spawned":[6,8,13,16,18,23,27,31,36,39,46,48,50,56,59,61,64,65],"killed_by":"Spheric Guardian","ascension_level":1}}