{"host":"f14d6hm2349s9jse","time":1613104637,"event":{"mods":["2.2 Compatiblity","BaseMod","GungeonMod","Minty Spire (QoL Compilation)","StSLib"],"gold_per_floor":[119,119,133,208,208,208,226,241,241,271,271,298,298,6,6,103,103,116,116,128,54,72,72,100,124,124,124,151,166,183,195,195,297,297,330,605,8,27,41,73,73,122,155,187,187,227,237,267,267,267,267,267,74,104,104,104],"floor_reached":55,"language":"ENG","playtime":4393,"items_purged":["Regret","Clumsy"],"score":1175,"play_id":"4cf8cbcb-38b8-4701-88f4-b77c335af634","local_time":"20210211233717","is_ascension_mode":true,"campfire_choices":[{"floor":6,"key":"REST"},{"floor":11,"key":"REST"},{"data":"DemoMod:Desperate","floor":15,"key":"SMITH"},{"floor":23,"key":"REST"},{"floor":27,"key":"REST"},{"floor":32,"key":"REST"},{"floor":41,"key":"RECALL"},{"floor":49,"key":"REST"},{"data":"DemoMod:PotionOfGunFriendShip","floor":52,"key":"SMITH"}],"circlet_count":0,"master_deck":["DemoMod:Strike_Huntress","DemoMod:Strike_Huntress","DemoMod:Strike_Huntress+1","DemoMod:Defend_Huntress","DemoMod:Defend_Huntress","DemoMod:Defend_Huntress","DemoMod:Defend_Huntress+1","DemoMod:Roll+1","DemoMod:ManualReload","DemoMod:CrossBow","DemoMod:SpreadAmmo","DemoMod:CursedBullets","DemoMod:BalloonGun","DemoMod:PotionOfGunFriendShip+1","DemoMod:ManualReload","DemoMod:FastSwitch","DemoMod:SkilledReload","DemoMod:Desperate+1","DemoMod:BlackHoleGun","CurseOfTheBell","DemoMod:AbyssalTentacle","Forethought","Jack Of All Trades","Enlightenment+1","DemoMod:TableSutra","DemoMod:ShadowBullets+1","DemoMod:TeaPot","DemoMod:TeaPot+1","DemoMod:TripleGun","DemoMod:BalloonGun","DemoMod:Evolver","DemoMod:GunslingerForm","DemoMod:BalloonGun","DemoMod:DarkMarker","DemoMod:TableSutra+1","DemoMod:ShadowBullets+1","DemoMod:MegaHand+1","DemoMod:Gungine","DemoMod:SniperShot+1","DemoMod:AC15+1","DemoMod:TripleGun+1"],"relics":["DemoMod:Dog","Gambling Chip","DemoMod:PinkGuonStone","Letter Opener","DemoMod:HipHolster","DemoMod:MonsterBlood","Anchor","Calling Bell","Pen Nib","Matryoshka","Pocketwatch","Smiling Mask","DemoMod:Plus1Bullets","DemoMod:SilverBullets","MealTicket","Philosopher\u0027s Stone","PreservedInsect","Pantograph","DemoMod:DecoyRelic","Ice Cream","Bottled Tornado","Dead Branch","Frozen Egg 2","DemoMod:PoisonVial","Art of War","War Paint","Bronze Scales"],"acts_visited":["Exordium","TheCity","TheBeyond","TheEnding"],"potions_floor_usage":[10,12,24,24,28,29,39,42,46,50,55],"damage_taken":[{"damage":0.0,"enemies":"2 Louse","floor":1.0,"turns":2.0},{"damage":5.0,"enemies":"Small Slimes","floor":3.0,"turns":4.0},{"damage":0,"enemies":"Cultist","floor":7,"turns":3},{"damage":0,"enemies":"3 Louse","floor":8,"turns":3},{"damage":32,"enemies":"Lagavulin","floor":10,"turns":6},{"damage":6,"enemies":"3 Sentries","floor":12,"turns":10},{"damage":0,"enemies":"Slime Boss","floor":16,"turns":3},{"damage":0,"enemies":"3 Byrds","floor":18,"turns":4},{"damage":9,"enemies":"Shell Parasite","floor":20,"turns":3},{"damage":22,"enemies":"Snake Plant","floor":22,"turns":4},{"damage":31,"enemies":"Book of Stabbing","floor":24,"turns":5},{"damage":14,"enemies":"Snecko","floor":25,"turns":5},{"damage":0,"enemies":"Slavers","floor":28,"turns":2},{"damage":0,"enemies":"3 Cultists","floor":29,"turns":3},{"damage":21,"enemies":"Snake Plant","floor":30,"turns":3},{"damage":3,"enemies":"Centurion and Healer","floor":31,"turns":8},{"damage":12,"enemies":"Automaton","floor":33,"turns":8},{"damage":0,"enemies":"Orb Walker","floor":35,"turns":1},{"damage":2,"enemies":"3 Shapes","floor":38,"turns":3},{"damage":3,"enemies":"Writhing Mass","floor":39,"turns":5},{"damage":0,"enemies":"Reptomancer","floor":40,"turns":2},{"damage":2,"enemies":"2 Orb Walkers","floor":42,"turns":4},{"damage":0,"enemies":"Maw","floor":43,"turns":5},{"damage":11,"enemies":"Nemesis","floor":44,"turns":5},{"damage":15,"enemies":"Reptomancer","floor":46,"turns":3},{"damage":0,"enemies":"Maw","floor":47,"turns":5},{"damage":0,"enemies":"Giant Head","floor":48,"turns":5},{"damage":10,"enemies":"Donu and Deca","floor":50,"turns":6},{"damage":0,"enemies":"Shield and Spear","floor":54,"turns":2},{"damage":153,"enemies":"The Heart","floor":55,"turns":6}],"seed_played":"5966811004447707548","potions_obtained":[{"floor":3.0,"key":"DemoMod:LeadSkinPotion"},{"floor":7,"key":"Energy Potion"},{"floor":8,"key":"GamblersBrew"},{"floor":12,"key":"Strength Potion"},{"floor":20,"key":"Ancient Potion"},{"floor":25,"key":"BlessingOfTheForge"},{"floor":28,"key":"Energy Potion"},{"floor":31,"key":"BlessingOfTheForge"},{"floor":33,"key":"Swift Potion"},{"floor":39,"key":"DuplicationPotion"},{"floor":46,"key":"ColorlessPotion"},{"floor":47,"key":"AttackPotion"}],"is_trial":false,"path_per_floor":["M","?","M","?","?","R","M","M","T","E","R","E","?","$","R","B",null,"M","?","M","$","M","R","E","M","T","R","E","M","M","M","R","B",null,"M","?","$","M","M","E","R","?","T","E","?","E","M","E","R","B",null,"R","$","E","B"],"character_chosen":"HUNTRESS","items_purchased":["Anchor","DemoMod:Desperate","DemoMod:TableSutra","PreservedInsect","Pantograph","DemoMod:BalloonGun","War Paint"],"campfire_rested":6,"item_purchase_floors":[14,14,21,37,37,37,53],"current_hp_per_floor":[70,56,51,40,40,61,61,61,68,36,59,53,57,57,57,57,84,84,57,48,48,26,51,20,6,6,31,31,31,10,7,32,20,84,84,84,84,82,79,79,79,77,77,66,66,51,51,51,76,74,84,84,84,84,0,0],"gold":104,"neow_bonus":"ONE_RARE_RELIC","is_daily":false,"chose_seed":false,"campfire_upgraded":2,"win_rate":0.0,"timestamp":1613104637,"path_taken":["M","?","M","?","?","R","?","M","T","E","R","E","?","$","R","BOSS","M","?","M","?","M","R","E","M","T","R","E","M","M","M","R","BOSS","M","?","$","?","M","E","R","?","T","E","?","E","M","E","R","BOSS","R","$","E","BOSS"],"items_purchased_type":["Relic","Card","Card","Relic","Relic","Card","Relic"],"build_version":"2020-12-22","purchased_purges":2,"victory":false,"max_hp_per_floor":[70,70,70,70,70,70,70,70,77,77,77,77,84,84,84,84,84,84,84,84,84,84,84,84,84,84,84,84,84,84,84,84,84,84,84,84,84,84,84,84,84,84,84,84,84,84,84,84,84,84,84,84,84,84,84,84],"card_choices":[{"not_picked":["DemoMod:HuntsMan","DemoMod:BattleInHaste"],"picked":"DemoMod:SpreadAmmo","floor":1.0},{"not_picked":["DemoMod:CombinedRifle","DemoMod:ConditionalReflex"],"picked":"DemoMod:CursedBullets","floor":3.0},{"not_picked":["DemoMod:Replace","DemoMod:LifeOrb"],"picked":"DemoMod:FastSwitch","floor":7},{"not_picked":["DemoMod:HardPowerCard","DemoMod:StickyCrossBow","DemoMod:Purify"],"picked":"SKIP","floor":8},{"not_picked":["DemoMod:CombinedRifle","DemoMod:AC15"],"picked":"DemoMod:SkilledReload","floor":10},{"not_picked":["DemoMod:ZorGun","DemoMod:StickyCrossBow","DemoMod:Ejector"],"picked":"SKIP","floor":12},{"not_picked":["DemoMod:Desperate","DemoMod:BalloonGun"],"picked":"DemoMod:BlackHoleGun","floor":16},{"not_picked":["DemoMod:JK47","DemoMod:CursedBullets"],"picked":"DemoMod:AbyssalTentacle","floor":18},{"not_picked":["DemoMod:Unmoved","DemoMod:Polaris","DemoMod:StickyCrossBow+1"],"picked":"SKIP","floor":20},{"not_picked":["DemoMod:BoxingGlove+1","DemoMod:TableSutra"],"picked":"DemoMod:ShadowBullets+1","floor":22},{"not_picked":["DemoMod:BattleInHaste","DemoMod:FastSwitch"],"picked":"DemoMod:TeaPot","floor":24},{"not_picked":["DemoMod:BoxingGlove","DemoMod:Polaris"],"picked":"DemoMod:TeaPot+1","floor":25},{"not_picked":["DemoMod:LifeOrb","DemoMod:DirectionalPad"],"picked":"DemoMod:TripleGun","floor":28},{"not_picked":["DemoMod:MachoBrace","DemoMod:Ejector"],"picked":"DemoMod:BalloonGun","floor":29},{"not_picked":["DemoMod:StrategicReserve","DemoMod:HuntsMan"],"picked":"DemoMod:Evolver","floor":30},{"not_picked":["DemoMod:SkilledReload+1","DemoMod:MachoBrace","DemoMod:JK47"],"picked":"SKIP","floor":31},{"not_picked":["DemoMod:DarkMarker","DemoMod:BlankBullets"],"picked":"DemoMod:GunslingerForm","floor":33},{"not_picked":["DemoMod:Casey","DemoMod:SAA","DemoMod:AC15"],"picked":"SKIP","floor":35},{"not_picked":["DemoMod:DirectionalPad","DemoMod:AC15"],"picked":"DemoMod:DarkMarker","floor":38},{"not_picked":["DemoMod:PotionOfGunFriendShip","DemoMod:CombinedRifle"],"picked":"DemoMod:TableSutra+1","floor":39},{"not_picked":["DemoMod:LifeOrb+1","DemoMod:Casey+1","DemoMod:Unmoved"],"picked":"SKIP","floor":40},{"not_picked":["DemoMod:DoubleSwitch","DemoMod:Unity"],"picked":"DemoMod:ShadowBullets+1","floor":42},{"not_picked":["DemoMod:BoxingGlove+1","DemoMod:BattleInHaste"],"picked":"DemoMod:MegaHand+1","floor":43},{"not_picked":["DemoMod:ProbeStrike+1","DemoMod:BattleInHaste"],"picked":"DemoMod:Gungine","floor":44},{"not_picked":["DemoMod:FightSabre","DemoMod:Ejector+1"],"picked":"DemoMod:SniperShot+1","floor":46},{"not_picked":["DemoMod:EasyReloadBullets+1","DemoMod:Casey","DemoMod:Rummage+1"],"picked":"SKIP","floor":47},{"not_picked":["DemoMod:MachoBrace","DemoMod:FastSwitch"],"picked":"DemoMod:AC15+1","floor":48},{"not_picked":["DemoMod:FullFirepower","DemoMod:JK47"],"picked":"DemoMod:TripleGun+1","floor":54}],"player_experience":2482785,"relics_obtained":[{"floor":9,"key":"DemoMod:PinkGuonStone"},{"floor":10,"key":"Letter Opener"},{"floor":12,"key":"DemoMod:HipHolster"},{"floor":17,"key":"Pen Nib"},{"floor":17,"key":"Matryoshka"},{"floor":17,"key":"Pocketwatch"},{"floor":24,"key":"Smiling Mask"},{"floor":26,"key":"DemoMod:Plus1Bullets"},{"floor":26,"key":"DemoMod:SilverBullets"},{"floor":28,"key":"MealTicket"},{"floor":40,"key":"DemoMod:DecoyRelic"},{"floor":42,"key":"Ice Cream"},{"floor":43,"key":"Bottled Tornado"},{"floor":44,"key":"Dead Branch"},{"floor":46,"key":"DemoMod:PoisonVial"},{"floor":48,"key":"Art of War"},{"floor":54,"key":"Bronze Scales"}],"event_choices":[{"damage_healed":0.0,"max_hp_gain":0.0,"max_hp_loss":0.0,"gold_gain":0.0,"event_name":"Shining Light","player_choice":"Entered Light","floor":2.0,"gold_loss":0.0,"damage_taken":14.0,"cards_upgraded":["DemoMod:Defend_Huntress","DemoMod:Strike_Huntress"]},{"damage_healed":0.0,"max_hp_gain":0.0,"max_hp_loss":0.0,"gold_gain":75.0,"event_name":"World of Goop","player_choice":"Gather Gold","floor":4.0,"gold_loss":0.0,"damage_taken":11.0},{"damage_healed":0,"gold_gain":0,"player_choice":"3 cards matched","damage_taken":0,"max_hp_gain":0,"max_hp_loss":0,"event_name":"Match and Keep!","floor":5,"gold_loss":0,"cards_obtained":["DemoMod:BalloonGun","DemoMod:PotionOfGunFriendShip","DemoMod:ManualReload"]},{"damage_healed":0,"gold_gain":0,"player_choice":"Success","damage_taken":3,"relics_obtained":["DemoMod:MonsterBlood"],"max_hp_gain":0,"max_hp_loss":0,"event_name":"Scrap Ooze","floor":13,"gold_loss":0},{"damage_healed":0,"gold_gain":0,"player_choice":"CARD CARD CARD ","damage_taken":27,"max_hp_gain":0,"max_hp_loss":0,"event_name":"Knowing Skull","floor":19,"potions_obtained":[],"gold_loss":0,"cards_obtained":["Forethought","Jack Of All Trades","Enlightenment"]},{"damage_healed":0,"gold_gain":275,"player_choice":"Desecrate","damage_taken":0,"max_hp_gain":0,"max_hp_loss":0,"event_name":"Golden Shrine","floor":36,"gold_loss":0,"cards_obtained":["Regret"]},{"damage_healed":0,"gold_gain":0,"player_choice":"Fight","damage_taken":0,"max_hp_gain":0,"max_hp_loss":0,"event_name":"Mysterious Sphere","floor":42,"gold_loss":0}],"is_beta":false,"boss_relics":[{"not_picked":["Velvet Choker","Tiny House"],"picked":"Calling Bell"},{"not_picked":["Runic Pyramid","SlaversCollar"],"picked":"Philosopher\u0027s Stone"}],"items_purged_floors":[37,53],"is_endless":false,"potions_floor_spawned":[3,7,8,12,20,25,28,31,33,35,39,46,47],"killed_by":"The Heart","ascension_level":3}}