{"host":"bgyhjzqafgkxdxsh","time":1613105531,"event":{"mods":["BaseMod","Colored Map","Minty Spire (QoL Compilation)","Relic Stats","StSLib","everything is the same but u backflip on backflip"],"gold_per_floor":[116,130,145,145,156,184,184,215,291,291,316,7,7,37,37,111,111,122,122,122,137,147,147,182,182,182,199,218,218,251,269,269,343,343,354,371,371,371,387,419,419,419,419,435,468,485,519,542,554,566,566],"floor_reached":50,"language":"ENG","playtime":2627,"items_purged":[],"score":1154,"play_id":"b6ba68d0-b9b7-405a-8fdf-627c48bcb391","local_time":"20210212145211","is_ascension_mode":true,"campfire_choices":[{"data":"A Thousand Cuts","floor":10,"key":"SMITH"},{"data":"Doppelganger","floor":13,"key":"SMITH"},{"data":"Backflip","floor":15,"key":"SMITH"},{"data":"Cloak And Dagger","floor":23,"key":"SMITH"},{"data":"Blade Dance","floor":25,"key":"SMITH"},{"data":"Neutralize","floor":29,"key":"SMITH"},{"data":"Dark Shackles","floor":32,"key":"SMITH"},{"data":"Leg Sweep","floor":41,"key":"SMITH"},{"floor":49,"key":"RECALL"}],"circlet_count":0,"master_deck":["AscendersBane","Strike_G+1","Strike_G+1","Strike_G+1","Strike_G+1","Strike_G+1","Defend_G+1","Defend_G+1","Defend_G+1","Defend_G+1","Defend_G+1","Survivor","Neutralize+1","Blade Dance+1","Flying Knee+1","Deadly Poison+1","Backflip+1","A Thousand Cuts+1","Doppelganger+1","All Out Attack","Dark Shackles+1","Cloak And Dagger+1","Calculated Gamble","Quick Slash","Choke+1","Envenom","Leg Sweep+1","Acrobatics","Skewer","Riddle With Holes+1"],"relics":["Ring of the Snake","Toy Ornithopter","Unceasing Top","Nunchaku","Vajra","Sling","Boot","Snecko Eye","Kunai","Pantograph","Gremlin Horn","Philosopher\u0027s Stone","Letter Opener","Ninja Scroll","Question Card","MawBank"],"acts_visited":["Exordium","TheCity","TheBeyond"],"potions_floor_usage":[8,16,24,30,33,42,44,46,50,50],"damage_taken":[{"damage":20,"enemies":"Jaw Worm","floor":1,"turns":4},{"damage":3,"enemies":"2 Louse","floor":2,"turns":4},{"damage":6,"enemies":"Cultist","floor":3,"turns":3},{"damage":1,"enemies":"Blue Slaver","floor":5,"turns":4},{"damage":20,"enemies":"Gremlin Nob","floor":6,"turns":4},{"damage":12,"enemies":"3 Sentries","floor":8,"turns":7},{"damage":37,"enemies":"Gremlin Nob","floor":11,"turns":5},{"damage":12,"enemies":"3 Sentries","floor":14,"turns":4},{"damage":1,"enemies":"Hexaghost","floor":16,"turns":7},{"damage":0,"enemies":"Spheric Guardian","floor":18,"turns":2},{"damage":0,"enemies":"Chosen","floor":21,"turns":5},{"damage":12,"enemies":"Centurion and Healer","floor":22,"turns":5},{"damage":0,"enemies":"Slavers","floor":24,"turns":2},{"damage":0,"enemies":"Snecko","floor":27,"turns":3},{"damage":0,"enemies":"Cultist and Chosen","floor":28,"turns":4},{"damage":0,"enemies":"Book of Stabbing","floor":30,"turns":3},{"damage":6,"enemies":"Centurion and Healer","floor":31,"turns":3},{"damage":24,"enemies":"Collector","floor":33,"turns":9},{"damage":1,"enemies":"3 Shapes","floor":35,"turns":3},{"damage":12,"enemies":"Orb Walker","floor":36,"turns":2},{"damage":0,"enemies":"Jaw Worm Horde","floor":39,"turns":2},{"damage":28,"enemies":"Nemesis","floor":40,"turns":5},{"damage":0,"enemies":"Spire Growth","floor":42,"turns":1},{"damage":9,"enemies":"Transient","floor":44,"turns":5},{"damage":0,"enemies":"Reptomancer","floor":45,"turns":3},{"damage":0,"enemies":"Jaw Worm Horde","floor":46,"turns":3},{"damage":1,"enemies":"Nemesis","floor":47,"turns":4},{"damage":0,"enemies":"Maw","floor":48,"turns":6},{"damage":66,"enemies":"Time Eater","floor":50,"turns":5}],"seed_played":"5563434900950352959","potions_obtained":[{"floor":1,"key":"Energy Potion"},{"floor":5,"key":"CultistPotion"},{"floor":14,"key":"Ancient Potion"},{"floor":16,"key":"DistilledChaos"},{"floor":24,"key":"CunningPotion"},{"floor":27,"key":"AttackPotion"},{"floor":30,"key":"Poison Potion"},{"floor":36,"key":"SmokeBomb"},{"floor":45,"key":"ColorlessPotion"},{"floor":47,"key":"Ancient Potion"},{"floor":48,"key":"GamblersBrew"}],"is_trial":false,"path_per_floor":["M","M","M","?","M","E","?","E","T","R","E","$","R","E","R","B",null,"M","?","?","M","M","R","E","R","T","M","M","R","E","M","R","B",null,"M","M","?","?","M","E","R","M","T","M","E","M","E","M","R","B"],"character_chosen":"THE_SILENT","items_purchased":["Vajra","Sling"],"campfire_rested":0,"item_purchase_floors":[12,12],"current_hp_per_floor":[45,42,36,22,21,1,72,65,65,65,28,28,28,16,16,20,59,59,59,59,59,47,47,52,52,52,52,52,52,57,51,51,48,66,65,53,53,53,53,25,25,30,30,26,26,31,30,30,30,0,0],"gold":566,"neow_bonus":"TEN_PERCENT_HP_BONUS","is_daily":false,"chose_seed":false,"campfire_upgraded":8,"win_rate":0.0,"timestamp":1613105531,"path_taken":["M","M","M","?","M","E","?","E","T","R","E","$","R","E","R","BOSS","M","?","?","M","M","R","E","R","T","?","M","R","E","M","R","BOSS","M","M","?","?","M","E","R","M","T","M","E","M","E","M","R","BOSS"],"items_purchased_type":["Relic","Relic"],"build_version":"2020-12-22","purchased_purges":0,"victory":false,"max_hp_per_floor":[72,72,72,72,72,72,72,72,72,72,72,72,72,72,72,72,72,72,72,72,72,72,72,72,72,72,72,72,72,72,72,72,72,72,72,72,72,72,72,72,72,72,72,72,72,72,72,72,72,72,72],"relic_stats":{"Gremlin Horn":[12,12],"counters":[29,117],"Letter Opener":[72],"Boot":[53],"Question Card":3,"MawBank":36,"Nunchaku":[30],"Pantograph":46,"Snecko Eye":[187,166,173,160],"Kunai":[58],"obtain_stats":[{"Gremlin Horn":30,"Vajra":12,"Letter Opener":40,"Sling":12,"Boot":14,"Question Card":45,"MawBank":47,"Nunchaku":11,"Ninja Scroll":43,"Pantograph":26,"Snecko Eye":17,"Philosopher\u0027s Stone":34,"Kunai":24,"Toy Ornithopter":6,"Unceasing Top":8,"Ring of the Snake":0},{"Gremlin Horn":16,"Vajra":7,"Letter Opener":22,"Sling":7,"Boot":8,"Question Card":25,"MawBank":27,"Nunchaku":7,"Ninja Scroll":23,"Pantograph":13,"Snecko Eye":9,"Philosopher\u0027s Stone":18,"Kunai":13,"Toy Ornithopter":5,"Unceasing Top":6,"Ring of the Snake":0},{"Gremlin Horn":66,"Vajra":31,"Letter Opener":90,"Sling":31,"Boot":35,"Question Card":99,"MawBank":106,"Nunchaku":31,"Ninja Scroll":91,"Pantograph":56,"Snecko Eye":42,"Philosopher\u0027s Stone":78,"Kunai":56,"Toy Ornithopter":19,"Unceasing Top":26,"Ring of the Snake":0}],"Toy Ornithopter":45,"Unceasing Top":[4],"Ring of the Snake":[46]},"card_choices":[{"not_picked":["Well Laid Plans","Backflip"],"picked":"Blade Dance","floor":1},{"not_picked":["Blade Dance","Acrobatics"],"picked":"Flying Knee","floor":2},{"not_picked":["Dodge and Roll","Deflect"],"picked":"Deadly Poison","floor":3},{"not_picked":["All Out Attack","Concentrate"],"picked":"Backflip","floor":5},{"not_picked":["Deadly Poison","Skewer"],"picked":"A Thousand Cuts","floor":6},{"not_picked":["Backflip","Dodge and Roll"],"picked":"Heel Hook","floor":8},{"not_picked":["Accuracy","Masterful Stab"],"picked":"Doppelganger","floor":11},{"not_picked":["Grand Finale","Terror"],"picked":"All Out Attack","floor":14},{"not_picked":["Distraction","Dagger Throw","Expertise"],"picked":"SKIP","floor":18},{"not_picked":["Concentrate","Blur"],"picked":"Cloak And Dagger","floor":21},{"not_picked":["Backflip","Quick Slash"],"picked":"Calculated Gamble","floor":22},{"not_picked":["Reflex","Poisoned Stab","Flying Knee"],"picked":"SKIP","floor":24},{"not_picked":["Backflip","Blur"],"picked":"Quick Slash","floor":27},{"not_picked":["Flechettes","Sucker Punch","Dodge and Roll"],"picked":"SKIP","floor":28},{"not_picked":["Expertise","Poisoned Stab","Cloak And Dagger"],"picked":"SKIP","floor":30},{"not_picked":["Sucker Punch","Backflip"],"picked":"Choke+1","floor":31},{"not_picked":["Grand Finale","Wraith Form v2"],"picked":"Envenom","floor":33},{"not_picked":["Flying Knee","PiercingWail+1"],"picked":"Leg Sweep","floor":35},{"not_picked":["Footwork","Poisoned Stab"],"picked":"Acrobatics","floor":36},{"not_picked":["Slice","Deadly Poison"],"picked":"Skewer","floor":39},{"not_picked":["All Out Attack+1","Distraction","Deflect+1"],"picked":"SKIP","floor":40},{"not_picked":["After Image","Masterful Stab","Backstab"],"picked":"SKIP","floor":44},{"not_picked":["Dash+1","Slice+1"],"picked":"Riddle With Holes+1","floor":45},{"not_picked":["Backflip","Sucker Punch","Dodge and Roll","Expertise"],"picked":"SKIP","floor":46},{"not_picked":["Grand Finale","Die Die Die","Well Laid Plans","Escape Plan"],"picked":"SKIP","floor":47},{"not_picked":["Dagger Spray","Backflip","Cloak And Dagger","Riddle With Holes"],"picked":"SKIP","floor":48}],"player_experience":505447,"relics_obtained":[{"floor":6,"key":"Toy Ornithopter"},{"floor":8,"key":"Unceasing Top"},{"floor":11,"key":"Nunchaku"},{"floor":14,"key":"Boot"},{"floor":24,"key":"Kunai"},{"floor":26,"key":"Pantograph"},{"floor":30,"key":"Gremlin Horn"},{"floor":40,"key":"Letter Opener"},{"floor":43,"key":"Ninja Scroll"},{"floor":45,"key":"Question Card"},{"floor":47,"key":"MawBank"}],"event_choices":[{"damage_healed":0,"gold_gain":0,"player_choice":"Entered Light","damage_taken":14,"max_hp_gain":0,"max_hp_loss":0,"event_name":"Shining Light","floor":4,"gold_loss":0,"cards_upgraded":["Deadly Poison","Flying Knee"]},{"damage_healed":71,"gold_gain":0,"player_choice":"Full Heal","damage_taken":0,"max_hp_gain":0,"max_hp_loss":0,"event_name":"Wheel of Change","floor":7,"gold_loss":0},{"damage_healed":0,"gold_gain":0,"player_choice":"Simplicity","damage_taken":0,"max_hp_gain":0,"max_hp_loss":0,"event_name":"Back to Basics","floor":19,"gold_loss":0,"cards_upgraded":["Strike_G","Strike_G","Strike_G","Strike_G","Strike_G","Defend_G","Defend_G","Defend_G","Defend_G","Defend_G"]},{"damage_healed":0,"gold_gain":0,"player_choice":"1 cards matched","damage_taken":0,"max_hp_gain":0,"max_hp_loss":0,"event_name":"Match and Keep!","floor":20,"gold_loss":0,"cards_obtained":["Dark Shackles"]},{"damage_healed":0,"gold_gain":0,"player_choice":"Ignored","damage_taken":0,"max_hp_gain":0,"max_hp_loss":0,"event_name":"Tomb of Lord Red Mask","floor":37,"gold_loss":0},{"cards_removed":["Heel Hook"],"damage_healed":0,"gold_gain":0,"player_choice":"Removed Attack","damage_taken":0,"max_hp_gain":0,"max_hp_loss":0,"event_name":"Falling","floor":38,"gold_loss":0}],"is_beta":false,"boss_relics":[{"not_picked":["HoveringKite","Velvet Choker"],"picked":"Snecko Eye"},{"not_picked":["Busted Crown","Calling Bell"],"picked":"Philosopher\u0027s Stone"}],"items_purged_floors":[],"is_endless":false,"potions_floor_spawned":[1,5,14,16,22,24,27,28,30,36,45,47,48],"killed_by":"Time Eater","ascension_level":14}}