{"host":"6azrrw3tf7wb0f4b","time":1613143664,"event":{"mods":["BaseMod","DeckTracker","Minty Spire (QoL Compilation)","SuperFastMode"],"gold_per_floor":[116,191,43,120,195,195,228,238,238,238,248,258,258,271,271,374,374,384,400,400,57,156,181,181,181,207,221,221,233,253,35,35,133,133,151,26,37,57,57,88,138,138,215,215,215],"floor_reached":44,"language":"KOR","playtime":929,"items_purged":["Defend_B","Strike_B","Strike_B"],"score":456,"play_id":"89a454ca-393f-4f8f-9621-2b18ef981a2f","local_time":"20210213002744","is_ascension_mode":false,"campfire_choices":[{"data":"Doom and Gloom","floor":6,"key":"SMITH"},{"floor":10,"key":"REST"},{"data":"Rainbow","floor":13,"key":"SMITH"},{"data":"Echo Form","floor":15,"key":"SMITH"},{"floor":24,"key":"REST"},{"data":"Defragment","floor":32,"key":"SMITH"},{"floor":42,"key":"RECALL"}],"circlet_count":0,"master_deck":["Strike_B","Strike_B+1","Defend_B","Defend_B","Defend_B","Zap","Dualcast","Echo Form+1","Leap","Doom and Gloom+1","Beam Cell","Undo","Cold Snap","Electrodynamics","CurseOfTheBell","Hologram+1","Chaos+1","Compile Driver+1","Go for the Eyes","Conserve Battery+1","Melter+1","Glacier+1","Defragment+1","Turbo+1","Amplify+1","Self Repair","Coolheaded+1","Core Surge","Chill+1","Aggregate+1","Coolheaded+1","Stack+1"],"relics":["Cracked Core","MealTicket","Mercury Hourglass","Calling Bell","Dream Catcher","Sundial","Unceasing Top","Toxic Egg 2","Whetstone","Boot","Orrery","Coffee Dripper","DataDisk","Gambling Chip"],"acts_visited":["Exordium","TheCity","TheBeyond"],"potions_floor_usage":[19,40,41],"damage_taken":[{"damage":12,"enemies":"2 Louse","floor":1,"turns":3},{"damage":30,"enemies":"Gremlin Nob","floor":7,"turns":4},{"damage":0,"enemies":"Jaw Worm","floor":8,"turns":3},{"damage":0,"enemies":"Small Slimes","floor":11,"turns":2},{"damage":6,"enemies":"Red Slaver","floor":12,"turns":3},{"damage":0,"enemies":"2 Fungi Beasts","floor":14,"turns":1},{"damage":8,"enemies":"Hexaghost","floor":16,"turns":8},{"damage":10,"enemies":"Chosen","floor":18,"turns":3},{"damage":0,"enemies":"3 Byrds","floor":19,"turns":2},{"damage":59,"enemies":"Book of Stabbing","floor":23,"turns":8},{"damage":6,"enemies":"Cultist and Chosen","floor":27,"turns":5},{"damage":11,"enemies":"Centurion and Healer","floor":29,"turns":6},{"damage":14,"enemies":"Sentry and Sphere","floor":30,"turns":4},{"damage":5,"enemies":"Champ","floor":33,"turns":12},{"damage":8,"enemies":"3 Darklings","floor":35,"turns":3},{"damage":3,"enemies":"Orb Walker","floor":37,"turns":3},{"damage":0,"enemies":"Maw","floor":38,"turns":10},{"damage":25,"enemies":"Reptomancer","floor":40,"turns":6},{"damage":2,"enemies":"Mind Bloom Boss Battle","floor":41,"turns":7},{"damage":72,"enemies":"2 Orb Walkers","floor":44,"turns":5}],"seed_played":"4763574300464965644","potions_obtained":[{"floor":7,"key":"Strength Potion"},{"floor":12,"key":"LiquidMemories"},{"floor":23,"key":"Dexterity Potion"},{"floor":27,"key":"SteroidPotion"},{"floor":29,"key":"FocusPotion"},{"floor":40,"key":"SkillPotion"}],"is_trial":false,"path_per_floor":["M","?","$","?","?","R","E","M","T","R","M","M","R","M","R","B",null,"M","M","?","$","?","E","R","?","T","M","?","M","M","$","R","B",null,"M","$","M","M","$","E","?","R","T","?"],"character_chosen":"DEFECT","items_purchased":["Doom and Gloom","Toxic Egg 2","Defragment","Orrery"],"campfire_rested":2,"item_purchase_floors":[3,21,31,31],"current_hp_per_floor":[56,45,45,45,39,39,9,9,9,29,29,23,23,23,23,15,68,58,58,58,68,68,9,29,17,17,11,83,72,58,73,73,75,83,75,83,80,83,83,72,70,70,70,0,0],"gold":215,"neow_bonus":"THREE_RARE_CARDS","is_daily":false,"chose_seed":false,"campfire_upgraded":4,"win_rate":0.0,"timestamp":1613143664,"path_taken":["M","?","$","?","?","R","E","M","T","R","M","?","R","M","R","BOSS","M","M","?","$","?","E","R","?","T","M","?","?","M","?","R","BOSS","M","$","M","M","$","E","?","R","T","?"],"items_purchased_type":["Card","Relic","Card","Relic"],"build_version":"2020-12-22","purchased_purges":3,"victory":false,"max_hp_per_floor":[68,68,68,68,68,68,68,68,68,68,68,68,68,68,68,68,68,68,68,68,68,68,68,68,73,73,73,83,83,83,83,83,83,83,83,83,83,83,83,83,83,83,83,83,83],"card_choices":[{"not_picked":["Seek","Meteor Strike"],"picked":"Echo Form","floor":0},{"not_picked":["Sweeping Beam","Redo"],"picked":"Leap","floor":1},{"not_picked":["Rip and Tear","Gash"],"picked":"Beam Cell","floor":7},{"not_picked":["Hologram","Ball Lightning"],"picked":"Undo","floor":8},{"not_picked":["Compile Driver","Auto Shields"],"picked":"Cold Snap","floor":11},{"not_picked":["Ball Lightning","Steam Power"],"picked":"Rainbow","floor":12},{"not_picked":["Sweeping Beam","Redo","Steam Power"],"picked":"SKIP","floor":14},{"not_picked":["Rainbow","Echo Form"],"picked":"Electrodynamics","floor":16},{"not_picked":["Steam Power","Reprogram"],"picked":"Hologram+1","floor":18},{"not_picked":["Scrape","Streamline"],"picked":"Chaos+1","floor":19},{"not_picked":["Sweeping Beam","Beam Cell+1"],"picked":"Go for the Eyes","floor":23},{"not_picked":["Hologram+1","Fission+1"],"picked":"Conserve Battery+1","floor":24},{"not_picked":["Steam Power+1","Compile Driver"],"picked":"Melter+1","floor":27},{"not_picked":["Leap+1","Compile Driver","Cold Snap"],"picked":"SKIP","floor":29},{"not_picked":["Melter","Scrape+1"],"picked":"Glacier+1","floor":30},{"not_picked":["Leap+1","Stack+1"],"picked":"Turbo+1","floor":31},{"not_picked":["Blizzard","Doom and Gloom"],"picked":"Amplify+1","floor":31},{"not_picked":["Leap+1","Sweeping Beam+1"],"picked":"Self Repair","floor":31},{"not_picked":["Gash","Glacier+1"],"picked":"Coolheaded+1","floor":31},{"not_picked":["Fission+1","Rainbow+1"],"picked":"Core Surge","floor":33},{"not_picked":["Sweeping Beam","Compile Driver+1","Barrage+1"],"picked":"SKIP","floor":35},{"not_picked":["Coolheaded+1","Leap+1"],"picked":"Chill+1","floor":37},{"not_picked":["Stack+1","Barrage"],"picked":"Aggregate+1","floor":38},{"not_picked":["Steam+1","Consume+1"],"picked":"Coolheaded+1","floor":40},{"not_picked":["Defragment","Steam+1"],"picked":"Stack+1","floor":41}],"player_experience":771463,"relics_obtained":[{"floor":7,"key":"MealTicket"},{"floor":9,"key":"Mercury Hourglass"},{"floor":17,"key":"Dream Catcher"},{"floor":17,"key":"Sundial"},{"floor":17,"key":"Unceasing Top"},{"floor":23,"key":"Whetstone"},{"floor":26,"key":"Boot"},{"floor":40,"key":"DataDisk"},{"floor":41,"key":"Gambling Chip"}],"event_choices":[{"damage_healed":0,"gold_gain":75,"player_choice":"Gather Gold","damage_taken":11,"max_hp_gain":0,"max_hp_loss":0,"event_name":"World of Goop","floor":2,"gold_loss":0},{"damage_healed":0,"gold_gain":77,"player_choice":"Gained Gold","damage_taken":0,"max_hp_gain":0,"max_hp_loss":0,"event_name":"Golden Wing","floor":4,"gold_loss":0},{"damage_healed":0,"gold_gain":75,"player_choice":"Touch","damage_taken":6,"max_hp_gain":0,"max_hp_loss":0,"event_name":"FaceTrader","floor":5,"gold_loss":0},{"damage_healed":0,"gold_gain":0,"player_choice":"Read","damage_taken":0,"max_hp_gain":0,"max_hp_loss":0,"event_name":"The Library","floor":20,"gold_loss":0,"cards_obtained":["Compile Driver"]},{"damage_healed":0,"gold_gain":99,"player_choice":"Stole From Cult","damage_taken":0,"max_hp_gain":0,"max_hp_loss":0,"event_name":"Nest","floor":22,"gold_loss":0},{"damage_healed":0,"gold_gain":0,"player_choice":"Shed Blood","damage_taken":17,"max_hp_gain":5,"max_hp_loss":0,"event_name":"Forgotten Altar","floor":25,"gold_loss":0},{"cards_removed":["Rainbow"],"damage_healed":62,"gold_gain":0,"player_choice":"Offered Rare","damage_taken":0,"max_hp_gain":10,"max_hp_loss":0,"event_name":"Bonfire Elementals","floor":28,"gold_loss":0},{"damage_healed":0,"gold_gain":0,"player_choice":"Fight","damage_taken":0,"max_hp_gain":0,"max_hp_loss":0,"event_name":"MindBloom","floor":41,"gold_loss":0},{"damage_healed":0,"gold_gain":0,"player_choice":"Fight","damage_taken":0,"max_hp_gain":0,"max_hp_loss":0,"event_name":"Mysterious Sphere","floor":44,"gold_loss":0}],"is_beta":false,"boss_relics":[{"not_picked":["Snecko Eye","SlaversCollar"],"picked":"Calling Bell"},{"not_picked":["Philosopher\u0027s Stone","Velvet Choker"],"picked":"Coffee Dripper"}],"items_purged_floors":[3,21,36],"is_endless":false,"potions_floor_spawned":[7,12,23,27,29,35,40],"killed_by":"2 Orb Walkers","ascension_level":0}}