{"host":"bf5upntvbdompq33","time":1613148018,"event":{"mods":["BaseMod","Colored Map","Colored Powertips","Curses Come First","Minty Spire (QoL Compilation)","StSLib","The Dragon Tamer","The Hierophant","The Marked","The Mystic","The Servant 0.9.4"],"gold_per_floor":[115,129,404,423,423,423,449,469,469,469,469,482,557,567,567,567,567],"floor_reached":16,"language":"ENG","playtime":625,"items_purged":[],"score":158,"play_id":"7922649a-109b-4b43-b89d-fda8612a8286","local_time":"20210212094018","is_ascension_mode":true,"campfire_choices":[{"data":"Zap","floor":6,"key":"SMITH"},{"floor":10,"key":"REST"},{"floor":15,"key":"REST"}],"circlet_count":0,"master_deck":["AscendersBane","Strike_B","Strike_B","Strike_B","Strike_B","Defend_B","Defend_B","Defend_B","Defend_B","Zap+1","Dualcast","Beam Cell","Conserve Battery","Regret","Glacier","Streamline","Electrodynamics","FTL"],"relics":["Cracked Core","NeowsBlessing","Pen Nib","Mummified Hand","Singing Bowl"],"acts_visited":["Exordium"],"potions_floor_usage":[],"damage_taken":[{"damage":0,"enemies":"Small Slimes","floor":1,"turns":1},{"damage":0,"enemies":"Cultist","floor":2,"turns":1},{"damage":0,"enemies":"2 Louse","floor":4,"turns":1},{"damage":50,"enemies":"3 Sentries","floor":7,"turns":15},{"damage":10,"enemies":"Blue Slaver","floor":8,"turns":4},{"damage":5,"enemies":"Large Slime","floor":12,"turns":6},{"damage":1,"enemies":"2 Fungi Beasts","floor":14,"turns":2},{"damage":41,"enemies":"The Guardian","floor":16,"turns":14}],"seed_played":"3401712128420342838","potions_obtained":[{"floor":7,"key":"SpeedPotion"},{"floor":12,"key":"Energy Potion"}],"is_trial":false,"path_per_floor":["M","M","?","M","?","R","E","M","T","R","?","M","?","M","R","B"],"character_chosen":"DEFECT","items_purchased":[],"campfire_rested":2,"item_purchase_floors":[],"current_hp_per_floor":[68,68,68,68,73,73,23,13,13,37,30,25,14,15,39,0,0],"gold":567,"neow_bonus":"THREE_ENEMY_KILL","is_daily":false,"chose_seed":false,"campfire_upgraded":1,"win_rate":0.0,"timestamp":1613148018,"path_taken":["M","M","?","?","?","R","E","M","T","R","?","M","?","M","R","BOSS"],"items_purchased_type":[],"build_version":"2020-12-22","purchased_purges":0,"victory":false,"max_hp_per_floor":[75,75,75,75,80,80,80,80,80,80,80,80,80,82,82,82,82],"card_choices":[{"not_picked":["Turbo","Go for the Eyes"],"picked":"Beam Cell","floor":1},{"not_picked":["Hologram","White Noise"],"picked":"Conserve Battery","floor":2},{"not_picked":["Coolheaded","Double Energy"],"picked":"Glacier","floor":4},{"not_picked":["Gash","Skim"],"picked":"Streamline","floor":7},{"not_picked":["Cold Snap","Chaos"],"picked":"Electrodynamics","floor":8},{"not_picked":["Gash","Stack"],"picked":"FTL","floor":12},{"not_picked":["Compile Driver","Double Energy","Stack"],"picked":"Singing Bowl","floor":14}],"player_experience":1559345,"relics_obtained":[{"floor":7,"key":"Pen Nib"},{"floor":9,"key":"Mummified Hand"}],"event_choices":[{"damage_healed":0,"gold_gain":275,"player_choice":"Desecrate","damage_taken":0,"max_hp_gain":0,"max_hp_loss":0,"event_name":"Golden Shrine","floor":3,"gold_loss":0,"cards_obtained":["Regret"]},{"damage_healed":0,"gold_gain":0,"player_choice":"Donut","damage_taken":0,"max_hp_gain":5,"max_hp_loss":0,"event_name":"Big Fish","floor":5,"gold_loss":0},{"damage_healed":0,"gold_gain":0,"player_choice":"Success","damage_taken":7,"relics_obtained":["Singing Bowl"],"max_hp_gain":0,"max_hp_loss":0,"event_name":"Scrap Ooze","floor":11,"gold_loss":0},{"damage_healed":0,"gold_gain":75,"player_choice":"Gather Gold","damage_taken":11,"max_hp_gain":0,"max_hp_loss":0,"event_name":"World of Goop","floor":13,"gold_loss":0}],"is_beta":false,"boss_relics":[],"items_purged_floors":[],"is_endless":false,"potions_floor_spawned":[7,12],"killed_by":"The Guardian","ascension_level":11}}