{"host":"362zhnvmfmhc3u7b","time":1613100089,"event":{"mods":["BaseMod","Colored Powertips","Minty Spire (QoL Compilation)","Quick Restart","Rare Cards Sparkle","StSLib"],"gold_per_floor":[116,116,135,146,160,160,195,9,9,34,54,70,18,29,29,102,102,114,24,40,51,51,51],"floor_reached":22,"language":"ENG","playtime":1212,"items_purged":[],"score":390,"play_id":"f14059dd-a5d3-43c3-a5a8-f2ae06d44677","local_time":"20210211222129","is_ascension_mode":true,"campfire_choices":[{"data":"Bash","floor":6,"key":"SMITH"},{"floor":15,"key":"REST"}],"circlet_count":0,"master_deck":["AscendersBane","Strike_R","Strike_R","Strike_R","Strike_R","Strike_R","Defend_R","Defend_R","Defend_R","Defend_R","Bash+1","Bludgeon+1","Pommel Strike","Cleave","Intimidate","Ghostly Armor","Hemokinesis","Shrug It Off","Dropkick","Dual Wield","Inflame","Warcry","Thunderclap","Double Tap","Rupture+1","Blind","Spot Weakness","Body Slam+1"],"relics":["Burning Blood","Question Card","Lee\u0027s Waffle","Mummified Hand","HornCleat","Coffee Dripper"],"acts_visited":["Exordium","TheCity"],"potions_floor_usage":[4,16,16,22],"damage_taken":[{"damage":6,"enemies":"Small Slimes","floor":1,"turns":3},{"damage":0,"enemies":"Cultist","floor":3,"turns":2},{"damage":7,"enemies":"Jaw Worm","floor":4,"turns":3},{"damage":2,"enemies":"2 Fungi Beasts","floor":5,"turns":3},{"damage":30,"enemies":"3 Sentries","floor":7,"turns":8},{"damage":27,"enemies":"Lagavulin","floor":10,"turns":6},{"damage":19,"enemies":"3 Louse","floor":11,"turns":4},{"damage":6,"enemies":"Looter","floor":12,"turns":3},{"damage":8,"enemies":"Lots of Slimes","floor":14,"turns":5},{"damage":47,"enemies":"Hexaghost","floor":16,"turns":11},{"damage":13,"enemies":"Chosen","floor":18,"turns":5},{"damage":17,"enemies":"2 Thieves","floor":20,"turns":4},{"damage":22,"enemies":"Centurion and Healer","floor":21,"turns":6},{"damage":27,"enemies":"Sentry and Sphere","floor":22,"turns":4}],"seed_played":"3929324713632637460","potions_obtained":[{"floor":3,"key":"ColorlessPotion"},{"floor":10,"key":"SpeedPotion"},{"floor":11,"key":"PowerPotion"},{"floor":20,"key":"SpeedPotion"},{"floor":21,"key":"ColorlessPotion"}],"is_trial":false,"path_per_floor":["M","?","M","M","M","R","E","$","T","E","M","M","$","M","R","B",null,"M","$","M","M","M"],"character_chosen":"IRONCLAD","items_purchased":["Lee\u0027s Waffle","Shrug It Off","Warcry","Blind"],"campfire_rested":1,"item_purchase_floors":[8,8,13,19],"current_hp_per_floor":[68,68,68,67,68,68,44,75,75,54,41,41,41,39,61,20,61,54,54,43,27,0,0],"gold":51,"neow_bonus":"THREE_RARE_CARDS","is_daily":false,"chose_seed":false,"campfire_upgraded":1,"win_rate":0.0,"timestamp":1613100089,"path_taken":["M","?","M","M","M","R","E","$","T","E","M","M","$","M","R","BOSS","M","$","M","?","M"],"items_purchased_type":["Relic","Card","Card","Card"],"build_version":"2020-12-22","purchased_purges":0,"victory":false,"max_hp_per_floor":[68,68,68,68,68,68,68,75,75,75,75,75,75,75,75,75,75,75,75,75,75,75,75],"card_choices":[{"not_picked":["Brutality","Limit Break"],"picked":"Bludgeon","floor":0},{"not_picked":["Sever Soul","Clothesline"],"picked":"Pommel Strike","floor":1},{"not_picked":["Clash","Body Slam"],"picked":"Cleave","floor":3},{"not_picked":["Clash","Cleave"],"picked":"Intimidate","floor":4},{"not_picked":["Clothesline","Entrench"],"picked":"Ghostly Armor","floor":5},{"not_picked":["Seeing Red","Body Slam"],"picked":"Hemokinesis","floor":7},{"not_picked":["Feel No Pain","Blood for Blood","Carnage"],"picked":"Dropkick","floor":10},{"not_picked":["Havoc","Impervious","Clothesline"],"picked":"Dual Wield","floor":11},{"not_picked":["Perfected Strike","Shrug It Off","Heavy Blade"],"picked":"Inflame","floor":12},{"not_picked":["Burning Pact","Flex","Demon Form"],"picked":"Thunderclap","floor":14},{"not_picked":["Juggernaut","Corruption","Bludgeon"],"picked":"Double Tap","floor":16},{"not_picked":["Shockwave","Heavy Blade","Flex+1"],"picked":"Rupture+1","floor":18},{"not_picked":["Sword Boomerang","Sentinel","Clash"],"picked":"Spot Weakness","floor":20},{"not_picked":["Cleave","Armaments","Thunderclap"],"picked":"Body Slam+1","floor":21}],"player_experience":1593554,"relics_obtained":[{"floor":7,"key":"Question Card"},{"floor":9,"key":"Mummified Hand"},{"floor":10,"key":"HornCleat"}],"event_choices":[{"damage_healed":0,"gold_gain":0,"player_choice":"Upgraded","damage_taken":0,"max_hp_gain":0,"max_hp_loss":0,"event_name":"Upgrade Shrine","floor":2,"gold_loss":0,"cards_upgraded":["Bludgeon"]}],"is_beta":false,"boss_relics":[{"not_picked":["Empty Cage","Black Star"],"picked":"Coffee Dripper"}],"items_purged_floors":[],"is_endless":false,"potions_floor_spawned":[3,10,11,20,21],"killed_by":"Sentry and Sphere","ascension_level":19}}