{"host":"Bilverbakes","time":1613161598,"event":{"mods":["2.2 Compatiblity","AchievementEnabler","BaseMod","Bestiary","Colored Map","Minty Spire (QoL Compilation)","Relic Stats","StSLib","ojb\u0027s Info Mod"],"gold_per_floor":[116,2,22,38,50,50,83,103,128,128,128,93,93,127,127,127,127],"floor_reached":16,"language":"ENG","playtime":515,"items_purged":["Strike_G"],"score":220,"play_id":"d8f5524e-c775-4bfd-b149-c02f43c1b355","local_time":"20210212142638","is_ascension_mode":true,"campfire_choices":[{"data":"Adrenaline","floor":6,"key":"SMITH"},{"floor":11,"key":"REST"},{"data":"Poisoned Stab","floor":13,"key":"SMITH"},{"data":"Footwork","floor":15,"key":"SMITH"}],"circlet_count":0,"master_deck":["AscendersBane","Strike_G","Strike_G","Strike_G","Strike_G","Defend_G","Defend_G","Defend_G","Defend_G","Defend_G","Survivor","Neutralize","Adrenaline+1","Predator","Predator","Blade Dance","Footwork+1","Poisoned Stab+1","PiercingWail","Concentrate"],"relics":["Ring of the Snake","Juzu Bracelet","Potion Belt","Toy Ornithopter"],"acts_visited":["Exordium"],"potions_floor_usage":[5,16],"damage_taken":[{"damage":2.0,"enemies":"Cultist","floor":1.0,"turns":5.0},{"damage":0.0,"enemies":"Small Slimes","floor":3.0,"turns":2.0},{"damage":1.0,"enemies":"Jaw Worm","floor":4.0,"turns":2.0},{"damage":0,"enemies":"Lots of Slimes","floor":5,"turns":4},{"damage":33,"enemies":"Lagavulin","floor":7,"turns":8},{"damage":7,"enemies":"Large Slime","floor":8,"turns":5},{"damage":17,"enemies":"3 Sentries","floor":14,"turns":9},{"damage":19,"enemies":"The Guardian","floor":16,"turns":5}],"seed_played":"6510844970577324011","potions_obtained":[{"floor":3.0,"key":"DuplicationPotion"},{"floor":8,"key":"Poison Potion"}],"is_trial":false,"path_per_floor":["M","$","M","M","M","R","E","M","T","?","R","?","R","E","R","B"],"character_chosen":"THE_SILENT","items_purchased":["Predator"],"campfire_rested":1,"item_purchase_floors":[2],"current_hp_per_floor":[42,42,42,41,41,41,8,1,1,1,20,36,36,19,19,5,5],"gold":127,"neow_bonus":"THREE_RARE_CARDS","is_daily":false,"chose_seed":false,"campfire_upgraded":3,"win_rate":0.0,"timestamp":1613161598,"path_taken":["M","$","M","M","M","R","E","M","T","?","R","?","R","E","R","BOSS"],"items_purchased_type":["Card"],"build_version":"2020-12-18","purchased_purges":1,"victory":false,"max_hp_per_floor":[66,66,66,66,66,66,66,66,66,66,66,66,66,66,66,66,66],"relic_stats":{"counters":[8,40],"Juzu Bracelet":0,"obtain_stats":[{"Potion Belt":9,"Juzu Bracelet":7,"Toy Ornithopter":14,"Ring of the Snake":0},{"Potion Belt":6,"Juzu Bracelet":5,"Toy Ornithopter":7,"Ring of the Snake":0},{"Potion Belt":26,"Juzu Bracelet":21,"Toy Ornithopter":35,"Ring of the Snake":0}],"Toy Ornithopter":5,"Ring of the Snake":[16]},"card_choices":[{"not_picked":["Envenom","Burst"],"picked":"Adrenaline","floor":0.0},{"not_picked":["Backflip","Acrobatics"],"picked":"Predator","floor":1.0},{"not_picked":["Cloak And Dagger","Backflip"],"picked":"Blade Dance","floor":3.0},{"not_picked":["Cloak And Dagger","Dagger Spray"],"picked":"Footwork","floor":4.0},{"not_picked":["Distraction","Blur"],"picked":"Poisoned Stab","floor":5},{"not_picked":["Reflex","Slice","A Thousand Cuts"],"picked":"SKIP","floor":7},{"not_picked":["Underhanded Strike","Tactician"],"picked":"PiercingWail","floor":8},{"not_picked":["Dagger Spray","Predator"],"picked":"Concentrate","floor":14}],"player_experience":942497,"relics_obtained":[{"floor":7,"key":"Juzu Bracelet"},{"floor":9,"key":"Potion Belt"},{"floor":14,"key":"Toy Ornithopter"}],"event_choices":[{"damage_healed":0,"gold_gain":0,"player_choice":"Ignored","damage_taken":0,"max_hp_gain":0,"max_hp_loss":0,"event_name":"Liars Game","floor":10,"gold_loss":0},{"damage_healed":16,"gold_gain":0,"player_choice":"Healed","damage_taken":0,"max_hp_gain":0,"max_hp_loss":0,"event_name":"The Cleric","floor":12,"gold_loss":35}],"is_beta":true,"boss_relics":[],"items_purged_floors":[2],"is_endless":false,"potions_floor_spawned":[3,8],"killed_by":"The Guardian","ascension_level":20}}