{"host":"Kid Ruckus","time":1613092803,"event":{"mods":["BaseMod","Minty Spire (QoL Compilation)","StSLib"],"gold_per_floor":[111,121,121,121,121,164,164,199,246,280,298,298,314,358,358,454,454,470,470,489,253,253,596,596,640,665,665,686,717,310,351,351,445,445,466,489,489,512,539,572,305,305,374,410,433,471,485,525,525,525,525,525,218,253,253],"floor_reached":56,"language":"ENG","playtime":3867,"items_purged":[],"score":2940,"play_id":"452868f0-12a8-4a66-b5d2-57da5484023b","local_time":"20210211202003","daily_mods":["SealedDeck"],"is_ascension_mode":true,"campfire_choices":[{"data":"Finisher","floor":7,"key":"SMITH"},{"data":"Skewer","floor":12,"key":"SMITH"},{"data":"Calculated Gamble","floor":15,"key":"SMITH"},{"data":"Burst","floor":24,"key":"SMITH"},{"data":"Well Laid Plans","floor":27,"key":"SMITH"},{"data":"Footwork","floor":32,"key":"SMITH"},{"data":"Footwork","floor":42,"key":"SMITH"},{"floor":49,"key":"RECALL"},{"data":"Footwork","floor":52,"key":"SMITH"}],"circlet_count":0,"master_deck":["AscendersBane","Skewer+1","Finisher+1","Footwork+1","Calculated Gamble+1","Deflect","Deflect","Calculated Gamble+1","Backflip","Blade Dance","Footwork+1","Dodge and Roll","Backflip","Flying Knee+1","Burst+1","Dodge and Roll","Master of Strategy","Well Laid Plans+1","Envenom","Leg Sweep","Reflex","Master of Strategy","Adrenaline","CurseOfTheBell","Blade Dance","Concentrate+1","Panache","Footwork+1","Blur","Prepared+1"],"relics":["Ring of the Snake","Golden Idol","Anchor","Ice Cream","Mummified Hand","Ancient Tea Set","Bronze Scales","CaptainsWheel","Black Star","Old Coin","Sundial","Turnip","Ginger","MealTicket","Tingsha","Bag of Preparation","Snake Skull","Bag of Marbles","Boot","Calling Bell","Lantern","Mercury Hourglass","TungstenRod","Oddly Smooth Stone","Blood Vial","Ornamental Fan","Incense Burner","Pen Nib","StrikeDummy","Eternal Feather","CeramicFish","Whetstone","Nunchaku","Centennial Puzzle","Blue Candle","Bottled Tornado"],"acts_visited":["Exordium","TheCity","TheBeyond","TheEnding"],"potions_floor_usage":[6,33,33,55,55],"damage_taken":[{"damage":0,"enemies":"Jaw Worm","floor":1,"turns":3},{"damage":0,"enemies":"2 Louse","floor":2,"turns":1},{"damage":2,"enemies":"Gremlin Nob","floor":6,"turns":3},{"damage":0,"enemies":"3 Sentries","floor":8,"turns":5},{"damage":0,"enemies":"Gremlin Nob","floor":10,"turns":2},{"damage":0,"enemies":"Cultist","floor":11,"turns":3},{"damage":0,"enemies":"Blue Slaver","floor":13,"turns":1},{"damage":0,"enemies":"Lagavulin","floor":14,"turns":5},{"damage":0,"enemies":"The Guardian","floor":16,"turns":8},{"damage":0,"enemies":"Spheric Guardian","floor":18,"turns":3},{"damage":1,"enemies":"2 Thieves","floor":20,"turns":4},{"damage":2,"enemies":"Book of Stabbing","floor":23,"turns":5},{"damage":0,"enemies":"Gremlin Leader","floor":25,"turns":6},{"damage":13,"enemies":"Centurion and Healer","floor":28,"turns":5},{"damage":12,"enemies":"Slavers","floor":29,"turns":7},{"damage":1,"enemies":"Gremlin Leader","floor":31,"turns":7},{"damage":0,"enemies":"Collector","floor":33,"turns":3},{"damage":0,"enemies":"Orb Walker","floor":35,"turns":2},{"damage":0,"enemies":"3 Shapes","floor":36,"turns":3},{"damage":0,"enemies":"Transient","floor":38,"turns":5},{"damage":0,"enemies":"Reptomancer","floor":40,"turns":4},{"damage":0,"enemies":"Giant Head","floor":44,"turns":2},{"damage":0,"enemies":"Spire Growth","floor":45,"turns":1},{"damage":0,"enemies":"Reptomancer","floor":46,"turns":1},{"damage":0,"enemies":"4 Shapes","floor":47,"turns":4},{"damage":0,"enemies":"Giant Head","floor":48,"turns":5},{"damage":0,"enemies":"Donu and Deca","floor":50,"turns":6},{"damage":0,"enemies":"Shield and Spear","floor":54,"turns":3},{"damage":0,"enemies":"The Heart","floor":55,"turns":8}],"seed_played":"8055349187020302006","potions_obtained":[{"floor":1,"key":"Swift Potion"},{"floor":8,"key":"EntropicBrew"},{"floor":16,"key":"Strength Potion"},{"floor":35,"key":"CunningPotion"},{"floor":38,"key":"Dexterity Potion"}],"is_trial":true,"path_per_floor":["M","M","?","?","?","E","R","E","T","E","M","R","M","E","R","B",null,"M","?","M","$","?","E","R","E","T","R","M","E","$","E","R","B",null,"M","M","?","M","T","E","$","R","T","E","M","E","M","E","R","B",null,"R","$","E","B",null],"character_chosen":"THE_SILENT","items_purchased":["Master of Strategy","Well Laid Plans","Reflex","Snake Skull","Master of Strategy","Panache","Footwork","Nunchaku","Centennial Puzzle"],"campfire_rested":0,"item_purchase_floors":[21,21,30,30,30,41,41,53,53],"current_hp_per_floor":[59,59,59,36,18,16,16,16,16,16,16,16,16,16,16,16,54,54,54,53,53,53,51,51,51,51,51,38,26,41,40,40,40,60,60,60,60,60,60,60,66,66,66,66,66,66,66,66,66,66,66,66,66,66,66],"gold":253,"neow_bonus":"","is_daily":false,"chose_seed":false,"campfire_upgraded":8,"win_rate":0.0,"timestamp":1613092803,"path_taken":["M","M","?","?","?","E","R","E","T","E","M","R","M","E","R","BOSS","M","?","?","$","?","E","R","E","T","R","M","E","$","E","R","BOSS","M","M","?","M","?","E","$","R","T","E","M","E","M","E","R","BOSS","R","$","E","BOSS"],"items_purchased_type":["Card","Card","Card","Relic","Card","Card","Card","Relic","Relic"],"build_version":"2020-12-18","purchased_purges":0,"victory":true,"max_hp_per_floor":[66,66,66,66,66,66,66,66,66,66,66,66,66,66,66,66,66,66,66,66,66,66,66,66,66,66,66,66,66,66,66,66,66,66,66,66,66,66,66,66,66,66,66,66,66,66,66,66,66,66,66,66,66,66,66],"card_choices":[{"not_picked":["Underhanded Strike","Distraction"],"picked":"Blade Dance","floor":1},{"not_picked":["Flying Knee","Prepared"],"picked":"Footwork","floor":2},{"not_picked":["Acrobatics","Outmaneuver"],"picked":"Dodge and Roll","floor":6},{"not_picked":["Poisoned Stab","Underhanded Strike"],"picked":"Backflip","floor":8},{"not_picked":["Expertise","Quick Slash","Outmaneuver"],"picked":"SKIP","floor":10},{"not_picked":["Prepared","Endless Agony","Backflip"],"picked":"SKIP","floor":11},{"not_picked":["Dagger Throw","Poisoned Stab","Concentrate"],"picked":"SKIP","floor":13},{"not_picked":["Dash","Storm of Steel"],"picked":"Flying Knee","floor":14},{"not_picked":["Bane","Blur","Crippling Poison"],"picked":"SKIP","floor":18},{"not_picked":["Slice","Acrobatics"],"picked":"Dodge and Roll","floor":20},{"not_picked":["Prepared","Quick Slash"],"picked":"Envenom","floor":23},{"not_picked":["Deadly Poison","Finisher"],"picked":"Leg Sweep","floor":25},{"not_picked":["Sucker Punch","PiercingWail","Bane"],"picked":"SKIP","floor":28},{"not_picked":["Distraction","Riddle With Holes+1","Caltrops"],"picked":"SKIP","floor":29},{"not_picked":["Quick Slash","Flying Knee","Expertise"],"picked":"SKIP","floor":31},{"not_picked":["Doppelganger","Die Die Die"],"picked":"Adrenaline","floor":33},{"not_picked":["Quick Slash","Finisher","Deflect"],"picked":"SKIP","floor":35},{"not_picked":["Dash+1","Backstab"],"picked":"Blade Dance","floor":36},{"not_picked":["Deflect","Masterful Stab","Well Laid Plans"],"picked":"SKIP","floor":38},{"not_picked":["Dagger Spray+1","Backflip+1"],"picked":"Concentrate+1","floor":40},{"not_picked":["Slice","Heel Hook+1"],"picked":"Blur","floor":44},{"not_picked":["Cloak And Dagger","Quick Slash","Underhanded Strike"],"picked":"SKIP","floor":45},{"not_picked":["Dash+1","Glass Knife","Dagger Throw+1"],"picked":"SKIP","floor":46},{"not_picked":["PiercingWail","Riddle With Holes","Poisoned Stab+1"],"picked":"SKIP","floor":47},{"not_picked":["Backflip","Infinite Blades"],"picked":"Prepared+1","floor":48},{"not_picked":["Heel Hook","Expertise","Wraith Form v2"],"picked":"SKIP","floor":54}],"player_experience":709465,"relics_obtained":[{"floor":6,"key":"Ice Cream"},{"floor":8,"key":"Mummified Hand"},{"floor":9,"key":"Ancient Tea Set"},{"floor":10,"key":"Bronze Scales"},{"floor":14,"key":"CaptainsWheel"},{"floor":23,"key":"Old Coin"},{"floor":23,"key":"Sundial"},{"floor":25,"key":"Turnip"},{"floor":25,"key":"Ginger"},{"floor":26,"key":"MealTicket"},{"floor":29,"key":"Tingsha"},{"floor":29,"key":"Bag of Preparation"},{"floor":31,"key":"Bag of Marbles"},{"floor":31,"key":"Boot"},{"floor":34,"key":"Lantern"},{"floor":34,"key":"Mercury Hourglass"},{"floor":34,"key":"TungstenRod"},{"floor":40,"key":"Oddly Smooth Stone"},{"floor":40,"key":"Blood Vial"},{"floor":43,"key":"Ornamental Fan"},{"floor":44,"key":"Incense Burner"},{"floor":44,"key":"Pen Nib"},{"floor":46,"key":"StrikeDummy"},{"floor":46,"key":"Eternal Feather"},{"floor":48,"key":"CeramicFish"},{"floor":48,"key":"Whetstone"},{"floor":54,"key":"Blue Candle"},{"floor":54,"key":"Bottled Tornado"}],"event_choices":[{"damage_healed":0,"gold_gain":0,"player_choice":"Grow","damage_taken":0,"max_hp_gain":0,"max_hp_loss":0,"event_name":"Living Wall","floor":3,"gold_loss":0,"cards_upgraded":["Calculated Gamble"]},{"damage_healed":0,"gold_gain":0,"player_choice":"Take Damage","damage_taken":23,"relics_obtained":["Golden Idol"],"max_hp_gain":0,"max_hp_loss":0,"event_name":"Golden Idol","floor":4,"gold_loss":0},{"damage_healed":0,"gold_gain":0,"player_choice":"Success","damage_taken":18,"relics_obtained":["Anchor"],"max_hp_gain":0,"max_hp_loss":0,"event_name":"Scrap Ooze","floor":5,"gold_loss":0},{"damage_healed":0,"gold_gain":0,"cards_transformed":["Slice"],"player_choice":"Transformed","damage_taken":0,"max_hp_gain":0,"max_hp_loss":0,"event_name":"Transmorgrifier","floor":19,"gold_loss":0,"cards_obtained":["Burst"]},{"cards_removed":["Slice"],"damage_healed":0,"gold_gain":0,"player_choice":"Purged","damage_taken":0,"max_hp_gain":0,"max_hp_loss":0,"event_name":"Purifier","floor":22,"gold_loss":0},{"damage_healed":0,"gold_gain":0,"player_choice":"Memory 1","damage_taken":0,"max_hp_gain":0,"max_hp_loss":0,"event_name":"SensoryStone","floor":37,"gold_loss":0}],"is_beta":true,"boss_relics":[{"not_picked":["Velvet Choker","Sozu"],"picked":"Black Star"},{"not_picked":["Astrolabe","Runic Dome"],"picked":"Calling Bell"}],"items_purged_floors":[],"is_endless":false,"potions_floor_spawned":[1,8,16,18,23,25,29,35,38,47,54],"ascension_level":15}}