{"host":"soyfmymeou4emntr","time":1613110009,"event":{"mods":["BaseMod","Minty Spire (QoL Compilation)","Permanent Neow","Relic Sorter","Relic Stats","StSLib"],"gold_per_floor":[117,41,41,58,76,101,101,111,111,143,143,28,28,54,54,131,131,145,225,48,48,59,59,74,74,98,98,131,131,144,161,161,237,237,247,259,259,259,273,273,303,303,303,303,332,343,343,343],"floor_reached":47,"language":"ENG","playtime":4388,"items_purged":["Strike_R","Strike_R"],"score":1117,"play_id":"cf26da6a-0408-459b-bd25-04810748f4aa","local_time":"20210211230649","is_ascension_mode":true,"campfire_choices":[{"floor":7.0,"key":"REST"},{"floor":11.0,"key":"REST"},{"data":"Heavy Blade","floor":13.0,"key":"SMITH"},{"floor":15.0,"key":"REST"},{"data":"Feed","floor":23.0,"key":"SMITH"},{"floor":27.0,"key":"REST"},{"data":"Bloodletting","floor":29,"key":"SMITH"},{"floor":32,"key":"REST"},{"data":"Armaments","floor":40,"key":"SMITH"},{"floor":44,"key":"RECALL"}],"circlet_count":0,"master_deck":["AscendersBane","Strike_R","Strike_R","Strike_R","Defend_R","Defend_R","Defend_R","Defend_R","Bash","Heavy Blade+1","Hemokinesis","Bloodletting+1","Disarm","Armaments+1","Rupture","Exhume","Flame Barrier","Rupture","Battle Trance","Shockwave","Immolate","Sword Boomerang","Feed+1","Decay","Warcry+1","Bludgeon","Metallicize","Shrug It Off","Combust","Brutality","Clothesline+1","Battle Trance","Disarm","Doubt","Limit Break"],"relics":["Philosopher\u0027s Stone","CultistMask","InkBottle","Shuriken","Dream Catcher","Gremlin Horn","Runic Cube","Bag of Marbles","Juzu Bracelet","Black Star","Happy Flower","StoneCalendar","Kunai","Orichalcum","Toy Ornithopter"],"acts_visited":["Exordium","TheCity","TheBeyond"],"potions_floor_usage":[41,46],"damage_taken":[{"damage":3.0,"enemies":"Jaw Worm","floor":1.0,"turns":3.0},{"damage":2.0,"enemies":"Cultist","floor":4.0,"turns":3.0},{"damage":2.0,"enemies":"2 Louse","floor":5.0,"turns":2.0},{"damage":32.0,"enemies":"Lagavulin","floor":6.0,"turns":6.0},{"damage":3.0,"enemies":"2 Fungi Beasts","floor":8.0,"turns":3.0},{"damage":26.0,"enemies":"3 Sentries","floor":10.0,"turns":7.0},{"damage":17.0,"enemies":"Lagavulin","floor":14.0,"turns":6.0},{"damage":36.0,"enemies":"Slime Boss","floor":16.0,"turns":8.0},{"damage":16.0,"enemies":"2 Thieves","floor":18.0,"turns":3.0},{"damage":2.0,"enemies":"Chosen","floor":22.0,"turns":5.0},{"damage":17.0,"enemies":"Shelled Parasite and Fungi","floor":24.0,"turns":4.0},{"damage":11,"enemies":"Gremlin Leader","floor":28,"turns":5},{"damage":29,"enemies":"Sentry and Sphere","floor":30,"turns":4},{"damage":13,"enemies":"3 Cultists","floor":31,"turns":3},{"damage":28,"enemies":"Automaton","floor":33,"turns":6},{"damage":42,"enemies":"3 Darklings","floor":35,"turns":4},{"damage":14,"enemies":"3 Shapes","floor":36,"turns":4},{"damage":9,"enemies":"3 Darklings","floor":39,"turns":3},{"damage":65,"enemies":"Nemesis","floor":41,"turns":9},{"damage":69,"enemies":"Giant Head","floor":45,"turns":6},{"damage":43,"enemies":"Sphere and 2 Shapes","floor":46,"turns":7},{"damage":11,"enemies":"Nemesis","floor":47,"turns":1}],"seed_played":"-4946079750624257802","potions_obtained":[{"floor":4.0,"key":"SneckoOil"},{"floor":8.0,"key":"SpeedPotion"},{"floor":10.0,"key":"PowerPotion"},{"floor":14.0,"key":"Energy Potion"},{"floor":22.0,"key":"PowerPotion"},{"floor":28,"key":"FairyPotion"},{"floor":36,"key":"SkillPotion"},{"floor":41,"key":"Swift Potion"},{"floor":46,"key":"Explosive Potion"}],"is_trial":false,"path_per_floor":["M","$","?","M","M","E","R","M","T","E","R","$","R","E","R","B",null,"M","T","$","?","M","R","M","?","T","R","E","R","M","M","R","B",null,"M","M","?","?","M","R","E","?","T","R","E","M","E"],"character_chosen":"IRONCLAD","items_purchased":["Hemokinesis","Rupture","Feed"],"campfire_rested":5,"item_purchase_floors":[2,12,20],"current_hp_per_floor":[65,65,65,63,61,29,51,48,48,22,44,44,44,27,49,13,60,44,44,44,44,45,45,32,32,32,56,49,49,24,11,38,10,70,28,18,77,73,68,68,3,77,77,77,8,8,0,0],"gold":343,"neow_bonus":"BOSS_RELIC","is_daily":false,"chose_seed":false,"campfire_upgraded":4,"win_rate":0.0,"timestamp":1613110009,"path_taken":["M","$","?","M","M","E","R","M","T","E","R","$","R","E","R","BOSS","M","?","$","?","M","R","M","?","T","R","E","R","M","M","R","BOSS","M","M","?","?","M","R","E","?","T","R","E","M","E"],"items_purchased_type":["Card","Card","Card"],"build_version":"2020-12-22","purchased_purges":2,"victory":false,"max_hp_per_floor":[75,75,75,75,75,75,75,75,75,75,75,75,75,75,75,75,75,75,75,75,75,78,78,82,82,82,82,86,86,90,90,90,90,90,90,94,77,73,77,77,77,77,77,77,77,81,81,81],"relic_stats":{"Gremlin Horn":[22,22],"Happy Flower":[4],"counters":[22,102],"StoneCalendar":[43],"Juzu Bracelet":0,"Orichalcum":[0],"Dream Catcher":4,"Shuriken":[17],"Black Star":2,"Kunai":[2],"obtain_stats":[{"Gremlin Horn":14,"Happy Flower":41,"StoneCalendar":41,"Juzu Bracelet":28,"Orichalcum":45,"Burning Blood":0,"Dream Catcher":10,"Shuriken":9,"Philosopher\u0027s Stone":0,"CultistMask":3,"Bag of Marbles":26,"Black Star":34,"Kunai":43,"InkBottle":6,"Toy Ornithopter":45,"Runic Cube":17},{"Gremlin Horn":7,"Happy Flower":19,"StoneCalendar":19,"Juzu Bracelet":12,"Orichalcum":20,"Burning Blood":0,"Dream Catcher":6,"Shuriken":5,"Philosopher\u0027s Stone":0,"CultistMask":1,"Bag of Marbles":11,"Black Star":15,"Kunai":19,"InkBottle":4,"Toy Ornithopter":20,"Runic Cube":8},{"Gremlin Horn":30,"Happy Flower":88,"StoneCalendar":88,"Juzu Bracelet":55,"Orichalcum":94,"Burning Blood":0,"Dream Catcher":24,"Shuriken":17,"Philosopher\u0027s Stone":0,"CultistMask":3,"Bag of Marbles":50,"Black Star":68,"Kunai":88,"InkBottle":14,"Toy Ornithopter":94,"Runic Cube":38}],"InkBottle":[31],"Toy Ornithopter":5,"Runic Cube":[86]},"card_choices":[{"not_picked":["Armaments","Reckless Charge"],"picked":"Heavy Blade","floor":1.0},{"not_picked":["Perfected Strike","Warcry"],"picked":"Bloodletting","floor":4.0},{"not_picked":["Headbutt","Wild Strike"],"picked":"Disarm","floor":5.0},{"not_picked":["True Grit","Clothesline"],"picked":"Armaments","floor":6.0},{"not_picked":["Shockwave","Clothesline"],"picked":"Rupture","floor":8.0},{"not_picked":["Dropkick","True Grit"],"picked":"Exhume","floor":10.0},{"not_picked":["Cleave","Twin Strike"],"picked":"Flame Barrier","floor":11.0},{"not_picked":["Rupture","Sword Boomerang"],"picked":"Battle Trance","floor":14.0},{"not_picked":["Rupture","Spot Weakness"],"picked":"Shockwave","floor":15.0},{"not_picked":["Barricade","Berserk"],"picked":"Immolate","floor":16.0},{"not_picked":["Body Slam","Cleave"],"picked":"Sword Boomerang","floor":18.0},{"not_picked":["Warcry","Headbutt","Shockwave"],"picked":"SKIP","floor":22.0},{"not_picked":["Anger","Heavy Blade","Body Slam"],"picked":"SKIP","floor":24.0},{"not_picked":["Clothesline","Perfected Strike"],"picked":"Warcry+1","floor":27.0},{"not_picked":["Carnage","Twin Strike"],"picked":"Bludgeon","floor":28},{"not_picked":["Uppercut","Iron Wave"],"picked":"Metallicize","floor":30},{"not_picked":["Burning Pact","Cleave"],"picked":"Shrug It Off","floor":31},{"not_picked":["Uppercut","True Grit"],"picked":"Combust","floor":32},{"not_picked":["Double Tap","Impervious"],"picked":"Brutality","floor":33},{"not_picked":["Twin Strike","Inflame"],"picked":"Clothesline+1","floor":35},{"not_picked":["Perfected Strike+1","Anger","Uppercut"],"picked":"SKIP","floor":36},{"not_picked":["Searing Blow","Dark Embrace"],"picked":"Battle Trance","floor":39},{"not_picked":["Twin Strike","Berserk"],"picked":"Disarm","floor":41},{"not_picked":["Hemokinesis","Shrug It Off+1"],"picked":"Limit Break","floor":45},{"not_picked":["Iron Wave","Twin Strike","Clash+1"],"picked":"SKIP","floor":46}],"player_experience":3255533,"relics_obtained":[{"floor":6.0,"key":"InkBottle"},{"floor":9.0,"key":"Shuriken"},{"floor":10.0,"key":"Dream Catcher"},{"floor":14.0,"key":"Gremlin Horn"},{"floor":26.0,"key":"Bag of Marbles"},{"floor":28,"key":"Juzu Bracelet"},{"floor":41,"key":"Happy Flower"},{"floor":41,"key":"StoneCalendar"},{"floor":43,"key":"Kunai"},{"floor":45,"key":"Orichalcum"},{"floor":45,"key":"Toy Ornithopter"}],"event_choices":[{"damage_healed":0.0,"max_hp_gain":0.0,"max_hp_loss":0.0,"gold_gain":0.0,"event_name":"FaceTrader","player_choice":"Trade","floor":3.0,"gold_loss":0.0,"damage_taken":0.0,"relics_obtained":["CultistMask"]},{"damage_healed":0.0,"max_hp_gain":0.0,"max_hp_loss":0.0,"gold_gain":0.0,"event_name":"Forgotten Altar","player_choice":"Smashed Altar","floor":25.0,"gold_loss":0.0,"damage_taken":0.0,"cards_obtained":["Decay"]},{"damage_healed":77,"gold_gain":0,"player_choice":"Heal","damage_taken":0,"max_hp_gain":0,"max_hp_loss":17,"event_name":"The Moai Head","floor":37,"gold_loss":0},{"damage_healed":0,"gold_gain":0,"player_choice":"Max HP","damage_taken":0,"max_hp_gain":0,"max_hp_loss":4,"event_name":"Winding Halls","floor":38,"gold_loss":0},{"damage_healed":74,"gold_gain":0,"player_choice":"Heal","damage_taken":0,"max_hp_gain":0,"max_hp_loss":0,"event_name":"MindBloom","floor":42,"gold_loss":0,"cards_obtained":["Doubt"]}],"is_beta":false,"boss_relics":[{"not_picked":["Pandora\u0027s Box","Coffee Dripper"],"picked":"Runic Cube"},{"not_picked":["SacredBark","Empty Cage"],"picked":"Black Star"}],"items_purged_floors":[12,20],"is_endless":false,"potions_floor_spawned":[4,8,10,14,22,28,36,41,45,46],"killed_by":"Nemesis","ascension_level":20}}