{"host":"zxxo33bmnyuz0c2o","time":1613134211,"event":{"mods":["2.2 Compatiblity","Aspiration","BaseMod","BetterRewards","Block Reminder","Colored Map","Colored Powertips","Conspire","DeckTracker","GifTheSpireLib","Hermit","Highlight Path","HornydragonMod","Hubris","Lobotomy","LobotomyExtend","Marisa¡]Ãú«B¡@Å]²z¨F¡^","Minty Spire (QoL Compilation)","Permanent Neow","Quick Restart","Random Character Button","Rare Cards Sparkle","Reimu¡]³Õ???¡^","Relic Sorter","Relic Stats","Remilia¡]Á¢¦Ì²ú?¡^","Replay The Spire","Shop Mod","StSLib","SuperFastMode","Td1madao Mod","The Administrix","The Animator","The Bug Knight","The Construct","The Cursed","The Disciple","The Gatherer","The Hierophant","The Necromancer","The Poker Player","The Senshi","The Servant 0.9.4","Unknown Chances","WarShipGirlsR/??¤Ö¤kR mod","Youmu¡]»î¾z§¯?¡^","Yuyuko"],"gold_per_floor":[112,112,112,63,73,73,102,113,113,113,113,126,126,140,140,244,244,260,275,275,295,312,312,332,332,332,332,176,176,41,14,14,14,14],"floor_reached":33,"language":"ZHT","playtime":1959,"items_purged":[],"score":247,"play_id":"16b516cf-1f9b-4149-a20f-d61c40e4ac5d","local_time":"20210212205011","is_ascension_mode":false,"campfire_choices":[{"data":"SubAcupoint:ReiMu","floor":6.0,"key":"SMITH"},{"floor":11.0,"key":"REST"},{"data":"UniversalSpiritual:ReiMu","floor":15.0,"key":"SMITH"},{"floor":23,"key":"REST"},{"floor":32,"key":"REST"}],"circlet_count":0,"master_deck":["Strike_Lin:ReiMu","Strike_Lin:ReiMu+1","Strike_Lin:ReiMu","Strike_Lin:ReiMu","Defend_Lin:ReiMu","Defend_Lin:ReiMu","Defend_Lin:ReiMu","Defend_Lin:ReiMu","NB:ReiMu","Stagnation:ReiMu","ForcedLanding:ReiMu+1","SubAcupoint:ReiMu+1","LovePray:ReiMu","SpreadBorder2:ReiMu","SpringWay:ReiMu","UniversalSpiritual:ReiMu+1","WonderfulDomain:ReiMu","BlastKick2:ReiMu+1","Crescendo","FearNoEvil","SpiritualOutbreak2:ReiMu","Conquer:ReiMu","SashWhip","FlyingSleeves","BarrageOfMoneybags:ReiMu","BarrageOfMoneybags:ReiMu","Bandage Up"],"relics":["FlyPower:ReiMu","LetterFromLob","hubris:Icosahedron","Ring of Hypnosis","hubris:TenFootPole","aspiration:FetidBarrel","MagicBullet_r","aspiration:WatcherSkillbook","CultistMask","hubris:BottledRain","Blue Doll","Whetstone"],"acts_visited":["Exordium","TheCity"],"potions_floor_usage":[21,21,33],"damage_taken":[{"damage":2.0,"enemies":"Jaw Worm","floor":1.0,"turns":7.0},{"damage":0.0,"enemies":"2 Louse","floor":5.0,"turns":1.0},{"damage":38.0,"enemies":"Lagavulin","floor":7.0,"turns":12.0},{"damage":6.0,"enemies":"Cultist","floor":8.0,"turns":5.0},{"damage":3.0,"enemies":"Exordium Wildlife","floor":12.0,"turns":4.0},{"damage":0.0,"enemies":"Looter","floor":14.0,"turns":3.0},{"damage":40.0,"enemies":"The Guardian","floor":16.0,"turns":15.0},{"damage":3.0,"enemies":"2 Thieves","floor":18.0,"turns":3.0},{"damage":17,"enemies":"3 Byrds","floor":19,"turns":5},{"damage":2,"enemies":"Cultist and Chosen","floor":21,"turns":4},{"damage":45,"enemies":"Snecko","floor":22,"turns":5},{"damage":3,"enemies":"3 Cultists","floor":24,"turns":3},{"damage":0,"enemies":"Cultist and Chosen","floor":31,"turns":4},{"damage":52,"enemies":"conspire:MysteriousRune","floor":33,"turns":7}],"seed_played":"8514483302154115646","potions_obtained":[{"floor":1.0,"key":"Venom Potion"},{"floor":8.0,"key":"EntropicBrew"},{"floor":14.0,"key":"FearPotion"},{"floor":18.0,"key":"PowerPotion"},{"floor":19,"key":"PinkPotion:ReiMu"},{"floor":31,"key":"Elixir"}],"is_trial":false,"path_per_floor":["M","?","?","$","M","R","E","M","T","M","R","M","?","M","R","B",null,"M","M","?","M","M","R","M","T","T","?","$","?","$","M","R","B"],"character_chosen":"REIMU","items_purchased":["SubAcupoint:ReiMu","Whetstone","BarrageOfMoneybags:ReiMu","Bandage Up"],"campfire_rested":3,"item_purchase_floors":[4,28,30,30],"current_hp_per_floor":[69,69,69,69,69,69,31,25,25,25,46,43,43,43,43,3,71,68,51,51,49,4,25,22,22,22,22,22,22,22,26,47,0,0],"gold":14,"neow_bonus":"TEN_PERCENT_HP_BONUS","is_daily":false,"chose_seed":false,"campfire_upgraded":2,"win_rate":0.0,"timestamp":1613134211,"path_taken":["M","?","?","?","M","R","E","M","T","?","R","M","?","M","R","BOSS","M","M","?","M","M","R","?","?","T","?","$","?","?","?","R","BOSS"],"items_purchased_type":["Card","Relic","Card","Card"],"build_version":"2020-12-22","purchased_purges":0,"victory":false,"max_hp_per_floor":[71,71,71,71,71,71,71,71,71,71,71,71,71,71,71,71,71,71,71,71,71,71,71,71,71,71,71,71,71,71,71,71,71,71],"relic_stats":{"counters":[14,78],"Whetstone":["Strike_Lin:ReiMu","BlastKick2:ReiMu"],"obtain_stats":[{"hubris:Icosahedron":2,"Ring of Hypnosis":3,"MagicBullet_r":10,"aspiration:FetidBarrel":9,"aspiration:WatcherSkillbook":17,"Blue Doll":26,"CultistMask":20,"LetterFromLob":1,"hubris:TenFootPole":7,"Whetstone":28,"FlyPower:ReiMu":0,"hubris:BottledRain":25},{"hubris:Icosahedron":1,"Ring of Hypnosis":1,"MagicBullet_r":4,"aspiration:FetidBarrel":4,"aspiration:WatcherSkillbook":7,"Blue Doll":12,"CultistMask":9,"LetterFromLob":1,"hubris:TenFootPole":3,"Whetstone":12,"FlyPower:ReiMu":0,"hubris:BottledRain":12},{"hubris:Icosahedron":7,"Ring of Hypnosis":7,"MagicBullet_r":25,"aspiration:FetidBarrel":25,"aspiration:WatcherSkillbook":47,"Blue Doll":67,"CultistMask":55,"LetterFromLob":7,"hubris:TenFootPole":20,"Whetstone":67,"FlyPower:ReiMu":0,"hubris:BottledRain":67}]},"card_choices":[{"not_picked":["PassingAway:ReiMu","Amulet:ReiMu"],"picked":"ForcedLanding:ReiMu","floor":1.0},{"not_picked":["SubAcupoint:ReiMu","Amulet:ReiMu"],"picked":"LovePray:ReiMu","floor":5.0},{"not_picked":["KamiRite:ReiMu","CareerPray:ReiMu"],"picked":"SpreadBorder2:ReiMu","floor":7.0},{"not_picked":["Amulet:ReiMu","TightArray:ReiMu"],"picked":"SpringWay:ReiMu","floor":8.0},{"not_picked":["ForcedLanding:ReiMu","TightArray:ReiMu"],"picked":"UniversalSpiritual:ReiMu","floor":12.0},{"not_picked":["RainPray2:ReiMu","CareerPray:ReiMu"],"picked":"WonderfulDomain:ReiMu","floor":14.0},{"not_picked":["YinYang:ReiMu","KyokaiOfKami:ReiMu"],"picked":"BlastKick2:ReiMu","floor":16.0},{"not_picked":["Wireheading+1","BowlingBash","AirManeuver:ReiMu"],"picked":"Crescendo","floor":18.0},{"not_picked":["ShadowOfCrow2:ReiMu","KamiSacrifice:ReiMu","AlertArray:ReiMu+1"],"picked":"FearNoEvil","floor":19},{"not_picked":["Replay:BluntJabs+1","LovePray:ReiMu+1","Consecrate"],"picked":"SpiritualOutbreak2:ReiMu","floor":21},{"not_picked":["Amulet:ReiMu","Protect+1","EmergencyTakeOff:ReiMu"],"picked":"Conquer:ReiMu","floor":22},{"not_picked":["SubAcupoint:ReiMu+1","SubcavityInstant:ReiMu","Protect+1"],"picked":"SashWhip","floor":24},{"not_picked":[],"picked":"FlyingSleeves","floor":29},{"not_picked":["UniversalSpiritual:ReiMu+1","Replay:ManipulateFuture","BowlingBash+1","Wallop"],"picked":"SKIP","floor":31}],"player_experience":34618,"relics_obtained":[{"floor":1.0,"key":"LetterFromLob"},{"floor":3.0,"key":"Ring of Hypnosis"},{"floor":7.0,"key":"hubris:TenFootPole"},{"floor":9.0,"key":"aspiration:FetidBarrel"},{"floor":25,"key":"hubris:BottledRain"},{"floor":26,"key":"Blue Doll"}],"event_choices":[{"damage_healed":0.0,"max_hp_gain":0.0,"max_hp_loss":0.0,"gold_gain":0.0,"event_name":"Liars Game","player_choice":"Ignored","floor":13.0,"gold_loss":0.0,"damage_taken":0.0},{"damage_healed":0,"gold_gain":0,"player_choice":"Trade","damage_taken":0,"relics_obtained":["CultistMask"],"max_hp_gain":0,"max_hp_loss":0,"event_name":"FaceTrader","floor":20,"gold_loss":0}],"is_beta":false,"boss_relics":[{"not_picked":["conspire:SlowCooker","Ectoplasm"],"picked":"aspiration:WatcherSkillbook"}],"items_purged_floors":[],"is_endless":false,"potions_floor_spawned":[1,8,14,18,19,31],"killed_by":"conspire:MysteriousRune","ascension_level":0}}