{"host":"2x189hkb4impm2gi","time":1613171917,"event":{"mods":["AchievementEnabler","BaseMod","Colored Map","Colored Powertips","Downfall","Minty Spire (QoL Compilation)","StSLib"],"gold_per_floor":[99,112,127,142,592,608,682,707,707,738,738,748,748,848,866,963,963,663,678,678,694,707,707,707,745,764,795,795,795,813,144,162,260,260,260,271,284,284,13,38,38,55,55,66,66,66,66],"floor_reached":45,"language":"ENG","playtime":4342,"items_purged":["champ:Strike","champ:Strike"],"score":654,"play_id":"83deb935-d9c5-4ea7-b3aa-0041d3a3c753","local_time":"20210212181837","is_ascension_mode":false,"campfire_choices":[{"floor":1,"key":"RECALL"},{"floor":11,"key":"REST"},{"floor":13,"key":"REST"},{"data":"champ:MurderStrike","floor":18,"key":"SMITH"},{"data":"champ:ShieldWall","floor":23,"key":"SMITH"},{"data":"champ:Lariat","floor":29,"key":"SMITH"},{"data":"champ:EndlessRage","floor":35,"key":"SMITH"},{"data":"expansioncontent:DashGenerateEvil","floor":43,"key":"SMITH"}],"circlet_count":0,"master_deck":["champ:Strike+1","champ:Strike","champ:Defend","champ:Defend+1","champ:Defend","champ:Defend","champ:Execute","champ:Taunt+1","champ:PreciseThrust","champ:BerserkersShout","champ:BringItOn","downfall:Icky","downfall:Icky","downfall:Icky","champ:PreciseThrust","champ:MurderStrike+1","downfall:Malfunctioning","champ:Backstep","champ:ArenaPreparation","champ:Haymaker","champ:ShieldWall+1","champ:VampiricStrike","champ:StanceDance","Jack Of All Trades","champ:AdrenalArmor","champ:DeathBlow","champ:RapidStrikes+1","champ:EnGarde","champ:EndlessRage+1","champ:Lariat+1","champ:CrownThrow","champ:CalledShot","expansioncontent:DashGenerateEvil+1","expansioncontent:PolyBeam","champ:HoldFirm","CurseOfTheBell","champ:FanOfKnives+1","champ:Shatter+1","champ:SetATrap+1","champ:FancyFootwork","champ:RecklessLeap+1"],"relics":["champ:ChampionCrown","Pen Nib","InkBottle","CloakClasp","bronze:MakeshiftBattery","downfall:HeartBlessingBlue","downfall:HeartBlessingGreen","downfall:HeartBlessingRed","Sundial","Nunchaku","Lee\u0027s Waffle","champ:DefensiveTrainingManual","Calling Bell","Lantern","Molten Egg 2","Lizard Tail","champ:BerserkersGuideToSlaughter","MealTicket","Toxic Egg 2"],"acts_visited":["Exordium","TheCity","TheBeyond"],"potions_floor_usage":[8,8,10,14,27,33,39],"damage_taken":[{"damage":10,"enemies":"Jaw Worm","floor":2,"turns":4},{"damage":10,"enemies":"2 Louse","floor":3,"turns":3},{"damage":16,"enemies":"Cultist","floor":4,"turns":3},{"damage":13,"enemies":"3 Louse","floor":6,"turns":4},{"damage":85,"enemies":"Lagavulin","floor":8,"turns":7},{"damage":66,"enemies":"Gremlin Nob","floor":10,"turns":6},{"damage":22,"enemies":"Blue Slaver","floor":12,"turns":5},{"damage":20,"enemies":"Blue Slaver","floor":14,"turns":5},{"damage":16,"enemies":"Exordium Thugs","floor":15,"turns":6},{"damage":44,"enemies":"SI_SHIV_ARCHETYPE","floor":16,"turns":8},{"damage":27,"enemies":"3 Byrds","floor":19,"turns":4},{"damage":10,"enemies":"Chosen","floor":21,"turns":3},{"damage":41,"enemies":"Snake Plant","floor":22,"turns":4},{"damage":40,"enemies":"Centurion and Healer","floor":25,"turns":5},{"damage":25,"enemies":"Cultist and Chosen","floor":26,"turns":4},{"damage":62,"enemies":"Book of Stabbing","floor":27,"turns":6},{"damage":32,"enemies":"3 Cultists","floor":30,"turns":5},{"damage":55,"enemies":"downfall:FleeingMerchant","floor":31,"turns":4},{"damage":35,"enemies":"Shelled Parasite and Fungi","floor":32,"turns":5},{"damage":44,"enemies":"IC_MUSHROOM_ARCHETYPE","floor":33,"turns":5},{"damage":28,"enemies":"3 Darklings","floor":36,"turns":9},{"damage":30,"enemies":"Orb Walker","floor":37,"turns":3},{"damage":35,"enemies":"downfall:FleeingMerchant","floor":39,"turns":4},{"damage":147,"enemies":"Giant Head","floor":40,"turns":9},{"damage":42,"enemies":"Spire Growth","floor":42,"turns":5},{"damage":73,"enemies":"Maw","floor":44,"turns":8},{"damage":0,"enemies":"3 Darklings","floor":45,"turns":1}],"seed_played":"-2225648059855892298","potions_obtained":[{"floor":4,"key":"hexamod:SoulburnPotion"},{"floor":6,"key":"champ:TechniquePotion"},{"floor":8,"key":"Swift Potion"},{"floor":12,"key":"SteroidPotion"},{"floor":16,"key":"ColorlessPotion"},{"floor":19,"key":"Regen Potion"},{"floor":25,"key":"Dexterity Potion"},{"floor":26,"key":"AttackPotion"},{"floor":32,"key":"Slimebound:ThreeZeroPotion"},{"floor":37,"key":"Swift Potion"},{"floor":44,"key":"Energy Potion"}],"is_trial":false,"path_per_floor":["R","M","M","M","?","M","T","E","?","E","R","M","R","?","M","B",null,"R","M","?","M","M","R","T","M","M","E","?","R","M","$","M","B",null,"R","M","M","?","$","E","T","M","R","M","M"],"character_chosen":"THE_CHAMP","items_purchased":["Lee\u0027s Waffle","champ:DefensiveTrainingManual","expansioncontent:DashGenerateEvil","expansioncontent:PolyBeam","champ:BerserkersGuideToSlaughter"],"campfire_rested":2,"item_purchase_floors":[31,31,31,31,39],"current_hp_per_floor":[99,99,99,98,98,95,95,65,65,14,43,31,60,60,49,35,99,109,107,107,107,106,106,106,106,96,79,79,79,77,116,106,92,116,116,108,108,108,108,69,69,72,72,49,49,49,49],"gold":66,"neow_bonus":"TEN_PERCENT_HP_BONUS","is_daily":false,"chose_seed":false,"campfire_upgraded":5,"win_rate":0.0,"timestamp":1613171917,"path_taken":["R","M","M","M","?","M","T","E","?","E","R","M","R","?","M","BOSS","R","M","?","M","?","R","T","M","M","E","?","R","M","$","M","BOSS","R","M","M","?","$","E","T","M","R","M","M"],"items_purchased_type":["Relic","Relic","Card","Card","Relic"],"build_version":"2020-12-22","purchased_purges":2,"victory":false,"max_hp_per_floor":[99,99,99,99,99,99,99,99,99,99,99,99,99,99,99,99,99,109,109,109,109,109,109,109,109,109,109,109,109,109,116,116,116,116,116,116,116,116,116,116,116,116,116,116,116,116,116],"card_choices":[{"not_picked":["champ:BladeFlurry","champ:AdrenalArmor"],"picked":"champ:PreciseThrust","floor":2},{"not_picked":["champ:EnragedBash","champ:CrookedStrike"],"picked":"champ:BerserkersShout","floor":3},{"not_picked":["champ:FancyFootwork","champ:PerfectedStrike"],"picked":"champ:BringItOn","floor":4},{"not_picked":["champ:FalseCounter","champ:SkillfulDodge"],"picked":"champ:PreciseThrust","floor":6},{"not_picked":["champ:BerserkersShout","champ:Backstep"],"picked":"champ:MurderStrike","floor":8},{"not_picked":["champ:Shatter","champ:BringItOn"],"picked":"champ:Backstep","floor":10},{"not_picked":["champ:CrookedStrike","champ:BringItOn"],"picked":"champ:ArenaPreparation","floor":12},{"not_picked":["champ:BringItOn","champ:TornadoPunch"],"picked":"champ:Haymaker","floor":14},{"not_picked":["champ:CalledShot","champ:IronFortress"],"picked":"champ:ShieldWall","floor":15},{"not_picked":["champ:DancingMaster","champ:HoldFirm"],"picked":"champ:VampiricStrike","floor":16},{"not_picked":["champ:Backstep","champ:PreciseThrust"],"picked":"champ:StanceDance","floor":19},{"not_picked":["champ:GladiatorStyle","champ:ShieldWall"],"picked":"champ:DeathBlow","floor":21},{"not_picked":["champ:Backstep","champ:BladeFlurry"],"picked":"champ:RapidStrikes+1","floor":22},{"not_picked":["champ:TornadoPunch","champ:AdrenalArmor"],"picked":"champ:EnGarde","floor":25},{"not_picked":["champ:AdrenalArmor","champ:Circumvent"],"picked":"champ:EndlessRage","floor":26},{"not_picked":["champ:VampiricStrike","champ:EnragedBash"],"picked":"champ:Lariat","floor":27},{"not_picked":["champ:EnGarde","champ:PerfectedStrike"],"picked":"champ:CrownThrow","floor":30},{"not_picked":["champ:Circumvent","champ:BerserkersShout"],"picked":"champ:CalledShot","floor":31},{"not_picked":["champ:StanceDance","champ:FlashCut","champ:Endure"],"picked":"SKIP","floor":32},{"not_picked":["champ:VampiricStrike","champ:StrikeOfGenius"],"picked":"champ:HoldFirm","floor":33},{"not_picked":["champ:GladiatorStyle","champ:CrownThrow+1"],"picked":"champ:FanOfKnives+1","floor":36},{"not_picked":["champ:StanceDance","champ:ArenaPreparation"],"picked":"champ:Shatter+1","floor":37},{"not_picked":["champ:MurderStrike+1","champ:PerfectedStrike+1"],"picked":"champ:SetATrap+1","floor":39},{"not_picked":["champ:AdrenalArmor+1","champ:CrownThrow+1"],"picked":"champ:FancyFootwork","floor":40},{"not_picked":["champ:CrookedStrike+1","champ:StanceDance+1"],"picked":"champ:RecklessLeap+1","floor":42},{"not_picked":["champ:Haymaker+1","champ:DeathBlow+1","champ:RapidStrikes+1"],"picked":"SKIP","floor":44}],"player_experience":101645,"relics_obtained":[{"floor":8,"key":"Pen Nib"},{"floor":10,"key":"InkBottle"},{"floor":14,"key":"CloakClasp"},{"floor":24,"key":"Sundial"},{"floor":27,"key":"Nunchaku"},{"floor":34,"key":"Lantern"},{"floor":34,"key":"Molten Egg 2"},{"floor":34,"key":"Lizard Tail"},{"floor":40,"key":"MealTicket"},{"floor":41,"key":"Toxic Egg 2"}],"event_choices":[{"damage_healed":0,"gold_gain":0,"player_choice":"Ignored","damage_taken":0,"max_hp_gain":0,"max_hp_loss":0,"event_name":"Ghosts","floor":28,"gold_loss":0},{"damage_healed":0,"gold_gain":0,"player_choice":"Got Potions","damage_taken":0,"max_hp_gain":0,"max_hp_loss":0,"event_name":"Lab","floor":38,"gold_loss":0}],"is_beta":false,"boss_relics":[{"not_picked":["Cursed Key","Runic Dome"],"picked":"bronze:MakeshiftBattery"},{"not_picked":["Fusion Hammer","Sozu"],"picked":"Calling Bell"}],"items_purged_floors":[31,39],"is_endless":false,"potions_floor_spawned":[4,6,8,12,16,19,25,26,32,37,44],"killed_by":"3 Darklings","ascension_level":0}}