{"host":"zwezhz46a5cjkxff","time":1613108716,"event":{"mods":["AchievementEnabler","BaseMod","Colored Map","Colored Powertips","DeckTracker","Minty Spire (QoL Compilation)","Permanent Neow","Quick Restart","Rare Cards Sparkle","Relic Stats","StSLib","SuperFastMode"],"gold_per_floor":[109,109,33,45,63,98,98,98,176,176,194,223,223,254,254,361,361,371,371,392,401,401,401,421,421,421],"floor_reached":25,"language":"ENG","playtime":581,"items_purged":[],"score":296,"play_id":"b47bab57-1e60-449b-adee-60913112c5d4","local_time":"20210211234516","is_ascension_mode":true,"campfire_choices":[{"floor":8,"key":"RECALL"},{"floor":10,"key":"REST"},{"data":"A Thousand Cuts","floor":13,"key":"SMITH"},{"floor":15,"key":"REST"},{"data":"Accuracy","floor":23,"key":"SMITH"}],"circlet_count":0,"master_deck":["Strike_G","Strike_G","Strike_G","Strike_G+1","Defend_G","Defend_G","Defend_G","Defend_G","Defend_G+1","Survivor","Neutralize","Backflip","Footwork","Dagger Spray","Accuracy","A Thousand Cuts+1","Venomology","Blade Dance","Accuracy+1"],"relics":["Philosopher\u0027s Stone","Bag of Preparation","Mercury Hourglass","Boot","CeramicFish","Sozu"],"acts_visited":["Exordium","TheCity"],"potions_floor_usage":[6,12,20],"damage_taken":[{"damage":0,"enemies":"Cultist","floor":1,"turns":5},{"damage":3,"enemies":"Jaw Worm","floor":4,"turns":4},{"damage":0,"enemies":"2 Louse","floor":5,"turns":4},{"damage":30,"enemies":"3 Sentries","floor":6,"turns":8},{"damage":0,"enemies":"Looter","floor":11,"turns":3},{"damage":12,"enemies":"Lagavulin","floor":12,"turns":5},{"damage":9,"enemies":"Gremlin Nob","floor":14,"turns":4},{"damage":0,"enemies":"Slime Boss","floor":16,"turns":7},{"damage":17,"enemies":"Spheric Guardian","floor":18,"turns":4},{"damage":10,"enemies":"2 Thieves","floor":20,"turns":4},{"damage":9,"enemies":"Snecko","floor":24,"turns":4},{"damage":39,"enemies":"Book of Stabbing","floor":25,"turns":5}],"seed_played":"7586417505564146001","potions_obtained":[{"floor":6,"key":"Fruit Juice"},{"floor":11,"key":"SkillPotion"},{"floor":14,"key":"Block Potion"}],"is_trial":false,"path_per_floor":["M","?","$","M","M","E","?","R","T","R","M","E","R","E","R","B",null,"M","?","M","?","?","R","M","E"],"character_chosen":"THE_SILENT","items_purchased":["Footwork"],"campfire_rested":2,"item_purchase_floors":[3],"current_hp_per_floor":[70,56,56,53,53,28,21,21,21,43,43,31,31,22,44,44,75,58,58,48,48,48,48,39,0,0],"gold":421,"neow_bonus":"BOSS_RELIC","is_daily":false,"chose_seed":false,"campfire_upgraded":2,"win_rate":0.0,"timestamp":1613108716,"path_taken":["M","?","?","?","M","E","?","R","T","R","M","E","R","E","R","BOSS","M","?","?","?","?","R","M","E"],"items_purchased_type":["Card"],"build_version":"2020-12-22","purchased_purges":0,"victory":false,"max_hp_per_floor":[70,70,70,70,70,75,75,75,75,75,75,75,75,75,75,75,75,75,75,75,75,75,75,75,75,75],"relic_stats":{"Sozu":6,"counters":[12,57],"CeramicFish":27,"Bag of Preparation":[16],"Boot":[48],"obtain_stats":[{"Sozu":17,"CeramicFish":14,"Philosopher\u0027s Stone":0,"Bag of Preparation":6,"Boot":12,"Ring of the Snake":0,"Mercury Hourglass":9},{"Sozu":8,"CeramicFish":7,"Philosopher\u0027s Stone":0,"Bag of Preparation":4,"Boot":6,"Ring of the Snake":0,"Mercury Hourglass":4},{"Sozu":40,"CeramicFish":33,"Philosopher\u0027s Stone":0,"Bag of Preparation":21,"Boot":29,"Ring of the Snake":0,"Mercury Hourglass":21}],"Mercury Hourglass":[116]},"card_choices":[{"not_picked":["Eviscerate","Acrobatics"],"picked":"Backflip","floor":1},{"not_picked":["Outmaneuver","Dagger Throw","Flying Knee"],"picked":"SKIP","floor":4},{"not_picked":["Skewer","Deflect"],"picked":"Dagger Spray","floor":5},{"not_picked":["Venomology","Flying Knee"],"picked":"Accuracy","floor":6},{"not_picked":["Bouncing Flask","Bane","Dagger Throw"],"picked":"SKIP","floor":11},{"not_picked":["PiercingWail","Night Terror"],"picked":"A Thousand Cuts","floor":12},{"not_picked":["Predator","Dagger Throw","Eviscerate"],"picked":"SKIP","floor":14},{"not_picked":["Wraith Form v2","Malaise"],"picked":"Venomology","floor":16},{"not_picked":["Prepared","Deflect","Flechettes"],"picked":"SKIP","floor":18},{"not_picked":["Underhanded Strike+1","Prepared"],"picked":"Blade Dance","floor":20},{"not_picked":["Concentrate+1","Dodge and Roll","Riddle With Holes"],"picked":"SKIP","floor":24}],"player_experience":100402,"relics_obtained":[{"floor":6,"key":"Bag of Preparation"},{"floor":9,"key":"Mercury Hourglass"},{"floor":12,"key":"Boot"},{"floor":14,"key":"CeramicFish"}],"event_choices":[{"damage_healed":0,"gold_gain":0,"player_choice":"Entered Light","damage_taken":14,"max_hp_gain":0,"max_hp_loss":0,"event_name":"Shining Light","floor":2,"gold_loss":0,"cards_upgraded":["Defend_G","Strike_G"]},{"cards_removed":["Strike_G"],"damage_healed":0,"gold_gain":0,"player_choice":"Card Removal","damage_taken":7,"max_hp_gain":0,"max_hp_loss":0,"event_name":"Golden Wing","floor":7,"gold_loss":0},{"damage_healed":0,"gold_gain":0,"player_choice":"Got Potions","damage_taken":0,"max_hp_gain":0,"max_hp_loss":0,"event_name":"Lab","floor":19,"gold_loss":0},{"damage_healed":0,"gold_gain":0,"player_choice":"Read","damage_taken":0,"max_hp_gain":0,"max_hp_loss":0,"event_name":"The Library","floor":21,"gold_loss":0,"cards_obtained":["Accuracy"]},{"damage_healed":0,"gold_gain":0,"player_choice":"Ignored","damage_taken":0,"max_hp_gain":0,"max_hp_loss":0,"event_name":"Ghosts","floor":22,"gold_loss":0}],"is_beta":false,"boss_relics":[{"not_picked":["Runic Pyramid","Snecko Eye"],"picked":"Sozu"}],"items_purged_floors":[],"is_endless":false,"potions_floor_spawned":[6,11,14,18,20,24],"killed_by":"Book of Stabbing","ascension_level":2}}