{"host":"a5csdf9n4csbv6sp","time":1613147896,"event":{"mods":["BaseMod","Minty Spire (QoL Compilation)","Permanent Neow","Relic Stats"],"gold_per_floor":[110,125,139,139,139,139,139],"floor_reached":6,"language":"ENG","playtime":234,"items_purged":[],"score":72,"play_id":"76ff23c5-113e-41a4-8d61-b2ba5f25816e","local_time":"20210212233816","is_ascension_mode":true,"campfire_choices":[],"circlet_count":0,"master_deck":["AscendersBane","Strike_B","Strike_B","Strike_B","Strike_B","Defend_B","Defend_B","Defend_B","Defend_B","Zap","Dualcast","Defragment+1","Barrage","Doom and Gloom"],"relics":["Cursed Key"],"acts_visited":["Exordium"],"potions_floor_usage":[],"damage_taken":[{"damage":1.0,"enemies":"Cultist","floor":1.0,"turns":4.0},{"damage":4.0,"enemies":"Jaw Worm","floor":2.0,"turns":4.0},{"damage":8.0,"enemies":"2 Louse","floor":3.0,"turns":4.0},{"damage":50,"enemies":"3 Sentries","floor":6,"turns":8}],"seed_played":"5657832536974344037","potions_obtained":[{"floor":1.0,"key":"GamblersBrew"}],"is_trial":false,"path_per_floor":["M","M","M","?","?","E"],"character_chosen":"DEFECT","items_purchased":[],"campfire_rested":0,"item_purchase_floors":[],"current_hp_per_floor":[63,59,51,51,56,6,6],"gold":139,"neow_bonus":"BOSS_RELIC","is_daily":false,"chose_seed":false,"campfire_upgraded":0,"win_rate":0.0,"timestamp":1613147896,"path_taken":["M","M","M","?","?","E"],"items_purchased_type":[],"build_version":"2020-12-22","purchased_purges":0,"victory":false,"max_hp_per_floor":[71,71,71,71,76,76,76],"relic_stats":{"counters":[4,20],"Cursed Key":0,"obtain_stats":[{"Cracked Core":0,"Cursed Key":0},{"Cracked Core":0,"Cursed Key":0},{"Cracked Core":0,"Cursed Key":0}]},"card_choices":[{"not_picked":["Stack","Sunder"],"picked":"Defragment","floor":1.0},{"not_picked":["Conserve Battery","Reprogram"],"picked":"Barrage","floor":2.0},{"not_picked":["Rebound","Streamline"],"picked":"Doom and Gloom","floor":3.0}],"player_experience":1878136,"relics_obtained":[],"event_choices":[{"damage_healed":0.0,"max_hp_gain":0.0,"max_hp_loss":0.0,"gold_gain":0.0,"event_name":"Living Wall","player_choice":"Grow","floor":4.0,"gold_loss":0.0,"damage_taken":0.0,"cards_upgraded":["Defragment"]},{"damage_healed":0.0,"max_hp_gain":5.0,"max_hp_loss":0.0,"gold_gain":0.0,"event_name":"Big Fish","player_choice":"Donut","floor":5.0,"gold_loss":0.0,"damage_taken":0.0}],"is_beta":false,"boss_relics":[],"items_purged_floors":[],"is_endless":false,"potions_floor_spawned":[1],"killed_by":"3 Sentries","ascension_level":20}}