{"host":"pszcj3piwl6eu8b1","time":1613159279,"event":{"mods":["2.2 Compatiblity","Act Like it!","Aspiration","BaseMod","Better Altar","Better Match","Better Note","Better Sensory Stone","Better Skull","Better Third Choice","Better Vampires","CCEM2","Downfall","Elementarium","Energized Spire","Gensokyo","GifTheSpireLib","Hallownest","Hubris","Marisa????????","Menagerie","Minty Spire (QoL Compilation)","Permanent Neow","Quarter Circle Forward PUNCH!","Quick Restart","Replay The Spire","Shop Mod","StSLib","Stuff the Spire","The Animator","The Blue Laboratory"],"gold_per_floor":[119,129,148,148,169,169,169,212,262,285,44,44,67,67,67,163,163,193,214,214,214,242,242,275,309,309,309,96,136,136,136],"floor_reached":30,"language":"ENG","playtime":1317,"items_purged":["Injury"],"score":540,"play_id":"6d960e4c-149f-4660-ab9d-04939d25717e","local_time":"20210212114759","daily_mods":["SealedDeck","downfall:Enraging","Binary"],"is_ascension_mode":true,"campfire_choices":[{"data":"animator:SajinKomamura","floor":6.0,"key":"SMITH"},{"data":"animator:YoshinoHaruhiko","floor":23.0,"key":"SMITH"},{"data":"animator:Emonzaemon","floor":27.0,"key":"SMITH"}],"circlet_count":0,"master_deck":["AscendersBane","animator:Ara","animator:Lancer","animator:Mitsurugi","animator:Emonzaemon+1","animator:Mikaela","animator:Mitsurugi","animator:SajinKomamura+1","animator:YoshinoHaruhiko+1","animator:ZankiKiguchi","animator:Cocytus","StuffTheSpire:BrainWave"],"relics":["animator:LivingPicture","animator:TheMissingPiece","Ring of Chaos","animator:PurgingStone","Golden Idol","CCEMRelics:PorcelainBowl","qcfpunch:Red_Beret","hubris:Towel","Menagerie:HuntersKnife","CCEMRelics:SpiritsEdge","CCEMRelics:Apple","Membership Card","MerchantsRug","Toxic Egg 2","hubris:TinFlute"],"acts_visited":["Menagerie:Menagerie","Gensokyo:Gensokyoer"],"potions_floor_usage":[],"damage_taken":[{"damage":3.0,"enemies":"Menagerie:StygianBoar","floor":1.0,"turns":2.0},{"damage":5.0,"enemies":"Menagerie:2_RABBITS","floor":2.0,"turns":2.0},{"damage":7.0,"enemies":"Menagerie:MonstrousExperiment","floor":3.0,"turns":2.0},{"damage":2.0,"enemies":"Menagerie:DREAD_MOTH_AND_GRAFTED_WORMS","floor":5.0,"turns":1.0},{"damage":13.0,"enemies":"Menagerie:VoidReaper","floor":8.0,"turns":2.0},{"damage":6.0,"enemies":"Menagerie:MENAGERIE_WILDLIFE","floor":10.0,"turns":2.0},{"damage":0.0,"enemies":"Menagerie:KEEPER_AND_YOUNG_SUNEATER","floor":13.0,"turns":1.0},{"damage":4.0,"enemies":"Menagerie:Chimera","floor":16.0,"turns":2.0},{"damage":0.0,"enemies":"Gensokyo:Chomper","floor":18.0,"turns":2.0},{"damage":2.0,"enemies":"Gensokyo:CosmicMonolith","floor":19.0,"turns":2.0},{"damage":0.0,"enemies":"Gensokyo:Swordslinger","floor":22.0,"turns":1.0},{"damage":26.0,"enemies":"Gensokyo:Koishi","floor":24.0,"turns":3.0},{"damage":0.0,"enemies":"Gensokyo:3_Gloops","floor":25.0,"turns":2.0},{"damage":0.0,"enemies":"Gensokyo:Reisen","floor":29.0,"turns":2.0},{"damage":30,"enemies":"Gensokyo:Wraith","floor":30,"turns":2}],"seed_played":"7506334190617047061","potions_obtained":[{"floor":2.0,"key":"DistilledChaos"},{"floor":3.0,"key":"DuplicationPotion"},{"floor":10.0,"key":"blueLaboratory:SavagePotion"},{"floor":18.0,"key":"Languid Potion"},{"floor":22.0,"key":"BlessingOfTheForge"}],"is_trial":true,"path_per_floor":["M","M","M","?","M","R","?","E","T","M","$","?","M","?","R","B",null,"M","M","?","?","M","R","E","M","T","R","$","E","M"],"character_chosen":"THE_ANIMATOR","items_purchased":["qcfpunch:Broken_Tusk","Membership Card","MerchantsRug","Toxic Egg 2"],"campfire_rested":0,"item_purchase_floors":[11,28,28,28],"current_hp_per_floor":[51,46,39,39,37,37,37,24,24,18,18,18,18,18,18,14,43,43,41,44,47,47,47,21,21,21,21,21,24,0,0],"gold":136,"neow_bonus":"","is_daily":false,"chose_seed":true,"campfire_upgraded":3,"win_rate":0.0,"timestamp":1613159279,"path_taken":["M","M","M","?","?","R","?","E","T","M","$","?","M","?","R","BOSS","M","M","?","?","?","R","E","M","T","R","$","E","M"],"items_purchased_type":["Relic","Relic","Relic","Relic"],"build_version":"2020-12-22","purchased_purges":1,"victory":false,"max_hp_per_floor":[60,60,60,60,60,60,58,58,58,58,58,58,58,58,53,53,53,53,53,56,56,56,56,56,56,56,56,56,59,59,59],"card_choices":[{"not_picked":["StuffTheSpire:Brawn","StuffTheSpire:Perfection"],"picked":"StuffTheSpire:BrainWave","floor":12.0},{"not_picked":["animator:RukiaKuchiki+1","animator:OrihimeInoue+1"],"picked":"SKIP","floor":29.0}],"player_experience":1421128,"relics_obtained":[{"floor":8.0,"key":"CCEMRelics:PorcelainBowl"},{"floor":9.0,"key":"qcfpunch:Red_Beret"},{"floor":24.0,"key":"CCEMRelics:SpiritsEdge"},{"floor":26.0,"key":"CCEMRelics:Apple"},{"floor":29.0,"key":"hubris:TinFlute"}],"event_choices":[{"damage_healed":0.0,"max_hp_gain":0.0,"max_hp_loss":0.0,"gold_gain":0.0,"event_name":"Golden Idol","player_choice":"Take Wound","floor":4.0,"gold_loss":0.0,"damage_taken":0.0,"relics_obtained":["Golden Idol"],"cards_obtained":["Injury"]},{"damage_healed":0.0,"max_hp_gain":0.0,"max_hp_loss":2.0,"gold_gain":0.0,"event_name":"Menagerie:ShimmeringGrove","player_choice":"Enter","floor":7.0,"gold_loss":0.0,"damage_taken":0.0,"relics_obtained":["PrismaticShard"]},{"damage_healed":0.0,"max_hp_gain":0.0,"max_hp_loss":5.0,"gold_gain":0.0,"event_name":"Menagerie:BigGameHunter","player_choice":"Take","floor":15.0,"gold_loss":0.0,"damage_taken":0.0,"relics_obtained":["Menagerie:HuntersKnife"]}],"is_beta":false,"boss_relics":[{"not_picked":["ReplayTheSpireMod:DimensionalGlitch","hubris:BlackHole","Ectoplasm"]}],"items_purged_floors":[11],"is_endless":true,"potions_floor_spawned":[2,3,5,10,18,19,22],"killed_by":"Gensokyo:Wraith","ascension_level":20}}