{"host":"6r762osam2bvfm66","time":1613173757,"event":{"mods":["BaseMod","Bestiary","Colored Map","Highlight Path","Minty Spire (QoL Compilation)","Relic Stats"],"gold_per_floor":[368,385,397,33,52,83,83,258,258,258,286,306,321,349,349,349,349],"floor_reached":16,"language":"ENG","playtime":924,"items_purged":["Parasite"],"score":176,"play_id":"8bd77c6d-efa5-43e6-a5c4-7ae9daa726b7","local_time":"20210212174917","is_ascension_mode":true,"campfire_choices":[{"data":"Eruption","floor":7,"key":"SMITH"},{"data":"Halt","floor":10,"key":"SMITH"},{"data":"Adaptation","floor":15,"key":"SMITH"}],"circlet_count":0,"master_deck":["Strike_P","Strike_P","Strike_P","Strike_P","Defend_P","Defend_P","Defend_P","Defend_P","Eruption+1","Vigilance","EmptyFist","Halt+1","Consecrate","Indignation","Wallop","FlurryOfBlows","Doubt","Adaptation+1","Crescendo","JustLucky"],"relics":["PureWater","Meat on the Bone","The Courier","Singing Bowl","Calipers","StoneCalendar"],"acts_visited":["Exordium"],"potions_floor_usage":[6,6,11,14,16],"damage_taken":[{"damage":0,"enemies":"Cultist","floor":1,"turns":3},{"damage":7,"enemies":"Jaw Worm","floor":2,"turns":4},{"damage":1,"enemies":"Small Slimes","floor":3,"turns":3},{"damage":0,"enemies":"3 Louse","floor":5,"turns":3},{"damage":0,"enemies":"Lagavulin","floor":6,"turns":4},{"damage":56,"enemies":"Gremlin Nob","floor":11,"turns":4},{"damage":0,"enemies":"Red Slaver","floor":12,"turns":1},{"damage":0,"enemies":"2 Fungi Beasts","floor":13,"turns":2},{"damage":9,"enemies":"Lagavulin","floor":14,"turns":7},{"damage":42,"enemies":"Slime Boss","floor":16,"turns":6}],"seed_played":"5611808021213573660","potions_obtained":[{"floor":1,"key":"Swift Potion"},{"floor":2,"key":"SkillPotion"},{"floor":6,"key":"GamblersBrew"},{"floor":13,"key":"DistilledChaos"},{"floor":14,"key":"LiquidBronze"}],"is_trial":false,"path_per_floor":["M","M","M","$","M","E","R","?","T","R","E","M","M","E","R","B"],"character_chosen":"WATCHER","items_purchased":["Meat on the Bone","Indignation"],"campfire_rested":0,"item_purchase_floors":[4,4],"current_hp_per_floor":[72,65,64,64,64,64,64,64,64,64,20,34,46,37,37,0,0],"gold":349,"neow_bonus":"TWO_FIFTY_GOLD","is_daily":false,"chose_seed":false,"campfire_upgraded":3,"win_rate":0.0,"timestamp":1613173757,"path_taken":["M","?","M","$","?","E","R","?","T","R","E","M","M","E","R","BOSS"],"items_purchased_type":["Relic","Card"],"build_version":"2020-12-22","purchased_purges":1,"victory":false,"max_hp_per_floor":[72,72,72,69,69,69,69,69,69,69,69,71,71,71,71,71,71],"relic_stats":{"Singing Bowl":2,"counters":[10,37],"StoneCalendar":[0],"obtain_stats":[{"Calipers":11,"Singing Bowl":9,"StoneCalendar":14,"The Courier":6,"PureWater":0,"Meat on the Bone":4},{"Calipers":6,"Singing Bowl":5,"StoneCalendar":9,"The Courier":5,"PureWater":0,"Meat on the Bone":3},{"Calipers":21,"Singing Bowl":17,"StoneCalendar":31,"The Courier":17,"PureWater":0,"Meat on the Bone":10}],"Meat on the Bone":36},"card_choices":[{"not_picked":["Perseverance","Crescendo"],"picked":"EmptyFist","floor":1},{"not_picked":["PathToVictory","FlyingSleeves"],"picked":"Halt","floor":2},{"not_picked":["Prostrate","Crescendo"],"picked":"Consecrate","floor":3},{"not_picked":["Halt","Consecrate"],"picked":"Wallop","floor":5},{"not_picked":["Alpha","SpiritShield"],"picked":"FlurryOfBlows","floor":6},{"not_picked":["EmptyFist","Weave"],"picked":"Adaptation","floor":11},{"not_picked":["Evaluate","FollowUp","CrushJoints"],"picked":"Singing Bowl","floor":12},{"not_picked":["Prostrate","CrushJoints"],"picked":"Crescendo","floor":13},{"not_picked":["Judgement","WindmillStrike"],"picked":"JustLucky","floor":14}],"player_experience":90126,"relics_obtained":[{"floor":6,"key":"The Courier"},{"floor":9,"key":"Singing Bowl"},{"floor":11,"key":"Calipers"},{"floor":14,"key":"StoneCalendar"}],"event_choices":[{"damage_healed":0,"gold_gain":175,"player_choice":"AGREE","damage_taken":0,"max_hp_gain":0,"max_hp_loss":0,"event_name":"Liars Game","floor":8,"gold_loss":0,"cards_obtained":["Doubt"]}],"is_beta":false,"boss_relics":[],"items_purged_floors":[4],"is_endless":false,"potions_floor_spawned":[1,2,6,13,14],"killed_by":"Slime Boss","ascension_level":4}}