{"host":"lly094a91h6n5nv5","time":1613112816,"event":{"mods":["AchievementEnabler","BaseMod","Block Reminder","Colored Map","Minty Spire (QoL Compilation)"],"gold_per_floor":[119,119,17,17,17,55,55,55,55,130,149,168,168,201,201,329,329,350,350,275,235,16,16,57,75,75,95,20,33,48,48,48],"floor_reached":31,"language":"ENG","playtime":2377,"items_purged":["Strike_P+1"],"score":400,"play_id":"c67454a2-1938-4e45-bcae-9f3ac3f38cf4","local_time":"20210212005336","is_ascension_mode":true,"campfire_choices":[{"data":"WaveOfTheHand","floor":13,"key":"SMITH"},{"data":"Weave","floor":15,"key":"SMITH"},{"floor":23,"key":"REST"}],"circlet_count":0,"master_deck":["Strike_P+1","Strike_P+1","Strike_P+1","Defend_P+1","Defend_P+1","Defend_P+1","Eruption+1","Vigilance","Protect","Nirvana+1","Protect","Weave+1","WaveOfTheHand+1","FearNoEvil","JustLucky","EmptyMind+1","Tantrum","CarveReality+1","FlurryOfBlows"],"relics":["PureWater","NeowsBlessing","Golden Idol","Bag of Preparation","Happy Flower","Kunai","Fusion Hammer","Anchor","Dream Catcher","InkBottle"],"acts_visited":["Exordium","TheCity"],"potions_floor_usage":[24,31],"damage_taken":[{"damage":0,"enemies":"Jaw Worm","floor":1,"turns":1},{"damage":0,"enemies":"3 Sentries","floor":6,"turns":1},{"damage":0,"enemies":"Small Slimes","floor":11,"turns":1},{"damage":0,"enemies":"2 Louse","floor":12,"turns":4},{"damage":12,"enemies":"Lagavulin","floor":14,"turns":10},{"damage":16,"enemies":"The Guardian","floor":16,"turns":18},{"damage":5,"enemies":"Shell Parasite","floor":18,"turns":9},{"damage":28,"enemies":"Book of Stabbing","floor":24,"turns":8},{"damage":0,"enemies":"Spheric Guardian","floor":25,"turns":1},{"damage":6,"enemies":"Snake Plant","floor":27,"turns":5},{"damage":0,"enemies":"Centurion and Healer","floor":29,"turns":6},{"damage":1,"enemies":"Shelled Parasite and Fungi","floor":30,"turns":4},{"damage":39,"enemies":"Slavers","floor":31,"turns":5}],"seed_played":"-3101598115715742212","potions_obtained":[{"floor":12,"key":"SpeedPotion"},{"floor":16,"key":"SpeedPotion"},{"floor":18,"key":"LiquidMemories"},{"floor":27,"key":"SneckoOil"},{"floor":30,"key":"Weak Potion"}],"is_trial":false,"path_per_floor":["M","?","$","?","$","E","?","$","T","?","M","M","R","E","R","B",null,"M","?","?","?","$","R","E","M","T","M","$","M","M","E"],"character_chosen":"WATCHER","items_purchased":["Nirvana","Protect","Anchor","Tantrum"],"campfire_rested":1,"item_purchase_floors":[3,3,22,28],"current_hp_per_floor":[65,65,65,65,65,65,70,70,70,59,59,59,59,47,47,31,62,57,57,57,57,57,72,44,44,44,38,38,38,37,0,0],"gold":48,"neow_bonus":"THREE_ENEMY_KILL","is_daily":false,"chose_seed":false,"campfire_upgraded":2,"win_rate":0.0,"timestamp":1613112816,"path_taken":["M","?","?","?","$","E","?","?","T","?","M","?","R","E","R","BOSS","M","?","?","?","$","R","E","M","T","M","$","M","M","E"],"items_purchased_type":["Card","Card","Relic","Card"],"build_version":"2020-12-22","purchased_purges":1,"victory":false,"max_hp_per_floor":[72,67,67,67,67,67,72,72,72,72,72,72,72,72,72,72,72,72,72,72,72,72,72,72,72,72,72,72,72,72,72,72],"card_choices":[{"not_picked":["CutThroughFate","Pray"],"picked":"Protect","floor":1},{"not_picked":["ClearTheMind","Consecrate"],"picked":"Weave","floor":6},{"not_picked":["CarveReality","Perseverance"],"picked":"WaveOfTheHand","floor":11},{"not_picked":["MentalFortress","FollowUp"],"picked":"FearNoEvil","floor":12},{"not_picked":["WreathOfFlame","Conclude","Protect"],"picked":"SKIP","floor":14},{"not_picked":["Evaluate","Meditate","EmptyFist"],"picked":"SKIP","floor":18},{"not_picked":["Protect","EmptyFist"],"picked":"JustLucky","floor":24},{"not_picked":["EmptyFist","CarveReality","Swivel"],"picked":"SKIP","floor":25},{"not_picked":["Halt+1","CarveReality"],"picked":"EmptyMind+1","floor":27},{"not_picked":["SashWhip","EmptyMind"],"picked":"CarveReality+1","floor":29},{"not_picked":["Prostrate","FollowUp+1"],"picked":"FlurryOfBlows","floor":30}],"player_experience":208287,"relics_obtained":[{"floor":6,"key":"Bag of Preparation"},{"floor":9,"key":"Happy Flower"},{"floor":14,"key":"Kunai"},{"floor":24,"key":"Dream Catcher"},{"floor":26,"key":"InkBottle"}],"event_choices":[{"damage_healed":0,"gold_gain":0,"player_choice":"Lose Max HP","damage_taken":0,"relics_obtained":["Golden Idol"],"max_hp_gain":0,"max_hp_loss":5,"event_name":"Golden Idol","floor":2,"gold_loss":0},{"damage_healed":0,"gold_gain":0,"player_choice":"Grow","damage_taken":0,"max_hp_gain":0,"max_hp_loss":0,"event_name":"Living Wall","floor":4,"gold_loss":0,"cards_upgraded":["Eruption"]},{"damage_healed":0,"gold_gain":0,"player_choice":"Donut","damage_taken":0,"max_hp_gain":5,"max_hp_loss":0,"event_name":"Big Fish","floor":7,"gold_loss":0},{"damage_healed":0,"gold_gain":75,"player_choice":"Gather Gold","damage_taken":11,"max_hp_gain":0,"max_hp_loss":0,"event_name":"World of Goop","floor":10,"gold_loss":0},{"damage_healed":0,"gold_gain":0,"player_choice":"Simplicity","damage_taken":0,"max_hp_gain":0,"max_hp_loss":0,"event_name":"Back to Basics","floor":19,"gold_loss":0,"cards_upgraded":["Strike_P","Strike_P","Strike_P","Strike_P","Defend_P","Defend_P","Defend_P","Defend_P"]},{"cards_removed":["Defend_P"],"damage_healed":0,"gold_gain":0,"player_choice":"Gave Gold","damage_taken":0,"max_hp_gain":0,"max_hp_loss":0,"event_name":"Beggar","floor":20,"gold_loss":75},{"damage_healed":0,"gold_gain":0,"player_choice":"Upgrade","damage_taken":0,"max_hp_gain":0,"max_hp_loss":0,"event_name":"Designer","floor":21,"gold_loss":40,"cards_upgraded":["Nirvana"]}],"is_beta":false,"boss_relics":[{"not_picked":["Velvet Choker","Tiny House"],"picked":"Fusion Hammer"}],"items_purged_floors":[22],"is_endless":false,"potions_floor_spawned":[12,16,18,27,30],"killed_by":"Slavers","ascension_level":8}}