{"host":"gaqyve1328ta0etl","time":1613102596,"event":{"mods":["BaseMod","Colored Map","Colored Powertips","Duelist Mod","Googly Eyes","Hero for Fun","Minty Spire (QoL Compilation)","Shop Mod","StSLib","SuperFastMode","The Hierophant","The Runesmith"],"gold_per_floor":[145,157,82,93,93,93,112,112,112,124,140,154,166,21,21,117,117,136,113,125,125,125,125,144,144,144],"floor_reached":25,"language":"ENG","playtime":834,"items_purged":["theDuelist:Sparks","theDuelist:Sparks","theDuelist:LesserDragon"],"score":286,"play_id":"c32b358b-64ae-406f-8a6f-eec541a53473","local_time":"20210211200316","is_ascension_mode":true,"campfire_choices":[{"data":"theDuelist:BigFire","floor":6,"key":"SMITH"},{"data":"theDuelist:TotemDragon","floor":15,"key":"SMITH"},{"data":"theDuelist:StardustDragon","floor":23,"key":"SMITH"}],"circlet_count":0,"master_deck":["theDuelist:BabyDragon","theDuelist:CaveDragon","theDuelist:MoltenDestruction","theDuelist:CyberDragonVier","theDuelist:TwinHeadedBehemoth","theDuelist:BigFire+1","theDuelist:Freezadon","theDuelist:DragonMirror","theDuelist:TotemDragon+1","Panacea","theDuelist:CyberDragonSieger","theDuelist:Duoterion","theDuelist:WaterDragon","theDuelist:AmuletDragon+1","theDuelist:EyeTimaeus+1","theDuelist:FiendSkull+1","theDuelist:SilverDragon+1","Bandage Up","theDuelist:StardustDragon+1","theDuelist:CyberLaserDragon","theDuelist:ScrapIronScarecrow","theDuelist:SliferSky+1"],"relics":["theDuelist:MillenniumPuzzle","theDuelist:CardPoolRelic","theDuelist:CardPoolBasicRelic","theDuelist:BoosterPackPoolRelic","theDuelist:CardPoolAddRelic","theDuelist:CardPoolMinusRelic","theDuelist:CardPoolSaveRelic","theDuelist:CardPoolOptionsRelic","White Beast Statue","Astrolabe","theDuelist:PointPass","theDuelist:CursedHealer"],"acts_visited":["Exordium","TheCity"],"potions_floor_usage":[16,18,24,24],"damage_taken":[{"damage":0,"enemies":"2 Louse","floor":1,"turns":2},{"damage":0,"enemies":"Cultist","floor":2,"turns":3},{"damage":6,"enemies":"Jaw Worm","floor":4,"turns":2},{"damage":0,"enemies":"Gremlin Gang","floor":7,"turns":1},{"damage":1,"enemies":"Looter","floor":10,"turns":3},{"damage":8,"enemies":"Blue Slaver","floor":11,"turns":3},{"damage":0,"enemies":"Large Slime","floor":12,"turns":2},{"damage":6,"enemies":"Lots of Slimes","floor":13,"turns":3},{"damage":23,"enemies":"Slime Boss","floor":16,"turns":9},{"damage":7,"enemies":"3 Byrds","floor":18,"turns":3},{"damage":9,"enemies":"Chosen","floor":20,"turns":5},{"damage":39,"enemies":"3 Cultists","floor":24,"turns":7},{"damage":56,"enemies":"Snecko","floor":25,"turns":5}],"seed_played":"6580309318667889217","potions_obtained":[{"floor":7,"key":"theDuelist:TokenPotion"},{"floor":10,"key":"Explosive Potion"},{"floor":11,"key":"Swift Potion"},{"floor":12,"key":"theDuelist:FireBottle"},{"floor":16,"key":"theDuelist:DragonOrbPlusBottle"},{"floor":18,"key":"ColorlessPotion"},{"floor":24,"key":"Strength Potion"}],"is_trial":false,"path_per_floor":["M","M","$","M","?","R","M","?","T","M","M","M","M","$","R","B",null,"M","$","M","?","?","R","M","M"],"character_chosen":"THE_DUELIST","items_purchased":["theDuelist:Duoterion","theDuelist:PointPass","Bandage Up"],"campfire_rested":0,"item_purchase_floors":[14,19,19],"current_hp_per_floor":[72,72,72,66,66,66,66,66,66,65,57,57,51,51,51,28,67,60,60,55,55,80,80,45,0,0],"gold":144,"neow_bonus":"THREE_CARDS","is_daily":false,"chose_seed":false,"campfire_upgraded":3,"win_rate":0.0,"timestamp":1613102596,"path_taken":["M","M","$","M","?","R","M","?","T","M","?","M","M","$","R","BOSS","M","$","M","?","?","R","M","M"],"items_purchased_type":["Card","Relic","Card"],"build_version":"2020-12-22","purchased_purges":3,"victory":false,"max_hp_per_floor":[80,80,80,80,80,80,80,80,80,80,80,80,80,80,80,80,80,80,80,80,80,80,80,80,80,80],"card_choices":[{"not_picked":["theDuelist:SuperStridentBlaze","theDuelist:FrostflameDragon"],"picked":"theDuelist:MoltenDestruction","floor":0},{"not_picked":["theDuelist:WhiteNightDragon","theDuelist:LesserDragon","theDuelist:DragonPiper","theDuelist:AutorokketDragon"],"picked":"theDuelist:CyberDragonVier","floor":1},{"not_picked":["theDuelist:Pyrorex","theDuelist:MegafleetDragon","theDuelist:Frostosaurus","theDuelist:DarkfireDragon"],"picked":"theDuelist:TwinHeadedBehemoth","floor":2},{"not_picked":["theDuelist:BattleguardKing","theDuelist:Hinotama","theDuelist:RainbowOverdragon","theDuelist:SmashingGround"],"picked":"theDuelist:BigFire","floor":4},{"not_picked":["theDuelist:Pyrorex","theDuelist:CloudianGhost","theDuelist:Earthquake","theDuelist:BusterBlader"],"picked":"theDuelist:Freezadon","floor":7},{"not_picked":["theDuelist:TotemDragon","theDuelist:JurassicImpact","theDuelist:GalaxySoldier"],"picked":"theDuelist:DragonMirror","floor":10},{"not_picked":["theDuelist:TwinHeadedFire","theDuelist:BlackStego","theDuelist:CyberDragonVier","theDuelist:AquaDolphin"],"picked":"theDuelist:TotemDragon","floor":11},{"not_picked":["Chrysalis","Dramatic Entrance","Jack Of All Trades"],"picked":"Panacea","floor":12},{"not_picked":["theDuelist:TyrantWing","theDuelist:JurassicImpact","theDuelist:ArtifactSanctum"],"picked":"theDuelist:CyberDragonSieger","floor":13},{"not_picked":["theDuelist:WingedDragonRa","theDuelist:StardustDragon","theDuelist:DragonMastery","theDuelist:CyberDragonInfinity"],"picked":"theDuelist:WaterDragon","floor":16},{"not_picked":["theDuelist:YamataDragon","theDuelist:Beatraptor","theDuelist:SphereChaos","theDuelist:LavaDragon"],"picked":"theDuelist:SilverDragon+1","floor":18},{"not_picked":["theDuelist:LostWorld","theDuelist:CyberDragonInfinity"],"picked":"theDuelist:StardustDragon","floor":20},{"not_picked":["theDuelist:WhiteHornDragon+1","theDuelist:SilverWing+1","theDuelist:AutorokketDragon+1","theDuelist:SurvivalFittest+1"],"picked":"theDuelist:SliferSky+1","floor":24}],"player_experience":2145826,"relics_obtained":[{"floor":9,"key":"White Beast Statue"}],"event_choices":[{"damage_healed":0,"gold_gain":0,"player_choice":"Leave","duelist":true,"damage_taken":0,"max_hp_gain":0,"max_hp_loss":0,"event_name":"Relic Duplicator","floor":5,"gold_loss":0},{"damage_healed":0,"gold_gain":0,"player_choice":"Leave","duelist":true,"damage_taken":0,"max_hp_gain":0,"max_hp_loss":0,"event_name":"Millennium Items","floor":8,"gold_loss":0},{"damage_healed":0,"gold_gain":0,"cards_transformed":["theDuelist:LesserDragon","theDuelist:CaveDragon"],"player_choice":"Became Test Subject","damage_taken":0,"max_hp_gain":0,"max_hp_loss":0,"event_name":"Drug Dealer","floor":21,"gold_loss":0,"cards_obtained":["theDuelist:CyberLaserDragon","theDuelist:ScrapIronScarecrow"]},{"damage_healed":0,"gold_gain":0,"player_choice":"Succumb - +25HP/Cursed Relic","duelist":true,"damage_taken":0,"max_hp_gain":0,"max_hp_loss":0,"event_name":"Tomb of the Nameless","floor":22,"gold_loss":0}],"is_beta":false,"boss_relics":[{"not_picked":["HoveringKite","Calling Bell"],"picked":"Astrolabe"}],"items_purged_floors":[3,14,19],"is_endless":false,"potions_floor_spawned":[7,10,11,12,13,16,18,20,24],"killed_by":"Snecko","ascension_level":9}}