{"host":"jruzzdd1waq9u00d","time":1613131454,"event":{"mods":["BaseMod","Colored Map","Colored Powertips","DeckTracker","Downfall","Minty Spire (QoL Compilation)","Quick Restart","Relic Stats","StSLib","SuperFastMode"],"gold_per_floor":[99,99,99,99,99,111,137,137,237,258,276,290,290,4,19,120,120,120,135,154,165,165,188,188,188,188,188],"floor_reached":25,"language":"ENG","playtime":1102,"items_purged":["Guardian:Strike_Guardian"],"score":189,"play_id":"a70faa32-45bc-4700-97d2-978cdf503563","local_time":"20210212210414","is_ascension_mode":false,"campfire_choices":[{"data":"Guardian:TwinSlam","floor":1,"key":"SMITH"},{"data":"Guardian:DonusPower","floor":13,"key":"SMITH"},{"data":"expansioncontent:QuickStudy","floor":18,"key":"SMITH"}],"circlet_count":0,"master_deck":["Guardian:Strike_Guardian","Guardian:CurlUp","Guardian:TwinSlam+1","Guardian:DecasProtection+1","Guardian:Gem_Crimson","Guardian:PrimingBeam","Guardian:EvasiveProtocol","Guardian:Gem_Red","Guardian:DonusPower+1","Guardian:Gem_Yellow","Guardian:Gem_Orange","expansioncontent:QuickStudy+1","Guardian:TimeSifter","Guardian:Gem_Crimson","Guardian:Reroute+1","Guardian:Gem_Fragmented","Guardian:BronzeArmor","Guardian:TimeBomb","Guardian:WalkerClaw"],"relics":["Guardian:ModeShifter","downfall:HeartsMalice","Guardian:PickAxe","Tiny Chest","Odd Mushroom","Astrolabe","Pen Nib","Dead Branch"],"acts_visited":["Exordium","TheCity"],"potions_floor_usage":[16,16,21,22],"damage_taken":[{"damage":0,"enemies":"Jaw Worm","floor":2,"turns":1},{"damage":0,"enemies":"Jaw Worm","floor":3,"turns":1},{"damage":0,"enemies":"Cultist","floor":5,"turns":1},{"damage":0,"enemies":"2 Louse","floor":6,"turns":1},{"damage":20,"enemies":"downfall:Heads","floor":9,"turns":7},{"damage":16,"enemies":"The Mushroom Lair","floor":10,"turns":6},{"damage":7,"enemies":"Blue Slaver","floor":11,"turns":4},{"damage":11,"enemies":"Large Slime","floor":12,"turns":8},{"damage":5,"enemies":"downfall:FleeingMerchant","floor":14,"turns":4},{"damage":1,"enemies":"2 Fungi Beasts","floor":15,"turns":4},{"damage":14,"enemies":"DF_ARCHETYPE_STREAMLINE","floor":16,"turns":9},{"damage":26,"enemies":"Chosen","floor":19,"turns":6},{"damage":5,"enemies":"3 Byrds","floor":20,"turns":4},{"damage":58,"enemies":"Sentry and Sphere","floor":21,"turns":8},{"damage":0,"enemies":"downfall:FleeingMerchant","floor":22,"turns":2},{"damage":6,"enemies":"Centurion and Healer","floor":25,"turns":1}],"seed_played":"-1655074591509932887","potions_obtained":[{"floor":9,"key":"Ancient Potion"},{"floor":10,"key":"SmokeBomb"},{"floor":11,"key":"Guardian:DefensiveModePotion"},{"floor":16,"key":"Strength Potion"},{"floor":20,"key":"Regen Potion"},{"floor":21,"key":"Guardian:DefensiveModePotion"}],"is_trial":false,"path_per_floor":["R","M","?","?","M","M","T","?","?","?","M","M","R","$","M","B",null,"R","M","M","M","$","T","T","M"],"character_chosen":"GUARDIAN","items_purchased":["expansioncontent:QuickStudy"],"campfire_rested":0,"item_purchase_floors":[14],"current_hp_per_floor":[80,80,80,80,80,80,80,80,60,44,37,26,26,21,20,6,80,80,54,49,6,6,6,6,0,0,0],"gold":188,"neow_bonus":"THREE_ENEMY_KILL","is_daily":false,"chose_seed":false,"campfire_upgraded":3,"win_rate":0.0,"timestamp":1613131454,"path_taken":["R","M","?","?","?","M","T","?","?","?","M","M","R","$","M","BOSS","R","M","M","M","$","?","T","M"],"items_purchased_type":["Card"],"build_version":"2020-12-22","purchased_purges":1,"victory":false,"max_hp_per_floor":[80,80,80,80,80,80,80,80,80,80,80,80,80,80,80,80,80,80,80,80,80,80,80,80,80,80,80],"relic_stats":{"counters":[16,63],"Astrolabe":["Guardian:Gem_Crimson","Guardian:Reroute","Guardian:Gem_Fragmented"],"Dead Branch":[3],"Tiny Chest":1,"Pen Nib":[0],"obtain_stats":[{"Guardian:PickAxe":3,"Astrolabe":17,"Dead Branch":24,"Guardian:ModeShifter":0,"downfall:HeartsMalice":0,"Tiny Chest":7,"Pen Nib":23,"Odd Mushroom":10},{"Guardian:PickAxe":2,"Astrolabe":11,"Dead Branch":15,"Guardian:ModeShifter":0,"downfall:HeartsMalice":0,"Tiny Chest":4,"Pen Nib":15,"Odd Mushroom":6},{"Guardian:PickAxe":0,"Astrolabe":43,"Dead Branch":62,"Guardian:ModeShifter":0,"downfall:HeartsMalice":0,"Tiny Chest":1,"Pen Nib":62,"Odd Mushroom":14}]},"card_choices":[{"not_picked":["Guardian:TimeCapacitor","Guardian:Preprogram"],"picked":"Guardian:DecasProtection","floor":2},{"not_picked":["Guardian:Reroute","Guardian:Gem_Green"],"picked":"Guardian:PrimingBeam","floor":5},{"not_picked":["Guardian:Suspension","Guardian:Emergency"],"picked":"Guardian:EvasiveProtocol","floor":6},{"not_picked":["Guardian:RollAttack","Guardian:ArmoredProtocol"],"picked":"Guardian:DonusPower","floor":10},{"not_picked":["Guardian:Gem_White","Guardian:VentSteam"],"picked":"Guardian:Gem_Yellow","floor":11},{"not_picked":["Guardian:VentSteam","Guardian:BronzeOrb","Guardian:ShieldSpikes"],"picked":"SKIP","floor":12},{"not_picked":["Guardian:SpikerProtocol","Guardian:TemporalStrike"],"picked":"Guardian:Gem_Orange","floor":14},{"not_picked":["Guardian:Gem_Crimson","Guardian:CrystalBeam","Guardian:TemporalStrike"],"picked":"SKIP","floor":15},{"not_picked":["Guardian:SphericShield","Guardian:StasisStrike"],"picked":"Guardian:TimeSifter","floor":16},{"not_picked":["Guardian:Reroute","Guardian:ChargeCore"],"picked":"Guardian:BronzeArmor","floor":19},{"not_picked":["Guardian:TimeBomb","Guardian:Reroute+1","Guardian:Gem_Purple"],"picked":"SKIP","floor":20},{"not_picked":["Guardian:Reroute+1","Guardian:Gem_Purple"],"picked":"Guardian:TimeBomb","floor":20},{"not_picked":["Guardian:TemporalShield","Guardian:Gem_Lightblue"],"picked":"Guardian:WalkerClaw","floor":21}],"player_experience":434305,"relics_obtained":[{"floor":7,"key":"Tiny Chest"},{"floor":10,"key":"Odd Mushroom"},{"floor":23,"key":"Pen Nib"},{"floor":24,"key":"Dead Branch"}],"event_choices":[{"cards_removed":["Guardian:Strike_Guardian"],"damage_healed":0,"gold_gain":0,"player_choice":"Card Removal","damage_taken":0,"max_hp_gain":0,"max_hp_loss":0,"event_name":"The Cleric","floor":8,"gold_loss":0},{"damage_healed":0,"gold_gain":0,"player_choice":"Fought Mushrooms","damage_taken":0,"max_hp_gain":0,"max_hp_loss":0,"event_name":"Mushrooms","floor":10,"gold_loss":0}],"is_beta":false,"boss_relics":[{"not_picked":["SacredBark","bronze:MakeshiftBattery"],"picked":"Astrolabe"}],"items_purged_floors":[14],"is_endless":false,"potions_floor_spawned":[3,9,10,11,15,16,20,21],"killed_by":"Centurion and Healer","ascension_level":0}}