{"host":"nlh1m2716594vj2h","time":1613110492,"event":{"mods":["AchievementEnabler","Aspiration","BaseMod","Beaked The Cultist","BetterRewards","Conspire","Downfall","Duelist Mod","Googly Eyes","Gremlin Mod","Hermit","Highlight Path","Hubris","Infinite Spire","Jorbs\u0027s Wanderer Trilogy","Marisa????????","Minty Spire (QoL Compilation)","Replay The Spire","Robot Space Explorer","Shop Mod","StSLib","The Blackbeard","The Bug Knight","The Cursed","The Hierophant","The Necromancer","The Poker Player","The Senshi","The Servant 0.9.4"],"gold_per_floor":[143,143,162,162,162,189,208,208,208,222,222,235,123,142,142,237,287,304,304,316,506,506,506,57,7,85,85,115,115,130,131,131,228,228,234,109,109,109,127,141,160,160,160],"floor_reached":42,"language":"ENG","playtime":2645,"items_purged":["Injury","ReplayTheSpireMod:Splinters","theDuelist:CursedBill"],"score":618,"play_id":"354e2689-c59d-4977-8f9c-498e5fa88b99","local_time":"20210212011452","is_ascension_mode":false,"campfire_choices":[{"floor":15,"key":"REST"},{"floor":23,"key":"REST"},{"floor":32,"key":"REST"}],"circlet_count":0,"master_deck":["theDuelist:MangaRyuRan+1","theDuelist:MangaRyuRan","theDuelist:Sparks","theDuelist:Sparks+1","theDuelist:ToonAncientGear","theDuelist:ToonMermaid","theDuelist:ToonSummonedSkull+1","theDuelist:ToonWorld","theDuelist:WormWarlord+1","theDuelist:BattleOx","theDuelist:FeatherShot","theDuelist:DestructPotion","theDuelist:GaiaMidNightSun","theDuelist:ToonKingdom","theDuelist:ToonCannonSoldier","theDuelist:RedEyesToon","theDuelist:MillenniumShield","theDuelist:RedEyesToon","theDuelist:ToonAncientGear","hubris:InfiniteBlow+19","theDuelist:ToonCannonSoldier+1","Replay:Dark Deal","conspire:SpireCoStock","theDuelist:MagicCylinder+1"],"relics":["theDuelist:MillenniumPuzzle","theDuelist:CardPoolRelic","theDuelist:CardPoolBasicRelic","theDuelist:BoosterPackPoolRelic","theDuelist:CardPoolAddRelic","theDuelist:CardPoolMinusRelic","theDuelist:CardPoolSaveRelic","theDuelist:CardPoolOptionsRelic","aspiration:AnachronicSnailShell","Peace Pipe","Whetstone","hubris:DisguiseKit","hubris:TenFootPole","Tiny House","Lizard Tail","ReplayTheSpireMod:Ninjato","Lantern","theDuelist:ResummonBranch","theDuelist:GamblerChip"],"acts_visited":["Exordium","TheCity","TheBeyond"],"potions_floor_usage":[16,16,16,33,42,42],"damage_taken":[{"damage":7,"enemies":"Jaw Worm","floor":1,"turns":3},{"damage":4,"enemies":"Cultist","floor":3,"turns":4},{"damage":6,"enemies":"Gremlin Nob","floor":6,"turns":3},{"damage":2,"enemies":"2 Louse","floor":7,"turns":2},{"damage":3,"enemies":"Blue Slaver","floor":10,"turns":3},{"damage":6,"enemies":"Looter","floor":12,"turns":2},{"damage":17,"enemies":"2 Fungi Beasts","floor":14,"turns":4},{"damage":32,"enemies":"Slime Boss","floor":16,"turns":9},{"damage":69,"enemies":"3 Byrds","floor":18,"turns":8},{"damage":7,"enemies":"Shell Parasite","floor":20,"turns":2},{"damage":0,"enemies":"Gremlin Leader","floor":28,"turns":2},{"damage":19,"enemies":"Shelled Parasite and Fungi","floor":30,"turns":3},{"damage":0,"enemies":"Snecko","floor":31,"turns":2},{"damage":10,"enemies":"Champ","floor":33,"turns":5},{"damage":24,"enemies":"3 Shapes","floor":35,"turns":3},{"damage":28,"enemies":"Orb Walker","floor":39,"turns":4},{"damage":30,"enemies":"3 Darklings","floor":40,"turns":8},{"damage":26,"enemies":"Jaw Worm Horde","floor":41,"turns":5},{"damage":56,"enemies":"Reptomancer","floor":42,"turns":4}],"seed_played":"-1837663827139862623","potions_obtained":[{"floor":1,"key":"theDuelist:CoolBottle"},{"floor":7,"key":"Swift Potion"},{"floor":12,"key":"theDuelist:BurningPotion"},{"floor":16,"key":"theDuelist:CoolBottle"},{"floor":17,"key":"theDuelist:SealedPack"},{"floor":18,"key":"theDuelist:MillenniumElixir"},{"floor":40,"key":"Reflective Coating"},{"floor":41,"key":"Block Potion"}],"is_trial":false,"path_per_floor":["M","?","M","?","?","E","M","?","T","M","?","M","$","M","R","B",null,"M","AVR","M","?","?","R","$","?","T","?","E","?","M","M","R","B",null,"M","$","PTL","PTL","M","M","M","E"],"character_chosen":"THE_DUELIST","items_purchased":["aspiration:AnachronicSnailShell","theDuelist:ToonCannonSoldier","FairyPotion","theDuelist:ToonCannonSoldier+1","Replay:Dark Deal"],"campfire_rested":3,"item_purchase_floors":[0,13,24,24,24],"current_hp_per_floor":[49,49,45,45,45,39,37,37,37,34,34,28,28,11,35,3,85,16,16,9,9,9,34,34,34,34,34,34,34,15,15,40,30,85,61,61,61,61,33,3,8,0,0],"gold":160,"neow_bonus":"","is_daily":false,"chose_seed":false,"campfire_upgraded":0,"win_rate":0.0,"timestamp":1613110492,"path_taken":["M","?","?","?","?","E","M","?","T","M","?","?","?","M","R","BOSS","M","AVR","M","?","?","R","$","?","T","?","E","?","?","M","R","BOSS","M","$","PTL","PTL","M","M","M","E"],"items_purchased_type":["Relic","Card","Potion","Card","Card"],"build_version":"2020-12-22","purchased_purges":3,"victory":false,"max_hp_per_floor":[80,80,80,80,80,80,80,80,80,80,80,80,80,80,80,80,85,85,85,85,85,85,85,85,85,85,85,85,85,85,85,85,85,85,85,85,85,85,85,85,85,85,85],"card_choices":[{"not_picked":["theDuelist:GauntletWarrior","theDuelist:Hinotama","theDuelist:WormKing","theDuelist:EvilswarmHeliotrope"],"picked":"theDuelist:WormWarlord","floor":1},{"not_picked":["theDuelist:MudragonSwamp","theDuelist:FutureFusion","theDuelist:MagicHoleGolem","theDuelist:DropOff"],"picked":"theDuelist:BattleOx","floor":3},{"not_picked":["theDuelist:HeartUnderdog","theDuelist:SwordsConcealing"],"picked":"theDuelist:FeatherShot","floor":6},{"not_picked":["theDuelist:BigFire","theDuelist:EarthquakeGiant","theDuelist:BigEye","theDuelist:SilverApples"],"picked":"theDuelist:DestructPotion","floor":7},{"not_picked":["theDuelist:BattleOx","theDuelist:BigFire","theDuelist:WormWarlord","theDuelist:DestroyerGolem"],"picked":"theDuelist:GaiaMidNightSun","floor":10},{"not_picked":["theDuelist:ComicHand","theDuelist:ToonMagic","theDuelist:ToonWorld","theDuelist:ToonRollback"],"picked":"theDuelist:ToonKingdom","floor":12},{"not_picked":["theDuelist:ToonMermaid","theDuelist:CheerfulCoffin","theDuelist:ToonBarrelDragon","theDuelist:SpellShatteringArrow"],"picked":"theDuelist:RedEyesToon","floor":14},{"not_picked":["theDuelist:FeatherShot","theDuelist:OrbMetronome","theDuelist:SlotMachine","theDuelist:UltraPolymerization"],"picked":"theDuelist:MillenniumShield","floor":16},{"not_picked":["theDuelist:ToonBarrelDragon","theDuelist:ToonAncientGear","theDuelist:FlyingSaucer","theDuelist:ToonSummonedSkull"],"picked":"theDuelist:RedEyesToon","floor":17},{"not_picked":["theDuelist:MangaRyuRan+1","theDuelist:ToonBarrelDragon","theDuelist:CheerfulCoffin","theDuelist:ToonMaskedSorcerer"],"picked":"theDuelist:ToonAncientGear","floor":18},{"not_picked":["theDuelist:MangaRyuRan+1","theDuelist:ToonRollback","theDuelist:ToonGoblin","theDuelist:BlueEyesToon","theDuelist:ToonDefense"],"picked":"SKIP","floor":20},{"not_picked":["theDuelist:ToonBarrelDragon","theDuelist:ToonMermaid","theDuelist:ToonAncientGear","theDuelist:FlyingSaucer","theDuelist:ToonDarkMagicianGirl"],"picked":"SKIP","floor":28},{"not_picked":["theDuelist:ToonBarrelDragon","theDuelist:ToonMermaid+1","theDuelist:MangaRyuRan+1","theDuelist:SpellShatteringArrow+1","theDuelist:ComicHand"],"picked":"SKIP","floor":30},{"not_picked":["theDuelist:ToonMermaid","theDuelist:CheerfulCoffin","theDuelist:ToonBarrelDragon","theDuelist:ToonAncientGear","theDuelist:ToonDarkMagician"],"picked":"SKIP","floor":31},{"not_picked":["theDuelist:SwordsConcealing","theDuelist:Blockman","theDuelist:Metronome","theDuelist:PotGenerosity"],"picked":"theDuelist:MagicCylinder+1","floor":33},{"not_picked":["theDuelist:RedEyesToon","theDuelist:MangaRyuRan+1","theDuelist:ToonBarrelDragon","theDuelist:ToonSummonedSkull+1","theDuelist:ToonMermaid"],"picked":"SKIP","floor":35},{"not_picked":["theDuelist:ToonWorld+1","theDuelist:ToonCannonSoldier+1","theDuelist:TrapHole+1","theDuelist:HeartUnderdog"],"picked":"theDuelist:ToonKingdom+1","floor":39},{"not_picked":["theDuelist:MangaRyuRan+1","theDuelist:FlyingSaucer+1","theDuelist:ToonMermaid","theDuelist:CheerfulCoffin","theDuelist:SpellShatteringArrow+1"],"picked":"SKIP","floor":40},{"not_picked":["theDuelist:ComicHand+1","theDuelist:ToonMask+1","theDuelist:ToonDarkMagician+1","theDuelist:AncientGearFist+1","theDuelist:FeatherShot"],"picked":"SKIP","floor":41}],"player_experience":411866,"relics_obtained":[{"floor":6,"key":"Whetstone"},{"floor":9,"key":"hubris:TenFootPole"},{"floor":26,"key":"ReplayTheSpireMod:Ninjato"},{"floor":28,"key":"Lantern"}],"event_choices":[{"damage_healed":0,"gold_gain":0,"player_choice":"Bought 0 Potions","damage_taken":0,"max_hp_gain":0,"max_hp_loss":0,"event_name":"The Woman in Blue","floor":2,"gold_loss":0},{"damage_healed":0,"gold_gain":0,"player_choice":"Traded Sparks for Manga Ryu-Ran","duelist":true,"damage_taken":0,"max_hp_gain":0,"max_hp_loss":0,"event_name":"Card Trader","floor":5,"gold_loss":0},{"cards_removed":["theDuelist:CastleWalls"],"damage_healed":0,"gold_gain":0,"player_choice":"Purged","damage_taken":0,"max_hp_gain":0,"max_hp_loss":0,"event_name":"Purifier","floor":11,"gold_loss":0},{"cards_removed":["theDuelist:CastleWalls"],"damage_healed":0,"gold_gain":0,"player_choice":"Elegance","damage_taken":0,"max_hp_gain":0,"max_hp_loss":0,"event_name":"Back to Basics","floor":22,"gold_loss":0},{"damage_healed":0,"gold_gain":0,"player_choice":"Invest 1","damage_taken":0,"max_hp_gain":0,"max_hp_loss":0,"event_name":"conspire:Investor","floor":25,"gold_loss":0},{"damage_healed":0,"gold_gain":0,"player_choice":"Took item - Received: Millennium Branch","duelist":true,"damage_taken":0,"max_hp_gain":0,"max_hp_loss":0,"event_name":"Millennium Items","floor":29,"gold_loss":0}],"is_beta":false,"boss_relics":[{"not_picked":["Black Star","Ectoplasm"],"picked":"Tiny House"},{"not_picked":["ChewingGum","hubris:RunicObelisk"],"picked":"theDuelist:GamblerChip"}],"items_purged_floors":[13,24,36],"is_endless":false,"potions_floor_spawned":[1,7,12,16,18,30,31,40,41],"killed_by":"Reptomancer","ascension_level":0}}