{"host":"u8f6oqzdc7r6igag","time":1613099908,"event":{"mods":["BaseMod","Minty Spire (QoL Compilation)","Relic Stats"],"gold_per_floor":[361,371,371,387,164,193,193,221,221,239,239,259,259,259,259,357,357,338,338,263,275,275,275,275,275,275,275,275,287,287,312,312,411,411,424,444,464,464,479,479,496,496,519,276,150,150,37,37,37,37],"floor_reached":51,"language":"ENG","playtime":5858,"items_purged":["Strike_B"],"score":807,"play_id":"d3104123-f8f0-41fa-8290-a92da88d88ab","local_time":"20210211211828","is_ascension_mode":true,"campfire_choices":[{"floor":7.0,"key":"REST"},{"floor":11.0,"key":"REST"},{"data":"Armaments","floor":13.0,"key":"SMITH"},{"data":"Zap","floor":15.0,"key":"SMITH"},{"data":"PathToVictory","floor":23.0,"key":"SMITH"},{"data":"Conserve Battery","floor":25.0,"key":"SMITH"},{"data":"Panache","floor":27.0,"key":"SMITH"},{"data":"PiercingWail","floor":30.0,"key":"SMITH"},{"floor":32.0,"key":"REST"},{"data":"Reinforced Body","floor":40,"key":"SMITH"},{"data":"FollowUp","floor":42,"key":"SMITH"},{"floor":46,"key":"REST"},{"data":"ConjureBlade","floor":49,"key":"SMITH"}],"circlet_count":0,"master_deck":["Zap+1","Dualcast","Conserve Battery+1","Sweeping Beam","Tempest","Reinforced Body+1","ThirdEye","Panache+1","PiercingWail+1","Armaments+1","DevaForm+1","Defragment+1","Cold Snap+1","FollowUp+1","ConjureBlade+1","CutThroughFate+1","ThirdEye","Coolheaded+1","Crippling Poison+1","Defragment+1","Electrodynamics+1"],"relics":["FrozenCore","PrismaticShard","Art of War","Meat on the Bone","Frozen Egg 2","The Courier","Blood Vial","Empty Cage","Regal Pillow","Ginger","Chemical X"],"acts_visited":["Exordium","TheCity","TheBeyond"],"potions_floor_usage":[39,50,50],"damage_taken":[{"damage":0.0,"enemies":"Small Slimes","floor":1.0,"turns":3.0},{"damage":1.0,"enemies":"2 Louse","floor":2.0,"turns":2.0},{"damage":0.0,"enemies":"Cultist","floor":4.0,"turns":3.0},{"damage":29.0,"enemies":"Gremlin Nob","floor":6.0,"turns":5.0},{"damage":38.0,"enemies":"Lagavulin","floor":8.0,"turns":7.0},{"damage":3.0,"enemies":"Lots of Slimes","floor":10.0,"turns":3.0},{"damage":0.0,"enemies":"Looter","floor":12.0,"turns":3.0},{"damage":15.0,"enemies":"Hexaghost","floor":16.0,"turns":11.0},{"damage":0.0,"enemies":"2 Thieves","floor":18.0,"turns":5.0},{"damage":7.0,"enemies":"Spheric Guardian","floor":21.0,"turns":4.0},{"damage":0.0,"enemies":"3 Cultists","floor":29.0,"turns":3.0},{"damage":40.0,"enemies":"Book of Stabbing","floor":31.0,"turns":7.0},{"damage":10.0,"enemies":"Champ","floor":33.0,"turns":10.0},{"damage":10.0,"enemies":"3 Shapes","floor":35.0,"turns":6.0},{"damage":26.0,"enemies":"3 Darklings","floor":36.0,"turns":6.0},{"damage":18.0,"enemies":"Spire Growth","floor":37.0,"turns":7.0},{"damage":22,"enemies":"Writhing Mass","floor":39,"turns":8},{"damage":11,"enemies":"3 Darklings","floor":41,"turns":8},{"damage":36,"enemies":"Awakened One","floor":50,"turns":17}],"seed_played":"-1429714708112793987","potions_obtained":[{"floor":2.0,"key":"ColorlessPotion"},{"floor":4.0,"key":"Weak Potion"},{"floor":10.0,"key":"SteroidPotion"},{"floor":16.0,"key":"DuplicationPotion"},{"floor":18.0,"key":"DistilledChaos"},{"floor":33.0,"key":"Explosive Potion"},{"floor":36.0,"key":"FocusPotion"},{"floor":41,"key":"Dexterity Potion"}],"is_trial":false,"path_per_floor":["M","M","?","M","$","E","R","E","T","M","R","M","R","?","R","B",null,"M","?","?","M","?","R","?","R","T","R","?","M","R","E","R","B",null,"M","M","M","?","M","R","M","R","T","$","$","R","$","?","R","B",null],"character_chosen":"DEFECT","items_purchased":["PrismaticShard","Ginger","Chemical X","Defragment+1","LiquidMemories"],"campfire_rested":4,"item_purchase_floors":[5,44,45,47,47],"current_hp_per_floor":[50,49,49,49,49,20,42,4,4,13,35,47,47,40,40,37,66,66,66,66,59,59,59,59,59,59,59,59,59,59,31,53,45,68,60,48,44,49,41,41,44,44,44,44,44,75,75,75,75,39],"gold":37,"neow_bonus":"TWO_FIFTY_GOLD","is_daily":false,"chose_seed":false,"campfire_upgraded":9,"win_rate":0.0,"timestamp":1613099908,"path_taken":["M","M","?","M","$","E","R","E","T","M","R","M","R","?","R","BOSS","M","?","?","M","?","R","?","R","T","R","?","?","R","E","R","BOSS","M","?","M","?","M","R","?","R","T","?","$","R","$","?","R","BOSS"],"items_purchased_type":["Relic","Relic","Relic","Card","Potion"],"build_version":"2020-12-22","purchased_purges":1,"victory":true,"max_hp_per_floor":[75,75,75,75,75,75,75,75,75,75,75,75,75,75,75,75,75,75,75,75,75,75,75,75,75,75,75,75,75,75,75,75,75,75,75,75,75,75,75,75,75,75,75,75,75,75,75,75,75,75],"relic_stats":{"Blood Vial":12,"Regal Pillow":9,"counters":[19,118],"Art of War":[33],"Ginger":[0],"Chemical X":[11],"obtain_stats":[{"Blood Vial":31,"Regal Pillow":43,"The Courier":26,"Art of War":6,"Ginger":44,"Chemical X":45,"Frozen Egg 2":9,"Cracked Core":0,"PrismaticShard":5,"Empty Cage":34,"Meat on the Bone":8,"FrozenCore":17},{"Blood Vial":12,"Regal Pillow":18,"The Courier":10,"Art of War":4,"Ginger":18,"Chemical X":18,"Frozen Egg 2":5,"Cracked Core":0,"PrismaticShard":3,"Empty Cage":13,"Meat on the Bone":5,"FrozenCore":8},{"Blood Vial":56,"Regal Pillow":101,"The Courier":46,"Art of War":13,"Ginger":101,"Chemical X":101,"Frozen Egg 2":20,"Cracked Core":0,"PrismaticShard":8,"Empty Cage":66,"Meat on the Bone":20,"FrozenCore":37}],"FrozenCore":[26],"Meat on the Bone":96},"card_choices":[{"not_picked":["Coolheaded","Tempest"],"picked":"Conserve Battery","floor":1.0},{"not_picked":["Redo","Rebound"],"picked":"Sweeping Beam","floor":2.0},{"not_picked":["Fusion","Darkness"],"picked":"Reinforced Body","floor":4.0},{"not_picked":["Sweeping Beam","Collect"],"picked":"ThirdEye","floor":6.0},{"not_picked":["Clothesline","Indignation"],"picked":"Panache","floor":8.0},{"not_picked":["Body Slam","Auto Shields"],"picked":"PiercingWail","floor":10.0},{"not_picked":["Clothesline","Conclude"],"picked":"Armaments","floor":12.0},{"not_picked":["Tools of the Trade+1","Feed"],"picked":"DevaForm+1","floor":16.0},{"not_picked":["Rebound","Go for the Eyes","White Noise"],"picked":"SKIP","floor":18.0},{"not_picked":["Rebound","Steam"],"picked":"PathToVictory","floor":21.0},{"not_picked":["Fasting2+1","Cloak And Dagger"],"picked":"Cold Snap+1","floor":29.0},{"not_picked":["Recycle","PiercingWail+1"],"picked":"FollowUp","floor":31.0},{"not_picked":["Amplify","Secret Technique"],"picked":"ConjureBlade","floor":33.0},{"not_picked":["Prepared","CrushJoints+1"],"picked":"CutThroughFate+1","floor":35.0},{"not_picked":["Rebound+1","Leap"],"picked":"ThirdEye","floor":36.0},{"not_picked":["Anger+1","SashWhip"],"picked":"Coolheaded+1","floor":37.0},{"not_picked":["Outmaneuver","Rebound","ClearTheMind"],"picked":"SKIP","floor":39},{"not_picked":["Searing Blow","Impatience"],"picked":"Crippling Poison+1","floor":41}],"player_experience":150179,"relics_obtained":[{"floor":6.0,"key":"Art of War"},{"floor":8.0,"key":"Meat on the Bone"},{"floor":9.0,"key":"Frozen Egg 2"},{"floor":26.0,"key":"The Courier"},{"floor":31.0,"key":"Blood Vial"},{"floor":43,"key":"Regal Pillow"}],"event_choices":[{"damage_healed":0.0,"max_hp_gain":0.0,"max_hp_loss":0.0,"gold_gain":0.0,"cards_transformed":["Strike_B"],"event_name":"Living Wall","player_choice":"Change","floor":3.0,"gold_loss":0.0,"damage_taken":0.0,"cards_obtained":["Tempest"]},{"cards_removed":["Defend_B"],"damage_healed":0.0,"max_hp_gain":0.0,"max_hp_loss":0.0,"gold_gain":0.0,"event_name":"Golden Wing","player_choice":"Card Removal","floor":14.0,"gold_loss":0.0,"damage_taken":7.0},{"damage_healed":0.0,"max_hp_gain":0.0,"max_hp_loss":0.0,"gold_gain":0.0,"event_name":"Vampires","player_choice":"Ignored","floor":19.0,"gold_loss":0.0,"damage_taken":0.0},{"cards_removed":["Defend_B"],"damage_healed":0.0,"max_hp_gain":0.0,"max_hp_loss":0.0,"gold_gain":0.0,"event_name":"Beggar","player_choice":"Gave Gold","floor":20.0,"gold_loss":75.0,"damage_taken":0.0},{"damage_healed":0.0,"max_hp_gain":0.0,"max_hp_loss":0.0,"gold_gain":0.0,"event_name":"The Library","player_choice":"Read","floor":22.0,"gold_loss":0.0,"damage_taken":0.0,"cards_obtained":["Defragment"]},{"cards_removed":["Strike_B"],"damage_healed":0.0,"max_hp_gain":0.0,"max_hp_loss":0.0,"gold_gain":0.0,"event_name":"Back to Basics","player_choice":"Elegance","floor":24.0,"gold_loss":0.0,"damage_taken":0.0},{"cards_removed":["Defend_B"],"damage_healed":0.0,"max_hp_gain":0.0,"max_hp_loss":0.0,"gold_gain":0.0,"event_name":"Purifier","player_choice":"Purged","floor":28.0,"gold_loss":0.0,"damage_taken":0.0},{"cards_removed":["PathToVictory"],"damage_healed":5.0,"max_hp_gain":0.0,"max_hp_loss":0.0,"gold_gain":0.0,"event_name":"Bonfire Elementals","player_choice":"Offered Common","floor":38.0,"gold_loss":0.0,"damage_taken":0.0},{"cards_removed":["PathToVictory"],"damage_healed":5.0,"max_hp_gain":0.0,"max_hp_loss":0.0,"gold_gain":0.0,"event_name":"Bonfire Elementals","player_choice":"Offered Special","floor":38.0,"gold_loss":0.0,"damage_taken":0.0},{"damage_healed":0,"gold_gain":0,"player_choice":"1 cards matched","damage_taken":0,"max_hp_gain":0,"max_hp_loss":0,"event_name":"Match and Keep!","floor":48,"gold_loss":0,"cards_obtained":["Electrodynamics"]}],"is_beta":false,"boss_relics":[{"not_picked":["Runic Dome","SacredBark"],"picked":"FrozenCore"},{"not_picked":["Philosopher\u0027s Stone","SlaversCollar"],"picked":"Empty Cage"}],"items_purged_floors":[5],"is_endless":false,"potions_floor_spawned":[2,4,10,16,18,33,36,41],"ascension_level":6}}