{"host":"89iuq2p5kwriuwfq","time":1613123245,"event":{"mods":["BaseMod","Curses Come First","Minty Spire (QoL Compilation)","Permanent Neow","StSLib"],"gold_per_floor":[109,124,139,155,155,199,215,251,288,314,23,23,57,134,134,257,257,275,275,298,319,101,140,140,140,140],"floor_reached":25,"language":"ENG","playtime":1549,"items_purged":["Strike_R","Defend_R"],"score":454,"play_id":"2658ded3-6b29-4ad0-a3d1-11995a6f9bbe","local_time":"20210212094725","is_ascension_mode":true,"campfire_choices":[{"floor":12,"key":"REST"},{"data":"Rupture","floor":15,"key":"SMITH"},{"data":"True Grit","floor":24,"key":"SMITH"}],"circlet_count":0,"master_deck":["AscendersBane","Strike_R","Strike_R","Strike_R","Strike_R","Defend_R","Defend_R","Defend_R","Bash","Pummel","Shrug It Off","Shrug It Off","Combust","Rupture+1","True Grit+1","Armaments","Thunderclap","Limit Break","Ghostly Armor","Immolate","Armaments+1","Sword Boomerang"],"relics":["Burning Blood","Akabeko","Golden Idol","Dead Branch","MawBank","Omamori","Red Skull","Toy Ornithopter","Self Forming Clay","Runic Cube","MealTicket"],"acts_visited":["Exordium","TheCity"],"potions_floor_usage":[6,7,21,23,23],"damage_taken":[{"damage":4,"enemies":"Jaw Worm","floor":1,"turns":4},{"damage":0,"enemies":"2 Louse","floor":2,"turns":2},{"damage":0,"enemies":"Small Slimes","floor":3,"turns":3},{"damage":4,"enemies":"2 Fungi Beasts","floor":4,"turns":4},{"damage":19,"enemies":"Lagavulin","floor":6,"turns":6},{"damage":6,"enemies":"Large Slime","floor":7,"turns":5},{"damage":11,"enemies":"3 Sentries","floor":8,"turns":5},{"damage":8,"enemies":"Looter","floor":10,"turns":3},{"damage":15,"enemies":"Lagavulin","floor":13,"turns":6},{"damage":8,"enemies":"Slime Boss","floor":16,"turns":6},{"damage":7,"enemies":"Shell Parasite","floor":18,"turns":8},{"damage":25,"enemies":"2 Thieves","floor":20,"turns":4},{"damage":23,"enemies":"Snake Plant","floor":21,"turns":5},{"damage":57,"enemies":"Slavers","floor":23,"turns":7},{"damage":51,"enemies":"Book of Stabbing","floor":25,"turns":6}],"seed_played":"7559938894492965937","potions_obtained":[{"floor":1,"key":"Energy Potion"},{"floor":6,"key":"SpeedPotion"},{"floor":13,"key":"Regen Potion"},{"floor":16,"key":"PowerPotion"}],"is_trial":false,"path_per_floor":["M","M","M","M","?","E","M","E","T","M","$","R","E","T","R","B",null,"M","?","M","M","$","E","R","E"],"character_chosen":"IRONCLAD","items_purchased":["Limit Break","Red Skull","Sword Boomerang","Regen Potion"],"campfire_rested":1,"item_purchase_floors":[11,11,22,22],"current_hp_per_floor":[74,80,80,80,60,47,47,42,42,40,40,64,55,55,55,53,73,72,72,53,41,41,45,45,0,0],"gold":140,"neow_bonus":"RANDOM_COMMON_RELIC","is_daily":false,"chose_seed":false,"campfire_upgraded":2,"win_rate":0.0,"timestamp":1613123245,"path_taken":["M","M","M","M","?","E","M","E","T","M","$","R","E","?","R","BOSS","M","?","M","M","$","E","R","E"],"items_purchased_type":["Card","Relic","Card","Potion"],"build_version":"2020-12-22","purchased_purges":2,"victory":false,"max_hp_per_floor":[80,80,80,80,80,80,80,80,80,80,80,80,80,80,80,80,80,80,80,80,80,80,80,80,80,80],"card_choices":[{"not_picked":["Wild Strike","Havoc"],"picked":"Pummel","floor":1},{"not_picked":["Second Wind","Whirlwind"],"picked":"Shrug It Off","floor":2},{"not_picked":["Iron Wave","True Grit"],"picked":"Shrug It Off","floor":3},{"not_picked":["Reckless Charge","Iron Wave"],"picked":"Combust","floor":4},{"not_picked":["Sword Boomerang","Iron Wave"],"picked":"Rupture","floor":6},{"not_picked":["Rampage","Pommel Strike"],"picked":"True Grit","floor":7},{"not_picked":["Wild Strike","Pommel Strike"],"picked":"Armaments","floor":8},{"not_picked":["Carnage","Flex"],"picked":"Thunderclap","floor":10},{"not_picked":["Bludgeon","Havoc"],"picked":"Ghostly Armor","floor":13},{"not_picked":["Corruption","Barricade"],"picked":"Immolate","floor":16},{"not_picked":["Shrug It Off","Entrench"],"picked":"Armaments+1","floor":18},{"not_picked":["Feel No Pain","Wild Strike+1","Thunderclap"],"picked":"SKIP","floor":20},{"not_picked":["Thunderclap","Evolve","Wild Strike+1"],"picked":"SKIP","floor":21},{"not_picked":["Searing Blow","True Grit","Warcry"],"picked":"SKIP","floor":23}],"player_experience":663957,"relics_obtained":[{"floor":6,"key":"Dead Branch"},{"floor":8,"key":"MawBank"},{"floor":9,"key":"Omamori"},{"floor":13,"key":"Toy Ornithopter"},{"floor":14,"key":"Self Forming Clay"},{"floor":23,"key":"MealTicket"}],"event_choices":[{"damage_healed":0,"gold_gain":0,"player_choice":"Take Damage","damage_taken":20,"relics_obtained":["Golden Idol"],"max_hp_gain":0,"max_hp_loss":0,"event_name":"Golden Idol","floor":5,"gold_loss":0},{"damage_healed":0,"gold_gain":0,"player_choice":"Ignored","damage_taken":0,"max_hp_gain":0,"max_hp_loss":0,"event_name":"Ghosts","floor":19,"gold_loss":0}],"is_beta":false,"boss_relics":[{"not_picked":["Runic Dome","Pandora\u0027s Box"],"picked":"Runic Cube"}],"items_purged_floors":[11,22],"is_endless":false,"potions_floor_spawned":[1,6,13,16,18],"killed_by":"Book of Stabbing","ascension_level":11}}