{"host":"36qke0usa4c48kdx","time":1613162239,"event":{"mods":["AchievementEnabler","BaseMod","Colored Map","Downfall","Hermit","Hubris","Marisa????????","Minty Spire (QoL Compilation)","READ ME - Guardian Mod","Replay The Spire","Shop Mod","StSLib","The Bug Knight","The Cursed","The Disciple","The Jungle","The Servant 0.9.4"],"gold_per_floor":[116,116,116,136,148,182,182,215,215,243,253,33,51,65,65,170,170,184,184,184,198,198,229,244,269,269,269,306,315,351,21,21,135,135,162,181,56,82,91,91,126,126,126,156,168,182,222,132,132,132],"floor_reached":51,"language":"ENG","playtime":5648,"items_purged":["Defend_R","Doubt","downfall:Bewildered"],"score":1156,"play_id":"aace6191-18cd-4901-a191-9e757df2a073","local_time":"20210212213719","is_ascension_mode":true,"campfire_choices":[{"data":"Bash","floor":7.0,"key":"SMITH"},{"data":"Massacre","floor":15.0,"key":"SMITH"},{"data":"Heavy Blade","floor":15.0,"key":"SMITH"},{"floor":27.0,"key":"REST"},{"floor":32.0,"key":"REST"},{"data":"Hemogenesis","floor":40.0,"key":"SMITH"},{"data":"ReplayTheSpireMod:Muscle Training","floor":40.0,"key":"SMITH"},{"floor":42.0,"key":"RECALL"},{"floor":49.0,"key":"REST"}],"circlet_count":0,"master_deck":["Strike_R","Strike_R","Strike_R","Strike_R","Defend_R","Defend_R","Defend_R","Bash+1","Spot Weakness","Spot Weakness","Juggernaut+1","Replay:Undeath\u0027s Touch","Fire Breathing","Dropkick","Power Through","Intimidate","Heavy Blade+1","Power Through","Massacre+1","Hemogenesis+1","CurseOfTheBell","Shrug It Off+1","RitualDagger+1","Thunderclap","ReplayTheSpireMod:Muscle Training+1","Berserk+1","Evolve","ReplayTheSpireMod:Private Reserves+1","Battle Trance","Battle Trance","Offering","Sword Boomerang+1","Hemokinesis","Double Tap"],"relics":["Burning Blood","NeowsBlessing","hubris:Teleporter","Replay:Arrowhead","hubris:Metronome","Replay:Baseball","Red Skull","Calling Bell","hubris:TenFootPole","Mirror","Champion Belt","sneckomod:BabySnecko","Singing Bowl","CeramicFish","hubris:DeckOfHolding","Blue Doll","hubris:SlimyHat","Lantern","Guide Book","Painkiller Herb","Replay:Wax Seal","hubris:BottledRain","Nunchaku","Regal Pillow"],"acts_visited":["Exordium","TheCity","TheBeyond"],"potions_floor_usage":[],"damage_taken":[{"damage":0.0,"enemies":"Small Slimes","floor":1.0,"turns":1.0},{"damage":0.0,"enemies":"Jaw Worm","floor":4.0,"turns":1.0},{"damage":0.0,"enemies":"Cultist","floor":5.0,"turns":1.0},{"damage":39.0,"enemies":"HollowMod:MossKnight","floor":6.0,"turns":7.0},{"damage":18.0,"enemies":"Gremlin Nob","floor":8.0,"turns":3.0},{"damage":9.0,"enemies":"HollowMod:MossKnight","floor":10.0,"turns":6.0},{"damage":3.0,"enemies":"Large Slime","floor":11.0,"turns":5.0},{"damage":3.0,"enemies":"Looter","floor":13.0,"turns":2.0},{"damage":0.0,"enemies":"Exordium Wildlife","floor":14.0,"turns":1.0},{"damage":24.0,"enemies":"Hexaghost","floor":16.0,"turns":8.0},{"damage":35.0,"enemies":"Shell Parasite","floor":18.0,"turns":6.0},{"damage":0.0,"enemies":"Sentry and Sphere","floor":21.0,"turns":3.0},{"damage":22.0,"enemies":"HollowMod:Nosk","floor":23.0,"turns":11.0},{"damage":7.0,"enemies":"Chosen and Byrds","floor":24.0,"turns":4.0},{"damage":16.0,"enemies":"Book of Stabbing","floor":25.0,"turns":5.0},{"damage":13.0,"enemies":"Replay:Snechameleon","floor":28.0,"turns":7.0},{"damage":13.0,"enemies":"Gremlin Leader","floor":30.0,"turns":4.0},{"damage":52.0,"enemies":"Collector","floor":33.0,"turns":10.0},{"damage":41.0,"enemies":"3 Darklings","floor":35.0,"turns":5.0},{"damage":6.0,"enemies":"Orb Walker","floor":36.0,"turns":1.0},{"damage":20.0,"enemies":"Sphere and 2 Shapes","floor":38.0,"turns":4.0},{"damage":34.0,"enemies":"Giant Head","floor":41.0,"turns":6.0},{"damage":11.0,"enemies":"R_Hoarder","floor":44.0,"turns":6.0},{"damage":20.0,"enemies":"Jaw Worm Horde","floor":45.0,"turns":2.0},{"damage":7.0,"enemies":"Sphere and 2 Shapes","floor":46.0,"turns":3.0},{"damage":20.0,"enemies":"Giant Head","floor":47.0,"turns":4.0},{"damage":97,"enemies":"Awakened One","floor":50,"turns":8}],"seed_played":"-7718896248068204794","potions_obtained":[{"floor":1.0,"key":"CultistPotion"},{"floor":5.0,"key":"ElixirPotion"},{"floor":8.0,"key":"PowerPotion"},{"floor":13.0,"key":"SkillPotion"},{"floor":14.0,"key":"Block Potion"},{"floor":18.0,"key":"SteroidPotion"},{"floor":36.0,"key":"DuplicationPotion"},{"floor":44.0,"key":"Ancient Potion"},{"floor":45.0,"key":"SneckoOil"},{"floor":46.0,"key":"SkillPotion"}],"is_trial":false,"path_per_floor":["M","?","?","M","M","E","R","E","T","E","M","$","M","M","R","B",null,"M","?","?","M","?","E","M","E","T","R","E","?","E","$","R","B",null,"?","?","T","?","?","T","E","T","T","E","?","?","E","?","T","B",null],"character_chosen":"IRONCLAD","items_purchased":["Red Skull","Guide Book","ReplayTheSpireMod:Private Reserves+1","Battle Trance"],"campfire_rested":3,"item_purchase_floors":[12,31,31,31],"current_hp_per_floor":[78,78,78,80,80,47,47,35,35,32,35,35,38,44,44,26,67,38,33,30,41,41,32,31,23,23,49,47,47,40,40,66,25,73,43,52,52,38,61,61,43,43,43,40,28,37,31,31,75,16],"gold":132,"neow_bonus":"THREE_ENEMY_KILL","is_daily":false,"chose_seed":false,"campfire_upgraded":5,"win_rate":0.0,"timestamp":1613162239,"path_taken":["M","?","?","?","M","E","R","E","T","E","M","$","M","M","R","BOSS","M","?","?","M","?","E","?","E","T","R","E","?","E","$","R","BOSS","?","?","T","?","?","T","E","T","T","E","?","?","E","?","T","BOSS"],"items_purchased_type":["Relic","Relic","Card","Card"],"build_version":"2020-12-22","purchased_purges":3,"victory":true,"max_hp_per_floor":[80,80,80,80,80,80,80,80,80,80,80,80,80,80,80,80,80,80,85,85,85,85,87,87,89,89,89,89,89,89,89,89,89,89,89,91,91,91,91,91,93,93,93,95,97,99,99,99,99,99],"card_choices":[{"not_picked":["Shockwave","Armaments"],"picked":"Spot Weakness","floor":1.0},{"not_picked":["Havoc","Shrug It Off"],"picked":"Replay:Undeath\u0027s Touch","floor":4.0},{"not_picked":["Armaments","Pommel Strike"],"picked":"Fire Breathing","floor":5.0},{"not_picked":["Body Slam","Headbutt"],"picked":"Dropkick","floor":6.0},{"not_picked":["Flex","Searing Blow"],"picked":"Power Through","floor":8.0},{"not_picked":["Entrench","Second Wind"],"picked":"Intimidate","floor":10.0},{"not_picked":["ReplayTheSpireMod:LeadingStrike","Body Slam"],"picked":"Heavy Blade","floor":11.0},{"not_picked":["hubris:CleavingFinish","Iron Wave"],"picked":"Power Through","floor":13.0},{"not_picked":["Bludgeon","Uppercut"],"picked":"Massacre","floor":14.0},{"not_picked":["Bludgeon","Fiend Fire"],"picked":"Hemogenesis","floor":16.0},{"not_picked":["Clothesline","Pommel Strike"],"picked":"Shrug It Off+1","floor":18.0},{"not_picked":["Clothesline","hubris:CleavingFinish"],"picked":"Thunderclap","floor":21.0},{"not_picked":["Immolate","Burning Pact","Armaments"],"picked":"Singing Bowl","floor":23.0},{"not_picked":["Pommel Strike","Warcry+1"],"picked":"ReplayTheSpireMod:Muscle Training","floor":24.0},{"not_picked":["Shrug It Off+1","Warcry","Sword Boomerang+1"],"picked":"Singing Bowl","floor":25.0},{"not_picked":["True Grit","Twin Strike"],"picked":"Berserk","floor":28.0},{"not_picked":["Rampage","Dual Wield"],"picked":"Evolve","floor":30.0},{"not_picked":["Feed","Juggernaut"],"picked":"Offering","floor":33.0},{"not_picked":["Perfected Strike","Armaments"],"picked":"Sword Boomerang+1","floor":35.0},{"not_picked":["Perfected Strike","Armaments","Iron Wave"],"picked":"Singing Bowl","floor":36.0},{"not_picked":["Spot Weakness","Perfected Strike+1"],"picked":"Hemokinesis","floor":38.0},{"not_picked":["Body Slam+1","Armaments+1","Ghostly Armor+1"],"picked":"Singing Bowl","floor":41.0},{"not_picked":["Wild Strike+1","Cleave","Blood for Blood"],"picked":"Singing Bowl","floor":44.0},{"not_picked":["Replay:Undeath\u0027s Touch","Blood for Blood","True Grit"],"picked":"Singing Bowl","floor":45.0},{"not_picked":["Juggernaut","Searing Blow+1","Hemokinesis"],"picked":"Singing Bowl","floor":46.0},{"not_picked":["Reckless Charge","Heavy Blade+1"],"picked":"Double Tap","floor":47.0}],"player_experience":769392,"relics_obtained":[{"floor":6.0,"key":"hubris:Teleporter"},{"floor":8.0,"key":"Replay:Arrowhead"},{"floor":9.0,"key":"hubris:Metronome"},{"floor":10.0,"key":"Replay:Baseball"},{"floor":17.0,"key":"hubris:TenFootPole"},{"floor":17.0,"key":"Mirror"},{"floor":17.0,"key":"Champion Belt"},{"floor":23.0,"key":"Singing Bowl"},{"floor":25.0,"key":"CeramicFish"},{"floor":26.0,"key":"hubris:DeckOfHolding"},{"floor":28.0,"key":"Blue Doll"},{"floor":30.0,"key":"Lantern"},{"floor":41.0,"key":"Replay:Wax Seal"},{"floor":43.0,"key":"hubris:BottledRain"},{"floor":44.0,"key":"Nunchaku"},{"floor":47.0,"key":"Regal Pillow"}],"event_choices":[{"damage_healed":0.0,"max_hp_gain":0.0,"max_hp_loss":0.0,"gold_gain":0.0,"event_name":"Match and Keep!","player_choice":"2 cards matched","floor":3.0,"gold_loss":0.0,"damage_taken":0.0,"cards_obtained":["Spot Weakness","Juggernaut"]},{"damage_healed":0.0,"max_hp_gain":5.0,"max_hp_loss":0.0,"gold_gain":0.0,"event_name":"Forgotten Altar","player_choice":"Shed Blood","floor":19.0,"gold_loss":0.0,"damage_taken":20.0},{"damage_healed":0.0,"max_hp_gain":0.0,"max_hp_loss":0.0,"gold_gain":0.0,"event_name":"Nest","player_choice":"Joined the Cult","floor":20.0,"gold_loss":0.0,"damage_taken":6.0,"cards_obtained":["RitualDagger"]},{"damage_healed":23.0,"max_hp_gain":0.0,"max_hp_loss":0.0,"gold_gain":0.0,"event_name":"Winding Halls","player_choice":"Writhe","floor":39.0,"gold_loss":0.0,"damage_taken":0.0,"cards_obtained":["Writhe"]},{"cards_removed":["Writhe"],"damage_healed":0.0,"max_hp_gain":0.0,"max_hp_loss":0.0,"gold_gain":0.0,"event_name":"Designer","player_choice":"Upgrade and Remove","floor":48.0,"gold_loss":90.0,"damage_taken":0.0,"cards_upgraded":["RitualDagger"]}],"is_beta":false,"boss_relics":[{"not_picked":["Replay:Bronze Core","Snecko Eye"],"picked":"Calling Bell"},{"not_picked":["Abe\u0027s Treasure","Runic Dome"],"picked":"Painkiller Herb"}],"items_purged_floors":[12,31,37],"is_endless":false,"potions_floor_spawned":[1,5,8,13,14,18,23,24,36,44,45,46],"ascension_level":8}}