{"host":"Jinnai","time":1613095049,"event":{"mods":["BaseMod","Block Reminder","Colored Map","Colored Powertips","Curses Come First","Highlight Path","Minty Spire (QoL Compilation)","Permanent Neow","Potion Indicator Mod","Quick Restart","Relic Stats","StSLib","ojb\u0027s Info Mod"],"gold_per_floor":[118,132,132,23,33,61,4,24,24,39,73,73,103,114,114,185,185,198,240,39,59,74,74,114,114,138,165,165,165,165,165,165],"floor_reached":31,"language":"ENG","playtime":1132,"items_purged":[],"score":650,"play_id":"562e1b83-1876-4a9f-85f6-97e125b5aadf","local_time":"20210211205729","is_ascension_mode":true,"campfire_choices":[{"floor":15,"key":"REST"},{"floor":23,"key":"REST"},{"floor":25,"key":"REST"},{"data":"Apotheosis","floor":29,"key":"SMITH"}],"circlet_count":0,"master_deck":["AscendersBane","Eruption","Vigilance","Apotheosis+1","CrushJoints","EmptyFist","Tantrum","SashWhip","WaveOfTheHand","SandsOfTime","SandsOfTime","SandsOfTime","Tantrum","TalkToTheHand","MentalFortress","Wish","Scrawl","Vengeance","WaveOfTheHand","Wallop","JustLucky","Consecrate","TalkToTheHand","Tantrum","Worship","ForeignInfluence","Wireheading","CutThroughFate","FlurryOfBlows","DeusExMachina","Evaluate+1"],"relics":["PureWater","Letter Opener","Odd Mushroom","Toy Ornithopter","Vajra","Darkstone Periapt","Pandora\u0027s Box","Pen Nib","StoneCalendar","Nilry\u0027s Codex"],"acts_visited":["Exordium","TheCity"],"potions_floor_usage":[5,8,13,13,18,21,21,22,27,27],"damage_taken":[{"damage":0,"enemies":"Small Slimes","floor":1,"turns":3},{"damage":0,"enemies":"Jaw Worm","floor":2,"turns":3},{"damage":2,"enemies":"2 Louse","floor":5,"turns":2},{"damage":23,"enemies":"Lagavulin","floor":6,"turns":5},{"damage":0,"enemies":"The Mushroom Lair","floor":8,"turns":2},{"damage":3,"enemies":"Looter","floor":10,"turns":2},{"damage":11,"enemies":"Gremlin Nob","floor":11,"turns":3},{"damage":12,"enemies":"3 Sentries","floor":13,"turns":4},{"damage":0,"enemies":"Large Slime","floor":14,"turns":2},{"damage":0,"enemies":"Slime Boss","floor":16,"turns":3},{"damage":29,"enemies":"3 Byrds","floor":18,"turns":5},{"damage":34,"enemies":"Shell Parasite","floor":19,"turns":4},{"damage":1,"enemies":"Centurion and Healer","floor":21,"turns":4},{"damage":0,"enemies":"Shelled Parasite and Fungi","floor":22,"turns":1},{"damage":13,"enemies":"Snecko","floor":24,"turns":4},{"damage":4,"enemies":"Slavers","floor":27,"turns":2},{"damage":12,"enemies":"Cultist and Chosen","floor":31,"turns":2}],"seed_played":"-8973843411362591006","potions_obtained":[{"floor":2,"key":"Block Potion"},{"floor":5,"key":"ColorlessPotion"},{"floor":8,"key":"Weak Potion"},{"floor":14,"key":"Fire Potion"},{"floor":16,"key":"ColorlessPotion"},{"floor":21,"key":"SteroidPotion"},{"floor":22,"key":"GamblersBrew"},{"floor":24,"key":"Energy Potion"}],"is_trial":false,"path_per_floor":["M","M","?","$","M","E","$","?","T","M","E","T","E","M","R","B",null,"M","M","$","M","M","R","M","R","T","E","?","R","?","M"],"character_chosen":"WATCHER","items_purchased":["Tantrum","SashWhip","Fire Potion","Wireheading","CutThroughFate","SkillPotion"],"campfire_rested":3,"item_purchase_floors":[4,4,7,20,20,20],"current_hp_per_floor":[61,61,66,66,64,41,41,41,41,38,27,27,25,25,45,45,62,38,4,4,13,18,38,25,45,45,51,30,30,12,0,0],"gold":165,"neow_bonus":"RANDOM_COLORLESS_2","is_daily":false,"chose_seed":false,"campfire_upgraded":1,"win_rate":0.0,"timestamp":1613095049,"path_taken":["M","M","?","$","M","E","$","?","T","M","E","?","E","M","R","BOSS","M","M","$","M","M","R","M","R","T","E","?","R","?","M"],"items_purchased_type":["Card","Card","Potion","Card","Card","Potion"],"build_version":"2020-12-18","purchased_purges":0,"victory":false,"max_hp_per_floor":[62,62,67,67,67,67,67,67,67,67,67,67,67,67,67,67,67,67,67,67,67,67,67,67,67,67,67,67,67,72,72,72],"relic_stats":{"Darkstone Periapt":0,"counters":[17,51],"Pandora\u0027s Box":["Scrawl","Vengeance","WaveOfTheHand","Wallop","JustLucky","Consecrate","TalkToTheHand","Tantrum"],"StoneCalendar":[0],"Pen Nib":[1],"Letter Opener":[30],"obtain_stats":[{"Darkstone Periapt":13,"Nilry\u0027s Codex":28,"Vajra":11,"Pandora\u0027s Box":17,"StoneCalendar":27,"Pen Nib":26,"Letter Opener":6,"PureWater":0,"Odd Mushroom":8,"Toy Ornithopter":9},{"Darkstone Periapt":8,"Nilry\u0027s Codex":16,"Vajra":7,"Pandora\u0027s Box":10,"StoneCalendar":16,"Pen Nib":15,"Letter Opener":4,"PureWater":0,"Odd Mushroom":5,"Toy Ornithopter":5},{"Darkstone Periapt":24,"Nilry\u0027s Codex":49,"Vajra":20,"Pandora\u0027s Box":29,"StoneCalendar":49,"Pen Nib":47,"Letter Opener":13,"PureWater":0,"Odd Mushroom":15,"Toy Ornithopter":15}],"Toy Ornithopter":40},"card_choices":[{"not_picked":["Sadistic Nature","The Bomb"],"picked":"Apotheosis","floor":0},{"not_picked":["PathToVictory","FlurryOfBlows"],"picked":"CrushJoints","floor":1},{"not_picked":["FollowUp","Collect"],"picked":"EmptyFist","floor":2},{"not_picked":["EmptyFist","Wireheading"],"picked":"WaveOfTheHand","floor":5},{"not_picked":["JustLucky","ForeignInfluence"],"picked":"SandsOfTime","floor":6},{"not_picked":["EmptyBody","ClearTheMind"],"picked":"SandsOfTime","floor":8},{"not_picked":["WheelKick","SpiritShield"],"picked":"SandsOfTime","floor":10},{"not_picked":["BowlingBash","Evaluate"],"picked":"Tantrum","floor":11},{"not_picked":["Adaptation","Weave"],"picked":"TalkToTheHand","floor":13},{"not_picked":["Worship","FlyingSleeves"],"picked":"MentalFortress","floor":14},{"not_picked":["ConjureBlade","MasterReality"],"picked":"Wish","floor":16},{"not_picked":["WreathOfFlame","PathToVictory+1"],"picked":"Worship","floor":18},{"not_picked":["FlyingSleeves","ClearTheMind"],"picked":"ForeignInfluence","floor":19},{"not_picked":["FlyingSleeves","Study"],"picked":"FlurryOfBlows","floor":21},{"not_picked":["EmptyBody","FlurryOfBlows"],"picked":"DeusExMachina","floor":22},{"not_picked":["PathToVictory","Crescendo","Protect"],"picked":"SKIP","floor":24},{"not_picked":["PathToVictory","Protect","Evaluate+1"],"picked":"SKIP","floor":27},{"not_picked":["PathToVictory","Protect"],"picked":"Evaluate+1","floor":27}],"player_experience":1720875,"relics_obtained":[{"floor":6,"key":"Letter Opener"},{"floor":8,"key":"Odd Mushroom"},{"floor":9,"key":"Toy Ornithopter"},{"floor":11,"key":"Vajra"},{"floor":13,"key":"Darkstone Periapt"},{"floor":26,"key":"Pen Nib"},{"floor":27,"key":"StoneCalendar"},{"floor":28,"key":"Nilry\u0027s Codex"}],"event_choices":[{"damage_healed":0,"gold_gain":0,"player_choice":"Donut","damage_taken":0,"max_hp_gain":5,"max_hp_loss":0,"event_name":"Big Fish","floor":3,"gold_loss":0},{"damage_healed":0,"gold_gain":0,"player_choice":"Fought Mushrooms","damage_taken":0,"max_hp_gain":0,"max_hp_loss":0,"event_name":"Mushrooms","floor":8,"gold_loss":0},{"damage_healed":0,"gold_gain":0,"player_choice":"Obtained Book","damage_taken":21,"max_hp_gain":0,"max_hp_loss":0,"event_name":"Cursed Tome","floor":28,"gold_loss":0},{"damage_healed":0,"gold_gain":0,"player_choice":"Shed Blood","damage_taken":23,"max_hp_gain":5,"max_hp_loss":0,"event_name":"Forgotten Altar","floor":30,"gold_loss":0}],"is_beta":true,"boss_relics":[{"not_picked":["Empty Cage","Busted Crown"],"picked":"Pandora\u0027s Box"}],"items_purged_floors":[],"is_endless":false,"potions_floor_spawned":[2,5,8,11,14,16,21,22,24],"killed_by":"Cultist and Chosen","ascension_level":20}}