{"host":"yrtk68ixj64vhhh3","time":1613099040,"event":{"mods":["100% Spire Juice","2.2 Compatiblity","AchievementEnabler","Aspiration","BaseMod","Better Altar","Better Match","Better Note","Better Silent Start","Better Skull","Better Third Choice","Colored Map","Colored Powertips","Conspire","Dio Mod","Downfall","Energized Spire","Hubris","Infinite Spire","Marisa????????","Minty Spire (QoL Compilation)","Prisma Mod","RNG Fix","Random Character Button","Random Character Mod","Reliquary","Remilia??????","StSLib","Steal the Spire","Td1madao Mod","The Alterego","The Animator","The Bug Knight","The Hierophant","The Mystic","The Poker Player","The Runesmith","The Servant 0.9.4","The Wild Card","TheHero"],"gold_per_floor":[112,123,278,278,296,296,335,355,355,25,44,182,14,14,14,239,239,255,67,67,85,85,85,106,106,188,99,99,122,143,143,143,266,146,161,161,174,174,199,199,199,199,199],"floor_reached":42,"language":"ENG","playtime":3428,"items_purged":["hubris:Envy"],"score":616,"play_id":"e37f564f-7e5b-464c-a19c-3010934d2421","local_time":"20210212160400","is_ascension_mode":false,"campfire_choices":[{"floor":15,"key":"REST"},{"floor":23,"key":"RECALL"},{"floor":25,"key":"REST"},{"floor":32,"key":"REST"},{"data":"Moonworks:MeltingMemories","floor":40,"key":"SMITH"}],"circlet_count":0,"master_deck":["Moonworks:Strike","Moonworks:Strike","Moonworks:Strike","Moonworks:Strike","Moonworks:Defend","Moonworks:Defend","Moonworks:Defend","Moonworks:Defend","Moonworks:Ambush","Moonworks:LongDistanceShot","Moonworks:DeployBits","Moonworks:x16BigRocket","Injury","Moonworks:TreasureThief","Moonworks:BigMagnum","Moonworks:SakisCookie","Apotheosis","Moonworks:SinkOrSwim","Moonworks:JonathanRush","Moonworks:AwakeningOfTalent","Moonworks:IndiscriminateFireSupport","Moonworks:Gamble","Moonworks:Assault+1","Moonworks:RagingMadness","Moonworks:ImOnFire","Moonworks:IntelligenceOfficer","Moonworks:BackdoorTrade","Pain","Moonworks:CrystalBarrier","Moonworks:BeyondHell","Moonworks:MeltingMemories+1","Moonworks:EvilSpyWorkPreparation","Moonworks:SweetBattle"],"relics":["Moonworks:BrokenBomb","Moonworks:Homemark","Golden Idol","hubris:Icosahedron","HornCleat","Thread and Needle","aspiration:AnachronicSnailShell","hubris:Towel","hubris:GrandSneckoEye","aspiration:MobileForge","conspire:Flyswatter","conspire:Dentures","Turnip","WarpedTongs","infinitespire:Bottled Soul","conspire:SpecialSausage"],"acts_visited":["Exordium","TheCity","TheBeyond"],"potions_floor_usage":[16,16,24,33,33],"damage_taken":[{"damage":0,"enemies":"Small Slimes","floor":1,"turns":3},{"damage":6,"enemies":"Jaw Worm","floor":2,"turns":3},{"damage":7,"enemies":"2 Louse","floor":5,"turns":2},{"damage":4,"enemies":"conspire:MimicChest","floor":7,"turns":7},{"damage":9,"enemies":"Exordium Wildlife","floor":8,"turns":4},{"damage":8,"enemies":"2 Fungi Beasts","floor":11,"turns":4},{"damage":6,"enemies":"HollowMod:MossKnight","floor":12,"turns":5},{"damage":6,"enemies":"Slime Boss","floor":16,"turns":4},{"damage":2,"enemies":"Spheric Guardian","floor":18,"turns":2},{"damage":0,"enemies":"3 Byrds","floor":21,"turns":3},{"damage":764,"enemies":"3 Cultists","floor":24,"turns":3},{"damage":5,"enemies":"conspire:Head Lice","floor":27,"turns":3},{"damage":0,"enemies":"Snecko","floor":29,"turns":2},{"damage":9,"enemies":"Snake Plant","floor":30,"turns":4},{"damage":2,"enemies":"Automaton","floor":33,"turns":5},{"damage":10,"enemies":"Orb Walker","floor":35,"turns":4},{"damage":12,"enemies":"3 Darklings","floor":37,"turns":4},{"damage":0,"enemies":"Maw","floor":39,"turns":4},{"damage":997,"enemies":"Sphere and 2 Shapes","floor":42,"turns":2}],"seed_played":"7294121837984439160","potions_obtained":[{"floor":5,"key":"Fire Potion"},{"floor":7,"key":"Guardian:BlockOnCardUsePotion"},{"floor":11,"key":"SkillPotion"},{"floor":16,"key":"DistilledChaos"},{"floor":18,"key":"FairyPotion"},{"floor":24,"key":"SkillPotion"},{"floor":30,"key":"Dexterity Potion"}],"is_trial":false,"path_per_floor":["M","M","?","?","M","?","?","M","T","$","M","E","$","?","R","B",null,"M","$","?","M","AVR","R","M","R","T","E","?","M","M","T","R","B",null,"M","?","M","?","M","R","?","M"],"character_chosen":"THE_STARBREAKER","items_purchased":["Apotheosis","Moonworks:SinkOrSwim","Moonworks:IndiscriminateFireSupport","Moonworks:RagingMadness"],"campfire_rested":3,"item_purchase_floors":[10,10,13,19],"current_hp_per_floor":[66,60,60,60,53,53,49,40,40,40,35,29,29,29,48,44,66,64,64,64,66,66,66,13,32,32,27,27,29,20,20,39,37,66,56,59,53,58,58,58,58,0,0],"gold":199,"neow_bonus":"TEN_PERCENT_HP_BONUS","is_daily":false,"chose_seed":false,"campfire_upgraded":1,"win_rate":0.0,"timestamp":1613099040,"path_taken":["M","M","?","?","M","?","?","M","T","$","M","E","$","?","R","BOSS","M","$","?","M","AVR","R","M","R","T","E","?","M","M","?","R","BOSS","M","?","M","?","?","R","?","?"],"items_purchased_type":["Card","Card","Card","Card"],"build_version":"2020-12-22","purchased_purges":1,"victory":false,"max_hp_per_floor":[66,66,66,66,66,66,66,66,66,66,66,66,66,66,66,66,66,66,66,66,66,66,66,66,66,66,66,66,66,66,66,66,66,66,66,66,66,66,66,66,66,66,66],"card_choices":[{"not_picked":["Moonworks:Assault","Moonworks:NicePresent"],"picked":"Moonworks:DeployBits","floor":1},{"not_picked":["Moonworks:ImOnFire","Moonworks:DeployBits"],"picked":"Moonworks:x16BigRocket","floor":2},{"not_picked":["Moonworks:CloudOfSeagulls","Moonworks:DeployBits"],"picked":"Moonworks:TreasureThief","floor":5},{"not_picked":["Moonworks:Assault","Moonworks:DeployBits"],"picked":"Moonworks:BigMagnum","floor":7},{"not_picked":["Moonworks:WindyEnchantment","Moonworks:JonathanRush"],"picked":"Moonworks:SakisCookie","floor":8},{"not_picked":["Moonworks:FullSpeedAlicianrone","Moonworks:PlushieMaster"],"picked":"Moonworks:JonathanRush","floor":11},{"not_picked":["Moonworks:Flamethrower","Moonworks:CastOff"],"picked":"Moonworks:AwakeningOfTalent","floor":12},{"not_picked":["Moonworks:FinalBattle","Moonworks:Blazing"],"picked":"Moonworks:Gamble","floor":16},{"not_picked":["Moonworks:DeployBits","Moonworks:IndiscriminateFireSupport"],"picked":"Moonworks:Assault+1","floor":18},{"not_picked":["Moonworks:NicePresent","Moonworks:WindyEnchantment"],"picked":"Moonworks:ImOnFire","floor":21},{"not_picked":["Moonworks:CloudOfSeagulls","Moonworks:AwakeningOfTalent"],"picked":"Moonworks:IntelligenceOfficer","floor":24},{"not_picked":["Moonworks:SakisCookie","Moonworks:NicePresent+1"],"picked":"Moonworks:BackdoorTrade","floor":27},{"not_picked":["Moonworks:SakisCookie","Moonworks:Assault"],"picked":"Moonworks:CrystalBarrier","floor":29},{"not_picked":["Moonworks:NicePresent+1","Moonworks:IndiscriminateFireSupport+1"],"picked":"Moonworks:BeyondHell","floor":30},{"not_picked":["Moonworks:MetallicMonocoque","Moonworks:Wanted"],"picked":"Moonworks:MeltingMemories","floor":33},{"not_picked":["Moonworks:Assault","Moonworks:BindingChains"],"picked":"Moonworks:EvilSpyWorkPreparation","floor":35},{"not_picked":["Moonworks:Assault","Moonworks:IndiscriminateFireSupport"],"picked":"Moonworks:DeployBits+1","floor":37},{"not_picked":["Moonworks:NicePresent+1","Moonworks:BindingChains+1"],"picked":"Moonworks:SweetBattle","floor":39}],"player_experience":857020,"relics_obtained":[{"floor":7,"key":"HornCleat"},{"floor":9,"key":"Thread and Needle"},{"floor":12,"key":"aspiration:AnachronicSnailShell"},{"floor":26,"key":"conspire:Dentures"},{"floor":27,"key":"Turnip"},{"floor":31,"key":"infinitespire:Bottled Soul"}],"event_choices":[{"damage_healed":0,"gold_gain":275,"player_choice":"Desecrate","damage_taken":0,"max_hp_gain":0,"max_hp_loss":0,"event_name":"Golden Shrine","floor":3,"gold_loss":0,"cards_obtained":["Regret"]},{"damage_healed":0,"gold_gain":0,"player_choice":"Take Wound","damage_taken":0,"relics_obtained":["Golden Idol"],"max_hp_gain":0,"max_hp_loss":0,"event_name":"Golden Idol","floor":4,"gold_loss":0,"cards_obtained":["Injury"]},{"damage_healed":0,"gold_gain":0,"cards_transformed":["Regret"],"player_choice":"Transformed","damage_taken":0,"max_hp_gain":0,"max_hp_loss":0,"event_name":"Transmorgrifier","floor":20,"gold_loss":0,"cards_obtained":["hubris:Envy"]},{"damage_healed":0,"gold_gain":0,"player_choice":"Rummage","damage_taken":0,"relics_obtained":["WarpedTongs"],"max_hp_gain":0,"max_hp_loss":0,"event_name":"Accursed Blacksmith","floor":28,"gold_loss":0,"cards_obtained":["Pain"]},{"damage_healed":3,"gold_gain":0,"player_choice":"LEAVE ","damage_taken":0,"relics_obtained":[],"max_hp_gain":0,"max_hp_loss":0,"event_name":"betterSkull:BetterSkull","floor":36,"gold_loss":0,"cards_upgraded":[]},{"cards_removed":["Moonworks:DeployBits"],"damage_healed":5,"gold_gain":0,"player_choice":"Offered Common","damage_taken":0,"max_hp_gain":0,"max_hp_loss":0,"event_name":"Bonfire Elementals","floor":38,"gold_loss":0},{"cards_removed":["Moonworks:DeployBits"],"damage_healed":5,"gold_gain":0,"player_choice":"Offered Special","damage_taken":0,"max_hp_gain":0,"max_hp_loss":0,"event_name":"Bonfire Elementals","floor":38,"gold_loss":0}],"is_beta":false,"boss_relics":[{"not_picked":["hubris:BlackHole","aspiration:MarisaSkillbook"],"picked":"hubris:GrandSneckoEye"},{"not_picked":["conspire:SlowCooker","Coffee Dripper"],"picked":"conspire:SpecialSausage"}],"items_purged_floors":[22],"is_endless":false,"potions_floor_spawned":[5,7,11,16,18,24,30],"killed_by":"Sphere and 2 Shapes","ascension_level":0}}