{"host":"bbmxo8e8cdq8htg1","time":1613114623,"event":{"mods":["AchievementEnabler","BaseMod","Better Match","Better Third Choice","BetterRewards","Colored Powertips","DeckTracker","Dota2Spire","Mimic Mod","Minty Spire (QoL Compilation)","Permanent Neow","Quick Restart","Rare Cards Sparkle","Relic Stats","Replay The Spire","Shop Mod","Spicy Shops","StSLib","SuperFastMode","The Blue Laboratory","The Forsaken","The Jungle"],"gold_per_floor":[111,111,127,138,63,89,89,99,99,99,99,99,131,165,165,180,180],"floor_reached":16,"language":"ENG","playtime":453,"items_purged":["Amnesia"],"score":127,"play_id":"f1195f88-2740-4066-b310-2512b0d9777b","local_time":"20210212102343","is_ascension_mode":true,"campfire_choices":[{"data":"Clothesline","floor":7,"key":"SMITH"},{"floor":10,"key":"REST"},{"data":"Whirlwind","floor":12,"key":"SMITH"},{"floor":15,"key":"REST"}],"circlet_count":0,"master_deck":["Strike_R","Strike_R","Strike_R","Strike_R","Strike_R","Defend_R","Defend_R","Defend_R","Defend_R","Bash","Clothesline+1","Heavy Blade","Whirlwind+1","Spot Weakness","Clash"],"relics":["Burning Blood","NeowsBlessing","ReplayTheSpireMod:Ring of Challenge","Sundial","Meat on the Bone","Blue Doll"],"acts_visited":["Exordium"],"potions_floor_usage":[13,16],"damage_taken":[{"damage":0,"enemies":"Small Slimes","floor":1,"turns":1},{"damage":0,"enemies":"Jaw Worm","floor":3,"turns":1},{"damage":0,"enemies":"2 Louse","floor":4,"turns":1},{"damage":36,"enemies":"Gremlin Nob","floor":6,"turns":5},{"damage":34,"enemies":"Lots of Slimes","floor":8,"turns":5},{"damage":30,"enemies":"3 Sentries","floor":13,"turns":4},{"damage":31,"enemies":"Exordium Wildlife","floor":14,"turns":3},{"damage":46,"enemies":"Hexaghost","floor":16,"turns":9}],"seed_played":"-2911256137447135648","potions_obtained":[{"floor":3,"key":"Weak Potion"},{"floor":14,"key":"GamblersBrew"}],"is_trial":false,"path_per_floor":["M","?","M","M","$","E","R","M","T","R","$","R","E","M","R","B"],"character_chosen":"IRONCLAD","items_purchased":[],"campfire_rested":2,"item_purchase_floors":[],"current_hp_per_floor":[80,80,80,80,80,50,50,22,22,46,46,46,34,21,45,0,0],"gold":180,"neow_bonus":"THREE_ENEMY_KILL","is_daily":false,"chose_seed":false,"campfire_upgraded":2,"win_rate":0.0,"timestamp":1613114623,"path_taken":["M","?","M","M","$","E","R","M","T","R","$","R","E","M","R","BOSS"],"items_purchased_type":[],"build_version":"2020-12-22","purchased_purges":1,"victory":false,"max_hp_per_floor":[80,80,80,80,80,80,80,80,80,80,80,80,80,80,80,80,80],"relic_stats":{"counters":[8,29],"Sundial":[4],"obtain_stats":[{"NeowsBlessing":0,"Sundial":6,"Blue Doll":13,"ReplayTheSpireMod:Ring of Challenge":2,"Burning Blood":0,"Meat on the Bone":9},{"NeowsBlessing":0,"Sundial":4,"Blue Doll":6,"ReplayTheSpireMod:Ring of Challenge":1,"Burning Blood":0,"Meat on the Bone":5},{"NeowsBlessing":0,"Sundial":8,"Blue Doll":17,"ReplayTheSpireMod:Ring of Challenge":1,"Burning Blood":0,"Meat on the Bone":13}],"Burning Blood":24,"Meat on the Bone":24},"card_choices":[{"not_picked":["Replay:Undeath\u0027s Touch","Dark Embrace","Rupture"],"picked":"SKIP","floor":1},{"not_picked":["Wild Strike","Warcry"],"picked":"Clothesline","floor":3},{"not_picked":["Havoc","Wild Strike"],"picked":"Heavy Blade","floor":4},{"not_picked":["Headbutt","Rupture","ReplayTheSpireMod:Limb From Limb"],"picked":"SKIP","floor":6},{"not_picked":["Blood for Blood","Anger"],"picked":"Whirlwind","floor":8},{"not_picked":["True Grit","Flex"],"picked":"Spot Weakness","floor":13},{"not_picked":["Abandon","Pommel Strike"],"picked":"Clash","floor":14}],"player_experience":14036,"relics_obtained":[{"floor":2,"key":"ReplayTheSpireMod:Ring of Challenge"},{"floor":6,"key":"Sundial"},{"floor":9,"key":"Meat on the Bone"},{"floor":13,"key":"Blue Doll"}],"event_choices":[],"is_beta":false,"boss_relics":[],"items_purged_floors":[5],"is_endless":false,"potions_floor_spawned":[3,14],"killed_by":"Hexaghost","ascension_level":3}}