{"host":"2n2g1vowfllvjtvi","time":1613144588,"event":{"mods":["AchievementEnabler","BaseMod","Custom Start","GifTheSpireLib","Keyboard Shortcuts","Minty Spire (QoL Compilation)","Permanent Neow","Quick Restart","StSLib","SuperFastMode"],"gold_per_floor":[119,119,131,131,56,91,114,141,176,188,44,78,93,155,155,155,155],"floor_reached":16,"language":"KOR","playtime":290,"items_purged":["Strike_P"],"score":171,"play_id":"b8d522c6-7503-4c08-8696-a9c2ea270280","local_time":"20210213004308","is_ascension_mode":true,"campfire_choices":[{"floor":10.0,"key":"REST"},{"floor":15,"key":"REST"}],"circlet_count":0,"master_deck":["AscendersBane","Strike_P","Strike_P","Strike_P","Defend_P","Defend_P","Defend_P","Defend_P","Eruption","Vigilance+1","Adaptation","MentalFortress+1","Tantrum","EmptyMind","FollowUp"],"relics":["PureWater","TungstenRod","MawBank","Akabeko","PreservedInsect","Toy Ornithopter","Unceasing Top"],"acts_visited":["Exordium"],"potions_floor_usage":[13,14],"damage_taken":[{"damage":0.0,"enemies":"Jaw Worm","floor":1.0,"turns":3.0},{"damage":0.0,"enemies":"2 Louse","floor":3.0,"turns":3.0},{"damage":18.0,"enemies":"Lagavulin","floor":6.0,"turns":11.0},{"damage":0.0,"enemies":"Small Slimes","floor":7.0,"turns":3.0},{"damage":0.0,"enemies":"Looter","floor":8.0,"turns":5.0},{"damage":15,"enemies":"Gremlin Nob","floor":12,"turns":3},{"damage":14,"enemies":"Lots of Slimes","floor":13,"turns":5},{"damage":25,"enemies":"Gremlin Nob","floor":14,"turns":3},{"damage":33,"enemies":"Slime Boss","floor":16,"turns":8}],"seed_played":"-8139324726819223602","potions_obtained":[{"floor":1.0,"key":"Energy Potion"},{"floor":3.0,"key":"Swift Potion"},{"floor":12,"key":"SkillPotion"},{"floor":13,"key":"Regen Potion"}],"is_trial":false,"path_per_floor":["M","?","M","?","$","E","M","M","T","R","$","E","M","?","R","B"],"character_chosen":"WATCHER","items_purchased":["PreservedInsect"],"campfire_rested":2,"item_purchase_floors":[11],"current_hp_per_floor":[47,47,47,34,34,16,16,16,16,37,37,22,13,2,23,0,0],"gold":155,"neow_bonus":"ONE_RARE_RELIC","is_daily":false,"chose_seed":false,"campfire_upgraded":0,"win_rate":0.0,"timestamp":1613144588,"path_taken":["M","?","M","?","$","E","M","M","T","R","$","E","M","?","R","BOSS"],"items_purchased_type":["Relic"],"build_version":"2020-12-22","purchased_purges":1,"victory":false,"max_hp_per_floor":[72,72,72,72,72,72,72,72,72,72,72,72,72,72,72,72,72],"card_choices":[{"not_picked":["Prostrate","Perseverance"],"picked":"Adaptation","floor":1.0},{"not_picked":["SignatureMove","BowlingBash"],"picked":"MentalFortress","floor":3.0},{"not_picked":["Consecrate","FlyingSleeves","Conclude"],"picked":"SKIP","floor":6.0},{"not_picked":["SignatureMove","JustLucky","WaveOfTheHand"],"picked":"SKIP","floor":7.0},{"not_picked":["ReachHeaven","Crescendo"],"picked":"Tantrum","floor":8.0},{"not_picked":["Evaluate","SashWhip"],"picked":"EmptyMind","floor":12},{"not_picked":["FlyingSleeves","SashWhip","CarveReality"],"picked":"SKIP","floor":13},{"not_picked":["Conclude","CarveReality"],"picked":"FollowUp","floor":14}],"player_experience":231962,"relics_obtained":[{"floor":6.0,"key":"MawBank"},{"floor":9.0,"key":"Akabeko"},{"floor":12,"key":"Toy Ornithopter"},{"floor":14,"key":"Unceasing Top"}],"event_choices":[{"damage_healed":0.0,"max_hp_gain":0.0,"max_hp_loss":0.0,"gold_gain":0.0,"event_name":"Liars Game","player_choice":"Ignored","floor":2.0,"gold_loss":0.0,"damage_taken":0.0},{"damage_healed":0.0,"max_hp_gain":0.0,"max_hp_loss":0.0,"gold_gain":0.0,"event_name":"Shining Light","player_choice":"Entered Light","floor":4.0,"gold_loss":0.0,"damage_taken":14.0,"cards_upgraded":["Vigilance","MentalFortress"]},{"damage_healed":0,"gold_gain":0,"player_choice":"Searched \u00272\u0027 times","damage_taken":0,"max_hp_gain":0,"max_hp_loss":0,"event_name":"Dead Adventurer","floor":14,"gold_loss":0}],"is_beta":false,"boss_relics":[],"items_purged_floors":[5],"is_endless":false,"potions_floor_spawned":[1,3,12,13],"killed_by":"Slime Boss","ascension_level":11}}