{"host":"ormi09wwzv7sq47a","time":1613095132,"event":{"mods":["2.2 Compatiblity","AchievementEnabler","Act Like it!","BaseMod","Bestiary","Better Altar","Better Note","Better Sensory Stone","Better Silent Start","Better Skull","Better Third Choice","Better Vampires","BetterRewards","Block Reminder","Card Forge","Colored Map","Colored Powertips","Curses Come First","DeckTracker","Downfall","Highlight Path","Minty Spire (QoL Compilation)","Permanent Neow","Quick Restart","Rare Cards Sparkle","Relic Stats","Shop Mod","StSLib","The Jungle"],"gold_per_floor":[41,59,59,9,9,9,34,34,34,67,67,86,105,115,115,210,210,227,227,242,261,274,274,274,274],"floor_reached":23,"language":"ENG","playtime":8551,"items_purged":["hexamod:Strike"],"score":364,"play_id":"ee0771b4-89dd-4732-a037-361baecdb285","local_time":"20210211225852","is_ascension_mode":true,"campfire_choices":[{"data":"hexamod:Float","floor":6.0,"key":"SMITH"},{"data":"hexamod:Again","floor":8.0,"key":"SMITH"},{"data":"hexamod:SkipABeat","floor":11.0,"key":"SMITH"},{"data":"hexamod:HeatCrush","floor":15.0,"key":"SMITH"}],"circlet_count":0,"master_deck":["hexamod:Strike","hexamod:Strike","hexamod:Defend","hexamod:Defend","hexamod:Defend","hexamod:Sear+1","hexamod:Float+1","hexamod:SpectersWail","hexamod:AdvancingGuard","hexamod:Again+1","hexamod:SkipABeat+1","hexamod:HeatCrush+1","hexamod:Rewind","hexamod:VolcanoVisage","hexamod:VolcanoVisage","hexamod:HeatShield","hexamod:Incineration","hexamod:GhostShield+1","hexamod:SpectralAdrenaline+1","hexamod:ThermalTransfer"],"relics":["hexamod:SpiritBrand","Hammer of Thor","Seething Fire","Anvil of the Gods","Bronze Scales","Centennial Puzzle","Matryoshka","Meat on the Bone","sneckomod:SneckoTalon"],"acts_visited":["Exordium","TheCity"],"potions_floor_usage":[],"damage_taken":[{"damage":1.0,"enemies":"Cultist","floor":1.0,"turns":3.0},{"damage":0.0,"enemies":"Small Slimes","floor":2.0,"turns":3.0},{"damage":24.0,"enemies":"3 Sentries","floor":7.0,"turns":7.0},{"damage":7.0,"enemies":"Gremlin Nob","floor":10.0,"turns":3.0},{"damage":2.0,"enemies":"Jaw Worm","floor":12.0,"turns":2.0},{"damage":2.0,"enemies":"Large Slime","floor":13.0,"turns":3.0},{"damage":0.0,"enemies":"Red Slaver","floor":14.0,"turns":3.0},{"damage":19.0,"enemies":"The Guardian","floor":16.0,"turns":7.0},{"damage":2,"enemies":"3 Byrds","floor":18,"turns":2},{"damage":8,"enemies":"Shell Parasite","floor":20,"turns":3},{"damage":8,"enemies":"3 Cultists","floor":21,"turns":4},{"damage":4,"enemies":"Centurion and Healer","floor":22,"turns":5},{"damage":48,"enemies":"Gremlin Leader","floor":23,"turns":4}],"seed_played":"5501259457907698944","potions_obtained":[{"floor":2.0,"key":"EssenceOfSteel"},{"floor":7.0,"key":"hexamod:DoubleChargePotion"},{"floor":10.0,"key":"Weak Potion"},{"floor":14.0,"key":"SpeedPotion"},{"floor":20,"key":"Energy Potion"}],"is_trial":false,"path_per_floor":["M","M","?","?","?","R","E","R","T","E","R","M","M","M","R","B",null,"M","?","M","M","M","E"],"character_chosen":"THE_SPIRIT","items_purchased":["Bronze Scales"],"campfire_rested":0,"item_purchase_floors":[0],"current_hp_per_floor":[69,69,69,69,69,69,45,45,45,38,38,36,46,46,46,39,70,68,68,60,52,48,0,0,0],"gold":274,"neow_bonus":"","is_daily":false,"chose_seed":false,"campfire_upgraded":4,"win_rate":0.0,"timestamp":1613095132,"path_taken":["M","?","?","?","?","R","E","R","T","E","R","M","?","M","R","BOSS","M","?","M","M","?","E"],"items_purchased_type":["Relic"],"build_version":"2020-12-22","purchased_purges":1,"victory":false,"max_hp_per_floor":[70,70,70,70,70,70,70,70,70,70,70,70,70,70,70,70,70,70,70,70,70,70,70,70,70],"relic_stats":{"Centennial Puzzle":[27],"counters":[26,107],"Bronze Scales":[151],"obtain_stats":[{"Potion Belt":28,"CeramicFish":0,"hexamod:InflammatoryLetter":7,"PreservedInsect":13,"Hammer of Thor":0,"Bag of Preparation":12,"Seething Fire":0,"Empty Cage":17,"Ancient Tea Set":26,"sneckomod:SneckoTalon":17,"ClockworkSouvenir":28,"Centennial Puzzle":7,"Matryoshka":9,"Shuriken":25,"Anvil of the Gods":0,"Bronze Scales":0,"Tiny Chest":4,"hexamod:SpiritBrand":0,"Meat on the Bone":10},{"Potion Belt":11,"CeramicFish":0,"hexamod:InflammatoryLetter":4,"PreservedInsect":5,"Hammer of Thor":0,"Bag of Preparation":5,"Seething Fire":0,"Empty Cage":7,"Ancient Tea Set":11,"sneckomod:SneckoTalon":21,"ClockworkSouvenir":11,"Centennial Puzzle":16,"Matryoshka":16,"Shuriken":11,"Anvil of the Gods":0,"Bronze Scales":13,"Tiny Chest":2,"hexamod:SpiritBrand":0,"Meat on the Bone":17},{"Potion Belt":49,"CeramicFish":0,"hexamod:InflammatoryLetter":16,"PreservedInsect":20,"Hammer of Thor":0,"Bag of Preparation":20,"Seething Fire":0,"Empty Cage":31,"Ancient Tea Set":49,"sneckomod:SneckoTalon":89,"ClockworkSouvenir":49,"Centennial Puzzle":71,"Matryoshka":71,"Shuriken":49,"Anvil of the Gods":0,"Bronze Scales":58,"Tiny Chest":7,"hexamod:SpiritBrand":0,"Meat on the Bone":74}],"Meat on the Bone":24},"card_choices":[{"not_picked":["hexamod:SpectralAdrenaline","hexamod:InspiringFlames"],"picked":"hexamod:SpectersWail","floor":1.0},{"not_picked":["hexamod:NightmareStrike","hexamod:HeatMetal"],"picked":"hexamod:AdvancingGuard","floor":2.0},{"not_picked":["hexamod:InspiringFlames","hexamod:FifthSeal"],"picked":"hexamod:Again","floor":7.0},{"not_picked":["hexamod:SecondSeal","hexamod:UnlimitedPower"],"picked":"hexamod:SkipABeat","floor":10.0},{"not_picked":["hexamod:ThermalTransfer","hexamod:HeatMetal"],"picked":"hexamod:HeatCrush","floor":12.0},{"not_picked":["hexamod:InspiringFlames","hexamod:HauntingEcho"],"picked":"hexamod:Rewind","floor":13.0},{"not_picked":["hexamod:SuperheatedStrike","hexamod:ShieldOfDarkness"],"picked":"hexamod:VolcanoVisage","floor":14.0},{"not_picked":["hexamod:UnleashSpirits","hexamod:FlameSwitch"],"picked":"hexamod:VolcanoVisage","floor":16.0},{"not_picked":["hexamod:SkipABeat","hexamod:NightmareStrike"],"picked":"hexamod:HeatShield","floor":18},{"not_picked":["hexamod:Firestarter","hexamod:GhostLash"],"picked":"hexamod:GhostShield+1","floor":20},{"not_picked":["hexamod:BurningTouch+1","hexamod:RetreatToShadows+1"],"picked":"hexamod:SpectralAdrenaline+1","floor":21},{"not_picked":["hexamod:ThirdSeal","hexamod:SpectersWail+1"],"picked":"hexamod:ThermalTransfer","floor":22}],"player_experience":1061872,"relics_obtained":[{"floor":7.0,"key":"Centennial Puzzle"},{"floor":9.0,"key":"Matryoshka"},{"floor":10.0,"key":"Meat on the Bone"}],"event_choices":[{"damage_healed":0.0,"max_hp_gain":0.0,"max_hp_loss":0.0,"gold_gain":0.0,"event_name":"betterThird:BetterSerpent","player_choice":"Ignored","floor":3.0,"gold_loss":0.0,"damage_taken":59.0},{"cards_removed":["hexamod:Defend"],"damage_healed":0.0,"max_hp_gain":0.0,"max_hp_loss":0.0,"gold_gain":0.0,"event_name":"The Cleric","player_choice":"Card Removal","floor":4.0,"gold_loss":50.0,"damage_taken":0.0},{"damage_healed":0.0,"max_hp_gain":0.0,"max_hp_loss":0.0,"gold_gain":0.0,"event_name":"Upgrade Shrine","player_choice":"Upgraded","floor":5.0,"gold_loss":0.0,"damage_taken":0.0,"cards_upgraded":["hexamod:Sear"]},{"damage_healed":0,"gold_gain":0,"cards_transformed":["hexamod:Strike"],"player_choice":"Transformed","damage_taken":0,"max_hp_gain":0,"max_hp_loss":0,"event_name":"Transmorgrifier","floor":19,"gold_loss":0,"cards_obtained":["hexamod:Incineration"]}],"is_beta":false,"boss_relics":[{"not_picked":["Calling Bell","bronze:MakeshiftBattery"],"picked":"sneckomod:SneckoTalon"}],"items_purged_floors":[0],"is_endless":false,"potions_floor_spawned":[2,7,10,14,20],"killed_by":"Gremlin Leader","ascension_level":4}}