{"host":"b9sas8jv6tsy9swm","time":1613171937,"event":{"mods":["AchievementEnabler","BaseMod","Minty Spire (QoL Compilation)","Permanent Neow","Quick Restart","Replay The Spire","StSLib"],"gold_per_floor":[115,40,58,133,33,59,59,90,90,50,60,60,79,99,99,196,246,258,258,22,40,51,51,51],"floor_reached":23,"language":"ZHS","playtime":1110,"items_purged":["Strike_B","Defend_B"],"score":261,"play_id":"a53a8388-2b59-4f1c-958a-c2d6eab6c8e0","local_time":"20210213071857","is_ascension_mode":true,"campfire_choices":[{"data":"Streamline","floor":7.0,"key":"SMITH"},{"floor":12.0,"key":"REST"},{"data":"Strike_B","floor":15.0,"key":"PURGE"}],"circlet_count":0,"master_deck":["Strike_B","Defend_B","Defend_B","Defend_B","Zap+1","Dualcast","Streamline+1","Beam Cell","Cold Snap","Hologram","ReplayTheSpireMod:Omega Cannon","FTL","Self Repair","Turbo","Crystallizer","Loop","Redo+1","Coolheaded","Defragment","ReplayTheSpireMod:Fabricate Wheel"],"relics":["Philosopher\u0027s Stone","Pet Ghost","Regal Pillow","Iron Hammer","Tiny House","Orrery"],"acts_visited":["Exordium","TheCity"],"potions_floor_usage":[],"damage_taken":[{"damage":8.0,"enemies":"Jaw Worm","floor":1.0,"turns":4.0},{"damage":0.0,"enemies":"Cultist","floor":3.0,"turns":3.0},{"damage":27.0,"enemies":"Lagavulin","floor":6.0,"turns":5.0},{"damage":20.0,"enemies":"3 Sentries","floor":8.0,"turns":7.0},{"damage":0.0,"enemies":"2 Louse","floor":11.0,"turns":1.0},{"damage":0.0,"enemies":"Red Slaver","floor":13.0,"turns":2.0},{"damage":0.0,"enemies":"Exordium Wildlife","floor":14.0,"turns":2.0},{"damage":35.0,"enemies":"Fading Forest","floor":16.0,"turns":11.0},{"damage":6.0,"enemies":"Shell Parasite","floor":18.0,"turns":2.0},{"damage":17.0,"enemies":"2 Thieves","floor":21.0,"turns":3.0},{"damage":6.0,"enemies":"Cultist and Chosen","floor":22.0,"turns":6.0},{"damage":64,"enemies":"Book of Stabbing","floor":23,"turns":6}],"seed_played":"-1404969319234980349","potions_obtained":[{"floor":1.0,"key":"Energy Potion"},{"floor":3.0,"key":"PowerPotion"},{"floor":10.0,"key":"LiquidBronze"},{"floor":10.0,"key":"SteroidPotion"},{"floor":10.0,"key":"PotionOfCapacity"},{"floor":11.0,"key":"Regen Potion"},{"floor":17.0,"key":"Death Potion"}],"is_trial":false,"path_per_floor":["M","$","M","?","$","E","R","E","T","?","M","R","M","M","R","B",null,"M","?","$","M","M","E"],"character_chosen":"DEFECT","items_purchased":["Self Repair","Turbo","Orrery"],"campfire_rested":1,"item_purchase_floors":[20,20,20],"current_hp_per_floor":[60,60,60,49,49,22,22,2,2,2,2,39,39,39,39,12,64,58,58,58,57,58,0,0],"gold":51,"neow_bonus":"BOSS_RELIC","is_daily":false,"chose_seed":false,"campfire_upgraded":1,"win_rate":0.0,"timestamp":1613171937,"path_taken":["M","$","M","?","$","E","R","E","T","?","M","R","M","?","R","BOSS","M","?","$","?","M","E"],"items_purchased_type":["Card","Card","Relic"],"build_version":"2020-12-22","purchased_purges":2,"victory":false,"max_hp_per_floor":[75,75,75,75,75,75,75,75,75,75,75,75,75,75,75,75,80,80,80,80,80,80,80,80],"card_choices":[{"not_picked":["Redo","Stack"],"picked":"Streamline","floor":1.0},{"not_picked":["BasicCrystalCard","FIFO Queue"],"picked":"Beam Cell","floor":3.0},{"not_picked":["Biased Cognition","Ball Lightning"],"picked":"Cold Snap","floor":6.0},{"not_picked":["Steam","Redo","Streamline"],"picked":"SKIP","floor":8.0},{"not_picked":["Reinforced Body","ReplaySort","Gash"],"picked":"SKIP","floor":11.0},{"not_picked":["BootSequence","Coolheaded","Beam Cell"],"picked":"SKIP","floor":13.0},{"not_picked":["FIFO Queue","Panic Button"],"picked":"Hologram","floor":14.0},{"not_picked":["Hyperbeam","All For One"],"picked":"ReplayTheSpireMod:Omega Cannon","floor":16.0},{"not_picked":["Rebound","BasicCrystalCard"],"picked":"FTL","floor":18.0},{"not_picked":["BootSequence+1","Tempest"],"picked":"Crystallizer","floor":20.0},{"not_picked":["Sweeping Beam","Go for the Eyes"],"picked":"Loop","floor":20.0},{"not_picked":["Ball Lightning","Gash"],"picked":"Redo+1","floor":20.0},{"not_picked":["Compile Driver","Defragment"],"picked":"Coolheaded","floor":20.0},{"not_picked":["Tempest+1","Sunder"],"picked":"Defragment","floor":20.0},{"not_picked":["Steam","Ball Lightning","Fusion"],"picked":"SKIP","floor":21.0},{"not_picked":["Steam","ReplaySolidLightProjector+1"],"picked":"ReplayTheSpireMod:Fabricate Wheel","floor":22.0}],"player_experience":377001,"relics_obtained":[{"floor":6.0,"key":"Pet Ghost"},{"floor":8.0,"key":"Regal Pillow"},{"floor":9.0,"key":"Iron Hammer"}],"event_choices":[{"damage_healed":0.0,"max_hp_gain":0.0,"max_hp_loss":0.0,"gold_gain":75.0,"event_name":"World of Goop","player_choice":"Gather Gold","floor":4.0,"gold_loss":0.0,"damage_taken":11.0},{"damage_healed":0.0,"max_hp_gain":0.0,"max_hp_loss":0.0,"gold_gain":0.0,"event_name":"The Woman in Blue","player_choice":"Bought 3 Potions","floor":10.0,"gold_loss":0.0,"damage_taken":0.0},{"cards_removed":["Strike_B"],"damage_healed":0.0,"max_hp_gain":0.0,"max_hp_loss":0.0,"gold_gain":0.0,"event_name":"Purifier","player_choice":"Purged","floor":19.0,"gold_loss":0.0,"damage_taken":0.0}],"is_beta":false,"boss_relics":[{"not_picked":["ChewingGum","Replay:Wanted Poster"],"picked":"Tiny House"}],"items_purged_floors":[2,5],"is_endless":false,"potions_floor_spawned":[1,3,11],"killed_by":"Book of Stabbing","ascension_level":6}}