{"host":"ow66nzv2xecjoor3","time":1613114186,"event":{"mods":["BaseMod","Bestiary","Block Reminder","Colored Powertips","Curses Come First","Highlight Path","Keyboard Shortcuts","Minty Spire (QoL Compilation)","Permanent Neow","Relic Stats","StSLib","UnlockEverythingMod"],"gold_per_floor":[109,123,136,149,164,164,199,199,223,241,241,241,271,52,52,123,123,138,151,151,67,81,81,115,115,138,167,217,227,253,272,272,349,349,363,383,399,410,430,457,471,471,471,502,552,552,579,579,579,579,579],"floor_reached":50,"language":"ENG","playtime":2940,"items_purged":[],"score":1283,"play_id":"f94c2401-cdf9-477b-b001-30deaf297152","local_time":"20210212011626","is_ascension_mode":true,"campfire_choices":[{"data":"Bash","floor":6,"key":"SMITH"},{"data":"Inflame","floor":8,"key":"SMITH"},{"data":"Perfected Strike","floor":12,"key":"SMITH"},{"data":"Battle Trance","floor":15,"key":"SMITH"},{"data":"Whirlwind","floor":23,"key":"SMITH"},{"data":"Limit Break","floor":25,"key":"SMITH"},{"data":"Shrug It Off","floor":32,"key":"SMITH"},{"data":"Feel No Pain","floor":42,"key":"SMITH"},{"data":"Armaments","floor":46,"key":"SMITH"},{"floor":49,"key":"RECALL"}],"circlet_count":0,"master_deck":["AscendersBane","Strike_R","Strike_R","Defend_R","Defend_R","Defend_R","Defend_R","Bash+1","Iron Wave","Metallicize","Wild Strike","Feel No Pain+1","Perfected Strike+1","Inflame+1","Limit Break+1","Power Through","Sword Boomerang","Battle Trance+1","Shrug It Off","Reaper","Spot Weakness","Armaments+1","Whirlwind+1","Shrug It Off+1","Headbutt+1","Shrug It Off","Sever Soul","Headbutt","Corruption","Fire Breathing+1","Ghostly Armor+1","Burning Pact+1","Pommel Strike","Warcry+1","Reaper","Pommel Strike","Havoc+1","Burning Pact+1","Doubt"],"relics":["Coffee Dripper","Happy Flower","Regal Pillow","Orrery","Mark of Pain","Strawberry","Centennial Puzzle","White Beast Statue","Ancient Tea Set","Astrolabe","The Courier","Toxic Egg 2","Calipers","Smiling Mask"],"acts_visited":["Exordium","TheCity","TheBeyond"],"potions_floor_usage":[4,7,24,33,36,38,40,40,44,45,47,50,50],"damage_taken":[{"damage":0,"enemies":"Jaw Worm","floor":1,"turns":3},{"damage":0,"enemies":"Cultist","floor":2,"turns":2},{"damage":0,"enemies":"2 Louse","floor":3,"turns":4},{"damage":5,"enemies":"Lots of Slimes","floor":4,"turns":4},{"damage":8,"enemies":"Blue Slaver","floor":5,"turns":4},{"damage":7,"enemies":"3 Sentries","floor":7,"turns":10},{"damage":12,"enemies":"Large Slime","floor":10,"turns":5},{"damage":9,"enemies":"Lagavulin","floor":13,"turns":4},{"damage":10,"enemies":"Hexaghost","floor":16,"turns":7},{"damage":16,"enemies":"Spheric Guardian","floor":18,"turns":5},{"damage":19,"enemies":"3 Byrds","floor":19,"turns":6},{"damage":11,"enemies":"Snake Plant","floor":22,"turns":4},{"damage":0,"enemies":"Gremlin Leader","floor":24,"turns":4},{"damage":48,"enemies":"Slavers","floor":27,"turns":6},{"damage":9,"enemies":"Centurion and Healer","floor":29,"turns":5},{"damage":2,"enemies":"Gremlin Leader","floor":30,"turns":5},{"damage":15,"enemies":"Snecko","floor":31,"turns":3},{"damage":35,"enemies":"Collector","floor":33,"turns":7},{"damage":6,"enemies":"3 Shapes","floor":35,"turns":6},{"damage":38,"enemies":"3 Darklings","floor":36,"turns":9},{"damage":19,"enemies":"Sphere and 2 Shapes","floor":37,"turns":4},{"damage":13,"enemies":"Transient","floor":38,"turns":6},{"damage":28,"enemies":"3 Darklings","floor":39,"turns":6},{"damage":33,"enemies":"Reptomancer","floor":40,"turns":6},{"damage":25,"enemies":"Sphere and 2 Shapes","floor":41,"turns":5},{"damage":4,"enemies":"Nemesis","floor":44,"turns":5},{"damage":37,"enemies":"2 Orb Walkers","floor":45,"turns":4},{"damage":79,"enemies":"Reptomancer","floor":47,"turns":6},{"damage":87,"enemies":"Time Eater","floor":50,"turns":7}],"seed_played":"-8657623238958454239","potions_obtained":[{"floor":1,"key":"CultistPotion"},{"floor":3,"key":"Strength Potion"},{"floor":5,"key":"DistilledChaos"},{"floor":7,"key":"Energy Potion"},{"floor":24,"key":"SpeedPotion"},{"floor":33,"key":"PowerPotion"},{"floor":35,"key":"Regen Potion"},{"floor":36,"key":"SkillPotion"},{"floor":38,"key":"Fire Potion"},{"floor":40,"key":"DistilledChaos"},{"floor":41,"key":"Dexterity Potion"},{"floor":44,"key":"SkillPotion"},{"floor":45,"key":"SpeedPotion"},{"floor":47,"key":"ElixirPotion"}],"is_trial":false,"path_per_floor":["M","M","M","M","M","R","E","R","T","M","?","R","E","$","R","B",null,"M","M","?","$","M","R","E","R","T","E","?","M","E","M","R","B",null,"M","M","M","M","M","E","M","R","T","E","?","R","E","?","R","B"],"character_chosen":"IRONCLAD","items_purchased":["Orrery","Shrug It Off","Whirlwind"],"campfire_rested":0,"item_purchase_floors":[14,14,21],"current_hp_per_floor":[68,68,68,63,55,55,48,48,48,36,36,36,27,27,27,17,61,49,30,45,45,34,34,66,66,66,18,18,29,42,27,27,44,73,67,44,25,46,39,82,82,82,82,78,54,54,22,82,82,0,0],"gold":579,"neow_bonus":"BOSS_RELIC","is_daily":false,"chose_seed":false,"campfire_upgraded":9,"win_rate":0.0,"timestamp":1613114186,"path_taken":["M","M","M","M","M","R","E","R","T","M","?","R","E","$","R","BOSS","M","M","?","$","M","R","E","R","T","E","?","?","E","M","R","BOSS","M","M","M","M","M","E","M","R","T","E","?","R","E","?","R","BOSS"],"items_purchased_type":["Relic","Card","Card"],"build_version":"2020-12-22","purchased_purges":0,"victory":false,"max_hp_per_floor":[75,75,75,75,75,75,75,75,75,75,75,75,75,75,75,75,75,75,75,75,75,75,75,82,82,82,82,82,82,82,82,82,82,82,82,82,82,82,82,82,82,82,82,82,82,82,82,82,82,82,82],"relic_stats":{"Regal Pillow":0,"Centennial Puzzle":[48],"Happy Flower":[41],"counters":[29,152],"Astrolabe":["Fire Breathing","Ghostly Armor","Burning Pact"],"Smiling Mask":0,"obtain_stats":[{"Regal Pillow":13,"Calipers":45,"Happy Flower":9,"Astrolabe":34,"The Courier":40,"Ancient Tea Set":30,"Smiling Mask":47,"Burning Blood":0,"White Beast Statue":27,"Centennial Puzzle":26,"Strawberry":24,"Orrery":14,"Mark of Pain":17,"Coffee Dripper":0,"Toxic Egg 2":44},{"Regal Pillow":8,"Calipers":27,"Happy Flower":6,"Astrolabe":18,"The Courier":24,"Ancient Tea Set":16,"Smiling Mask":28,"Burning Blood":0,"White Beast Statue":14,"Centennial Puzzle":13,"Strawberry":13,"Orrery":8,"Mark of Pain":9,"Coffee Dripper":0,"Toxic Egg 2":26},{"Regal Pillow":36,"Calipers":139,"Happy Flower":27,"Astrolabe":88,"The Courier":125,"Ancient Tea Set":78,"Smiling Mask":145,"Burning Blood":0,"White Beast Statue":68,"Centennial Puzzle":62,"Strawberry":62,"Orrery":36,"Mark of Pain":43,"Coffee Dripper":0,"Toxic Egg 2":135}]},"card_choices":[{"not_picked":["Perfected Strike","Heavy Blade"],"picked":"Iron Wave","floor":1},{"not_picked":["Flex","Headbutt"],"picked":"Metallicize","floor":2},{"not_picked":["Thunderclap","Combust"],"picked":"Wild Strike","floor":3},{"not_picked":["Heavy Blade","Searing Blow"],"picked":"Feel No Pain","floor":4},{"not_picked":["Thunderclap","Burning Pact"],"picked":"Perfected Strike","floor":5},{"not_picked":["Dropkick","Warcry"],"picked":"Inflame","floor":7},{"not_picked":["Shrug It Off","Whirlwind"],"picked":"Limit Break","floor":10},{"not_picked":["Perfected Strike","Clash","Cleave"],"picked":"SKIP","floor":13},{"not_picked":["Dropkick","Fire Breathing"],"picked":"Power Through","floor":14},{"not_picked":["Rampage","Flex"],"picked":"Sword Boomerang","floor":14},{"not_picked":["Perfected Strike","Fiend Fire"],"picked":"Battle Trance","floor":14},{"not_picked":["Corruption","Berserk"],"picked":"Reaper","floor":16},{"not_picked":["Thunderclap","Cleave"],"picked":"Spot Weakness","floor":18},{"not_picked":["Seeing Red","Cleave"],"picked":"Armaments","floor":19},{"not_picked":["Feel No Pain","Twin Strike"],"picked":"Shrug It Off","floor":22},{"not_picked":["Heavy Blade","Metallicize"],"picked":"Headbutt+1","floor":24},{"not_picked":["Immolate","Havoc"],"picked":"Shrug It Off","floor":27},{"not_picked":["Warcry","Twin Strike","Armaments"],"picked":"SKIP","floor":29},{"not_picked":["Clothesline","Cleave"],"picked":"Sever Soul","floor":30},{"not_picked":["Power Through","Wild Strike+1"],"picked":"Headbutt","floor":31},{"not_picked":["Barricade","Immolate"],"picked":"Corruption","floor":33},{"not_picked":["Havoc","Heavy Blade","Iron Wave"],"picked":"SKIP","floor":35},{"not_picked":["Cleave","Warcry"],"picked":"Pommel Strike","floor":36},{"not_picked":["Wild Strike+1","Blood for Blood"],"picked":"Warcry+1","floor":37},{"not_picked":["Iron Wave+1","Perfected Strike","Carnage+1"],"picked":"SKIP","floor":38},{"not_picked":["Rampage","Bloodletting","Clothesline+1"],"picked":"SKIP","floor":39},{"not_picked":["Intimidate+1","Sword Boomerang"],"picked":"Reaper","floor":40},{"not_picked":["Iron Wave","Armaments","True Grit"],"picked":"SKIP","floor":41},{"not_picked":["Rupture","Perfected Strike"],"picked":"Pommel Strike","floor":44},{"not_picked":["Heavy Blade","Cleave"],"picked":"Havoc+1","floor":45},{"not_picked":["Juggernaut","Shrug It Off+1"],"picked":"Burning Pact+1","floor":47}],"player_experience":2843063,"relics_obtained":[{"floor":9,"key":"Happy Flower"},{"floor":13,"key":"Regal Pillow"},{"floor":24,"key":"Strawberry"},{"floor":26,"key":"Centennial Puzzle"},{"floor":27,"key":"White Beast Statue"},{"floor":30,"key":"Ancient Tea Set"},{"floor":40,"key":"The Courier"},{"floor":44,"key":"Toxic Egg 2"},{"floor":45,"key":"Calipers"},{"floor":47,"key":"Smiling Mask"}],"event_choices":[{"damage_healed":0,"gold_gain":0,"player_choice":"Relic","damage_taken":0,"max_hp_gain":0,"max_hp_loss":0,"event_name":"Wheel of Change","floor":11,"gold_loss":0},{"damage_healed":15,"gold_gain":0,"player_choice":"Heal","damage_taken":0,"max_hp_gain":0,"max_hp_loss":0,"event_name":"The Library","floor":20,"gold_loss":0},{"damage_healed":0,"gold_gain":100,"player_choice":"Bet on Murderer","damage_taken":0,"max_hp_gain":0,"max_hp_loss":0,"event_name":"The Joust","floor":28,"gold_loss":50},{"damage_healed":0,"gold_gain":0,"player_choice":"Fight","damage_taken":0,"max_hp_gain":0,"max_hp_loss":0,"event_name":"Mysterious Sphere","floor":45,"gold_loss":0},{"damage_healed":60,"gold_gain":0,"player_choice":"Heal","damage_taken":0,"max_hp_gain":0,"max_hp_loss":0,"event_name":"MindBloom","floor":48,"gold_loss":0,"cards_obtained":["Doubt"]}],"is_beta":false,"boss_relics":[{"not_picked":["Tiny House","Runic Dome"],"picked":"Mark of Pain"},{"not_picked":["Philosopher\u0027s Stone","Busted Crown"],"picked":"Astrolabe"}],"items_purged_floors":[],"is_endless":false,"potions_floor_spawned":[1,3,5,7,13,22,24,29,30,31,33,35,36,37,38,39,40,41,44,45,47],"killed_by":"Time Eater","ascension_level":20}}