{"host":"ocll6kdfqxraqtza","time":1613132718,"event":{"mods":["2.2 Compatiblity","Act Like it!","Arknights","Aspiration","BaseMod","Better Third Choice","Gensokyo","Hallownest","Hermit","Hubris","Jorbs\u0027s Wanderer Trilogy","Luminous","Marisa（霧雨　魔理沙）","Minty Spire (QoL Compilation)","Reimu（博??梦）","Reliquary","Replay The Spire","Shade Mod","StSLib","The Alterego","The Bug Knight","The Cursed","The Hierophant","The Marked","The Runesmith","TheBandit","Wandering Minibosses"],"gold_per_floor":[110,110,110,123,73,107,107,107,160,189,202,233,233,233,233],"floor_reached":14,"language":"ENG","playtime":1011,"items_purged":[],"score":164,"play_id":"475dd7a5-5974-48bd-aa19-300cda6bbe55","local_time":"20210212202518","is_ascension_mode":true,"campfire_choices":[{"data":"ats:Mental Burst","floor":7.0,"key":"SMITH"}],"circlet_count":0,"master_deck":["ats:Strike C","ats:Strike G","ats:Strike S","ats:Strike V","ats:Armor Crushing Shot","ats:Defend","ats:Defend+1","ats:Defend","ats:Emotion Absorption+1","ats:Shell Defense","ats:Cat Scratch+1","ats:Mental Burst+1","ats:Spore Proliferation","ats:Very Hot Blade","ats:Wolf Pack","hubris:Despair"],"relics":["ats:Sanity","NeowsBlessing","Orichalcum","ats:Originium","Lantern","Replay:Wax Seal","reliquary:JackalopeAntler","TungstenRod","PrismaticShard"],"acts_visited":["Exordium"],"potions_floor_usage":[],"damage_taken":[{"damage":0.0,"enemies":"Jaw Worm","floor":1.0,"turns":1.0},{"damage":0.0,"enemies":"ats:Genji","floor":4.0,"turns":1.0},{"damage":0.0,"enemies":"Gremlin Nob","floor":6.0,"turns":1.0},{"damage":0.0,"enemies":"HollowMod:MossKnight","floor":10.0,"turns":3.0},{"damage":0.0,"enemies":"Small Slimes","floor":11.0,"turns":2.0},{"damage":18.0,"enemies":"Replay:BlueRogue","floor":12.0,"turns":5.0},{"damage":14,"enemies":"3 Sentries","floor":14,"turns":5}],"seed_played":"-5528526229368067530","potions_obtained":[{"floor":4.0,"key":"SpeedPotion"},{"floor":11.0,"key":"Swift Potion"}],"is_trial":false,"path_per_floor":["M","?","?","M","?","E","R","?","T","E","M","E","?","E"],"character_chosen":"DOCTOR_CLASS","items_purchased":[],"campfire_rested":0,"item_purchase_floors":[],"current_hp_per_floor":[72,65,51,51,51,51,51,51,51,51,51,33,33,19,19],"gold":233,"neow_bonus":"THREE_ENEMY_KILL","is_daily":false,"chose_seed":false,"campfire_upgraded":1,"win_rate":0.0,"timestamp":1613132718,"path_taken":["M","?","?","M","?","E","R","?","T","E","M","E","?","E"],"items_purchased_type":[],"build_version":"2020-12-22","purchased_purges":0,"victory":false,"max_hp_per_floor":[72,72,72,72,72,72,72,72,72,72,72,72,72,72,72],"card_choices":[{"not_picked":["ats:Rapid Magazine","ats:Healing Drone"],"picked":"ats:Shell Defense","floor":1.0},{"not_picked":["ats:Closed Bolt Burst Fire","ats:Revitalization"],"picked":"ats:Cat Scratch","floor":4.0},{"not_picked":["ats:Consecutive Shot Auto","ats:Absolute Focus"],"picked":"ats:Mental Burst","floor":6.0},{"not_picked":["ats:Phantom","ats:Guardian Obelisk"],"picked":"ats:Spore Proliferation","floor":10.0},{"not_picked":["ats:Thermite Blade","ats:Closed Bolt Burst Fire"],"picked":"ats:Very Hot Blade","floor":11.0},{"not_picked":["ats:Very Hot Blade","ats:Automatic Cover"],"picked":"ats:Wolf Pack","floor":12.0}],"player_experience":529195,"relics_obtained":[{"floor":6.0,"key":"ats:Originium"},{"floor":6.0,"key":"Lantern"},{"floor":9.0,"key":"Replay:Wax Seal"},{"floor":10.0,"key":"ats:Originium"},{"floor":10.0,"key":"reliquary:JackalopeAntler"},{"floor":12.0,"key":"ats:Originium"},{"floor":12.0,"key":"TungstenRod"}],"event_choices":[{"damage_healed":0.0,"max_hp_gain":0.0,"max_hp_loss":0.0,"gold_gain":0.0,"event_name":"betterThird:BetterScrap","player_choice":"Relic ","floor":2.0,"gold_loss":0.0,"damage_taken":7.0,"cards_obtained":["Weave"]},{"damage_healed":65.0,"max_hp_gain":0.0,"max_hp_loss":72.0,"gold_gain":0.0,"event_name":"betterThird:BetterShining","player_choice":"Upgrade","floor":3.0,"gold_loss":0.0,"damage_taken":14.0,"cards_upgraded":["ats:Emotion Absorption","ats:Defend"]},{"cards_removed":["ats:Defend"],"damage_healed":0.0,"max_hp_gain":0.0,"max_hp_loss":0.0,"gold_gain":0.0,"event_name":"The Cleric","player_choice":"Card Removal","floor":5.0,"gold_loss":50.0,"damage_taken":0.0}],"is_beta":false,"boss_relics":[],"items_purged_floors":[],"is_endless":false,"potions_floor_spawned":[4,11],"killed_by":"3 Sentries","ascension_level":1}}