{"host":"tp1hyvdwlciy3xbu","time":1613094023,"event":{"mods":["BaseMod","Marisa£®ÏF”Í°°ƒß¿Ì…≥£©","Minty Spire (QoL Compilation)","SIMod","StSLib","The Servant 0.9.4"],"gold_per_floor":[116,131,56,67,78,78,78,97,97,114,148,49,78,97,97,196,196,216,315,315,392,135,135,164,174,174,189,189,220,230,230,230],"floor_reached":31,"language":"ZHS","playtime":815,"items_purged":["Strike_G","Infinite Blades"],"score":328,"play_id":"07cc716c-7051-4bfa-b4ff-973b4eae0bb2","local_time":"20210212094023","is_ascension_mode":true,"campfire_choices":[{"data":"Bouncing Flask","floor":7.0,"key":"SMITH"},{"data":"Catalyst","floor":15.0,"key":"SMITH"},{"data":"Corpse Explosion","floor":23,"key":"SMITH"},{"data":"Backflip","floor":28,"key":"SMITH"}],"circlet_count":0,"master_deck":["Strike_G","Strike_G","Strike_G","Strike_G","Defend_G","Defend_G","Defend_G","Defend_G","Defend_G","Survivor","Neutralize","Noxious Fumes","Acrobatics","Bouncing Flask+1","Backflip+1","Prepared","Catalyst+1","Acrobatics","Deadly Poison","Corpse Explosion+1","Well Laid Plans","Catalyst+1"],"relics":["Ring of the Snake","NeowsBlessing","Thread and Needle","Bottled Tornado","Tingsha","Black Star","Ornamental Fan","DollysMirror","Orichalcum","InkBottle","Kunai","Pantograph","Pear"],"acts_visited":["Exordium","TheCity"],"potions_floor_usage":[29],"damage_taken":[{"damage":0.0,"enemies":"Cultist","floor":1.0,"turns":1.0},{"damage":0.0,"enemies":"Jaw Worm","floor":2.0,"turns":1.0},{"damage":0.0,"enemies":"2 Louse","floor":4.0,"turns":1.0},{"damage":9.0,"enemies":"2 Fungi Beasts","floor":5.0,"turns":4.0},{"damage":8.0,"enemies":"Blue Slaver","floor":8.0,"turns":3.0},{"damage":1.0,"enemies":"Looter","floor":10.0,"turns":4.0},{"damage":14.0,"enemies":"3 Sentries","floor":11.0,"turns":7.0},{"damage":4.0,"enemies":"Gremlin Nob","floor":13.0,"turns":4.0},{"damage":7.0,"enemies":"3 Louse","floor":14.0,"turns":3.0},{"damage":6.0,"enemies":"Hexaghost","floor":16.0,"turns":5.0},{"damage":1.0,"enemies":"Chosen","floor":18.0,"turns":5.0},{"damage":19,"enemies":"Book of Stabbing","floor":24,"turns":3},{"damage":5,"enemies":"3 Byrds","floor":25,"turns":2},{"damage":9,"enemies":"Centurion and Healer","floor":27,"turns":5},{"damage":29,"enemies":"Slavers","floor":29,"turns":3},{"damage":8,"enemies":"Snake Plant","floor":30,"turns":3},{"damage":9,"enemies":"Shelled Parasite and Fungi","floor":31,"turns":1}],"seed_played":"5374357333068881311","potions_obtained":[{"floor":1.0,"key":"Block Potion"},{"floor":4.0,"key":"Poison Potion"},{"floor":8.0,"key":"Weak Potion"},{"floor":13.0,"key":"Fire Potion"},{"floor":18.0,"key":"GamblersBrew"},{"floor":29,"key":"DistilledChaos"},{"floor":30,"key":"Block Potion"}],"is_trial":false,"path_per_floor":["M","M","$","M","M","?","R","M","T","M","E","$","E","M","R","B",null,"M","?","?","T","$","R","E","M","T","M","R","E","M","M"],"character_chosen":"THE_SILENT","items_purchased":["Catalyst","Acrobatics","DollysMirror"],"campfire_rested":0,"item_purchase_floors":[12,12,22],"current_hp_per_floor":[70,70,70,70,61,61,61,53,53,52,38,38,34,27,27,21,70,69,69,69,69,69,69,50,45,45,36,36,17,9,0,0],"gold":230,"neow_bonus":"THREE_ENEMY_KILL","is_daily":false,"chose_seed":false,"campfire_upgraded":4,"win_rate":0.0,"timestamp":1613094023,"path_taken":["M","M","?","M","M","?","R","M","T","?","E","?","E","M","R","BOSS","M","?","?","?","$","R","E","M","T","M","R","E","M","M"],"items_purchased_type":["Card","Card","Relic"],"build_version":"2020-12-22","purchased_purges":2,"victory":false,"max_hp_per_floor":[70,70,70,70,70,70,70,70,70,70,70,70,70,70,70,70,70,70,70,70,70,70,70,70,70,70,70,70,80,80,80,80],"card_choices":[{"not_picked":["Poisoned Stab","PiercingWail"],"picked":"Noxious Fumes","floor":1.0},{"not_picked":["Deflect","Infinite Blades"],"picked":"Acrobatics","floor":2.0},{"not_picked":["Escape Plan","Expertise"],"picked":"Infinite Blades","floor":4.0},{"not_picked":["PiercingWail","Backflip"],"picked":"Bouncing Flask","floor":5.0},{"not_picked":["Finisher","Glass Knife","Footwork"],"picked":"SKIP","floor":8.0},{"not_picked":["Dagger Throw","PiercingWail"],"picked":"Backflip","floor":10.0},{"not_picked":["Underhanded Strike","Backflip"],"picked":"Prepared","floor":11.0},{"not_picked":["Cloak And Dagger","Quick Slash","Dash"],"picked":"SKIP","floor":13.0},{"not_picked":["Dodge and Roll","Noxious Fumes"],"picked":"Deadly Poison","floor":14.0},{"not_picked":["Bullet Time","Glass Knife"],"picked":"Corpse Explosion","floor":16.0},{"not_picked":["Slice+1","Acrobatics","Well Laid Plans"],"picked":"SKIP","floor":18.0},{"not_picked":["Slice+1","Acrobatics"],"picked":"Well Laid Plans","floor":18.0},{"not_picked":["Dagger Spray","Blur","Noxious Fumes+1"],"picked":"SKIP","floor":24},{"not_picked":["Well Laid Plans","Quick Slash","Skewer"],"picked":"SKIP","floor":25},{"not_picked":["Slice+1","Deadly Poison+1","Prepared"],"picked":"SKIP","floor":27},{"not_picked":["Leg Sweep","Riddle With Holes","Outmaneuver+1"],"picked":"SKIP","floor":29},{"not_picked":["Choke","Die Die Die","Dagger Spray"],"picked":"SKIP","floor":30}],"player_experience":323911,"relics_obtained":[{"floor":9.0,"key":"Thread and Needle"},{"floor":11.0,"key":"Bottled Tornado"},{"floor":13.0,"key":"Tingsha"},{"floor":21,"key":"Ornamental Fan"},{"floor":24,"key":"Orichalcum"},{"floor":24,"key":"InkBottle"},{"floor":26,"key":"Kunai"},{"floor":29,"key":"Pantograph"},{"floor":29,"key":"Pear"}],"event_choices":[{"damage_healed":0.0,"max_hp_gain":0.0,"max_hp_loss":0.0,"gold_gain":0.0,"event_name":"The Woman in Blue","player_choice":"Bought 0 Potions","floor":6.0,"gold_loss":0.0,"damage_taken":0.0},{"damage_healed":0.0,"max_hp_gain":0.0,"max_hp_loss":0.0,"gold_gain":99.0,"event_name":"Nest","player_choice":"Stole From Cult","floor":19.0,"gold_loss":0.0,"damage_taken":0.0},{"damage_healed":0,"gold_gain":0,"player_choice":"Ignored","damage_taken":0,"max_hp_gain":0,"max_hp_loss":0,"event_name":"The Mausoleum","floor":20,"gold_loss":0}],"is_beta":false,"boss_relics":[{"not_picked":["Runic Dome","Empty Cage"],"picked":"Black Star"}],"items_purged_floors":[3,22],"is_endless":false,"potions_floor_spawned":[1,4,8,13,14,18,29,30],"killed_by":"Shelled Parasite and Fungi","ascension_level":1}}