{"host":"nc31xc38ptxi6d4c","time":1613099332,"event":{"mods":["BaseMod","Curses Come First","Evolution","Minty Spire (QoL Compilation)","StSLib"],"gold_per_floor":[110,124,142,67,86,86,113,113,183,183,133,151,180,180,180,180,180],"floor_reached":16,"language":"ENG","playtime":562,"items_purged":["Strike_R"],"score":121,"play_id":"2e16530c-f044-4fab-b47f-4788260e83d0","local_time":"20210211210852","is_ascension_mode":true,"campfire_choices":[{"floor":6,"key":"REST"},{"data":"Juggernaut","floor":8,"key":"SMITH"},{"floor":15,"key":"REST"}],"circlet_count":0,"master_deck":["Strike_R","Strike_R","Strike_R","Strike_R","Defend_R","Defend_R","Defend_R","Defend_R","Bash","Shrug It Off","Juggernaut+1"],"relics":["Burning Blood","EVO:Axolotl","NeowsBlessing","FossilizedHelix","Singing Bowl","Juzu Bracelet","The Courier"],"acts_visited":["Exordium"],"potions_floor_usage":[5,7],"damage_taken":[{"damage":0,"enemies":"2 Louse","floor":1,"turns":1},{"damage":0,"enemies":"Cultist","floor":2,"turns":1},{"damage":0,"enemies":"Small Slimes","floor":3,"turns":1},{"damage":44,"enemies":"Gremlin Gang","floor":5,"turns":9},{"damage":47,"enemies":"Lagavulin","floor":7,"turns":8},{"damage":15,"enemies":"Exordium Thugs","floor":12,"turns":5},{"damage":16,"enemies":"3 Sentries","floor":13,"turns":9},{"damage":70,"enemies":"Hexaghost","floor":16,"turns":11}],"seed_played":"9090955901431330390","potions_obtained":[{"floor":3,"key":"SkillPotion"},{"floor":5,"key":"BloodPotion"},{"floor":13,"key":"Block Potion"}],"is_trial":false,"path_per_floor":["M","M","M","$","M","R","E","R","T","?","?","M","E","?","R","B"],"character_chosen":"IRONCLAD","items_purchased":[],"campfire_rested":2,"item_purchase_floors":[],"current_hp_per_floor":[80,80,80,80,58,80,39,39,39,59,59,52,44,44,68,0,0],"gold":180,"neow_bonus":"THREE_ENEMY_KILL","is_daily":false,"chose_seed":false,"campfire_upgraded":1,"win_rate":0.0,"timestamp":1613099332,"path_taken":["M","M","M","$","M","R","E","R","T","?","?","M","E","?","R","BOSS"],"items_purchased_type":[],"build_version":"2020-12-22","purchased_purges":1,"victory":false,"max_hp_per_floor":[80,80,80,80,80,80,80,80,80,80,77,79,81,81,81,81,81],"card_choices":[{"not_picked":["Twin Strike","Inflame","Wild Strike"],"picked":"SKIP","floor":1},{"not_picked":["Twin Strike","Inflame","Wild Strike"],"picked":"SKIP","floor":1},{"not_picked":["Wild Strike","Sword Boomerang","Havoc"],"picked":"SKIP","floor":2},{"not_picked":["Rampage","Second Wind"],"picked":"Shrug It Off","floor":3},{"not_picked":["Havoc","Clothesline","Sever Soul"],"picked":"SKIP","floor":5},{"not_picked":["Entrench","Hemokinesis"],"picked":"Juggernaut","floor":7},{"not_picked":["Perfected Strike","Sever Soul","Pommel Strike"],"picked":"Singing Bowl","floor":12},{"not_picked":["Spot Weakness","Berserk","Headbutt"],"picked":"Singing Bowl","floor":13}],"player_experience":146548,"relics_obtained":[{"floor":7,"key":"FossilizedHelix"},{"floor":9,"key":"Singing Bowl"},{"floor":13,"key":"Juzu Bracelet"}],"event_choices":[{"damage_healed":20,"gold_gain":0,"player_choice":"Healed and dodged fight","damage_taken":0,"max_hp_gain":0,"max_hp_loss":0,"event_name":"Mushrooms","floor":10,"gold_loss":0,"cards_obtained":["Parasite"]},{"cards_removed":["Parasite"],"damage_healed":0,"gold_gain":0,"player_choice":"Card Removal","damage_taken":0,"max_hp_gain":0,"max_hp_loss":0,"event_name":"The Cleric","floor":11,"gold_loss":50},{"damage_healed":0,"gold_gain":0,"player_choice":"Gave Potion","damage_taken":0,"relics_obtained":["The Courier"],"max_hp_gain":0,"max_hp_loss":0,"event_name":"WeMeetAgain","floor":14,"gold_loss":0}],"is_beta":false,"boss_relics":[],"items_purged_floors":[4],"is_endless":false,"potions_floor_spawned":[3,5,13],"killed_by":"Hexaghost","ascension_level":2}}