{"host":"4rvakrj1idbgia3f","time":1613088385,"event":{"mods":["BaseMod","Colored Map","Colored Powertips","DeckTracker","Highlight Path","Minty Spire (QoL Compilation)","Random Character Button","StSLib"],"gold_per_floor":[115,40,40,40,52,52,84,94,94,112,139,150,150,170,170,170,170],"floor_reached":16,"language":"JPN","playtime":504,"items_purged":[],"score":224,"play_id":"b59cdc07-d8d7-48a6-8e39-a5920c137c91","local_time":"20210212090625","is_ascension_mode":true,"campfire_choices":[{"data":"Bane","floor":6,"key":"SMITH"},{"floor":13,"key":"REST"},{"data":"Noxious Fumes","floor":15,"key":"SMITH"}],"circlet_count":0,"master_deck":["AscendersBane","Strike_G","Strike_G","Strike_G","Strike_G","Strike_G","Defend_G","Defend_G","Defend_G","Defend_G","Survivor","Neutralize","Bane+1","Flying Knee+1","Dodge and Roll","Poisoned Stab","Poisoned Stab","Blade Dance","Dagger Spray","Noxious Fumes+1"],"relics":["Ring of the Snake","StoneCalendar","WingedGreaves","Shovel"],"acts_visited":["Exordium"],"potions_floor_usage":[7,7,12,16],"damage_taken":[{"damage":0,"enemies":"Jaw Worm","floor":1,"turns":5},{"damage":10,"enemies":"Small Slimes","floor":5,"turns":4},{"damage":15,"enemies":"3 Sentries","floor":7,"turns":9},{"damage":0,"enemies":"2 Louse","floor":8,"turns":4},{"damage":14,"enemies":"Lots of Slimes","floor":10,"turns":6},{"damage":17,"enemies":"Lagavulin","floor":11,"turns":5},{"damage":2,"enemies":"Looter","floor":12,"turns":2},{"damage":8,"enemies":"Large Slime","floor":14,"turns":5},{"damage":17,"enemies":"Slime Boss","floor":16,"turns":4}],"seed_played":"5568125178933663179","potions_obtained":[{"floor":4,"key":"DuplicationPotion"},{"floor":4,"key":"Fire Potion"},{"floor":11,"key":"DistilledChaos"},{"floor":12,"key":"Weak Potion"},{"floor":14,"key":"Weak Potion"}],"is_trial":false,"path_per_floor":["M","?","?","?","M","R","E","M","T","M","E","M","R","M","R","B"],"character_chosen":"THE_SILENT","items_purchased":[],"campfire_rested":1,"item_purchase_floors":[],"current_hp_per_floor":[59,59,59,59,49,49,34,34,34,20,3,1,20,12,12,0,0],"gold":170,"neow_bonus":"THREE_CARDS","is_daily":false,"chose_seed":false,"campfire_upgraded":2,"win_rate":0.0,"timestamp":1613088385,"path_taken":["M","?","?","?","M","R","E","M","T","M","E","M","R","?","R","BOSS"],"items_purchased_type":[],"build_version":"2020-12-22","purchased_purges":0,"victory":false,"max_hp_per_floor":[66,66,66,66,66,66,66,66,66,66,66,66,66,66,66,66,66],"card_choices":[{"not_picked":["Prepared","Backflip"],"picked":"Bane","floor":0},{"not_picked":["Outmaneuver","Acrobatics"],"picked":"Flying Knee","floor":1},{"not_picked":["Backflip","Finisher"],"picked":"Dodge and Roll","floor":5},{"not_picked":["Quick Slash","Dagger Throw"],"picked":"Poisoned Stab","floor":7},{"not_picked":["Flying Knee","Infinite Blades","Skewer"],"picked":"SKIP","floor":8},{"not_picked":["Slice","Venomology"],"picked":"Poisoned Stab","floor":10},{"not_picked":["Eviscerate","Infinite Blades"],"picked":"Blade Dance","floor":11},{"not_picked":["Caltrops","Blade Dance"],"picked":"Dagger Spray","floor":12},{"not_picked":["Crippling Poison","Flying Knee"],"picked":"Noxious Fumes","floor":14}],"player_experience":2306616,"relics_obtained":[{"floor":7,"key":"StoneCalendar"},{"floor":9,"key":"WingedGreaves"},{"floor":11,"key":"Shovel"}],"event_choices":[{"cards_removed":["Defend_G"],"damage_healed":0,"gold_gain":0,"player_choice":"Card Removal","damage_taken":0,"max_hp_gain":0,"max_hp_loss":0,"event_name":"The Cleric","floor":2,"gold_loss":75},{"damage_healed":0,"gold_gain":0,"player_choice":"Grow","damage_taken":0,"max_hp_gain":0,"max_hp_loss":0,"event_name":"Living Wall","floor":3,"gold_loss":0,"cards_upgraded":["Flying Knee"]},{"damage_healed":0,"gold_gain":0,"player_choice":"Got Potions","damage_taken":0,"max_hp_gain":0,"max_hp_loss":0,"event_name":"Lab","floor":4,"gold_loss":0}],"is_beta":false,"boss_relics":[],"items_purged_floors":[],"is_endless":false,"potions_floor_spawned":[11,12,14],"killed_by":"Slime Boss","ascension_level":20}}