{"host":"17xjy7b7ubl548g2","time":1613119871,"event":{"mods":["2.2 Compatiblity","Act Like it!","Aspiration","Astrologer","Bard","BaseMod","Challenge The Spire","ChefMod","Colored Map","Colored Powertips","Conspire","Elementarium","Energized Spire","Gensokyo","GifTheSpireLib","Halation","Hallownest","Hermit","Hubris","Infinite Spire","Jedi Mod","Jorbs\u0027s Wanderer Trilogy","Marisa（霧雨　魔理沙）","Marked Mod","Menagerie","Minty Spire (QoL Compilation)","Permanent Neow","Reliquary","Replay The Spire","Robot Space Explorer","Spicy Shops","Spire Arcade","StSLib","Stuff the Spire","The Blue Laboratory","The Bug Knight","The Construct","The Disciple","The Hayseed","The Hierophant","The Marked","The Runesmith","The Sage","TheFirefly"],"gold_per_floor":[160,160,194,222,252,252,10,10,53,115,163,163,13,13,54,121,179,234],"floor_reached":19,"language":"ENG","playtime":2205,"items_purged":["Strike_G"],"score":660,"play_id":"ec5318fc-311a-4279-afdd-bd9a3c9fd6da","local_time":"20210212035111","daily_mods":["challengethespire:Gold Difficulty","challengethespire:Modded Elite Rush","Uncertain Future"],"is_ascension_mode":true,"campfire_choices":[{"data":"Footwork","floor":2,"key":"SMITH"},{"floor":8,"key":"REST"},{"data":"Neutralize","floor":8,"key":"SMITH"},{"floor":14,"key":"REST"},{"data":"infinitespire:SevenWalls","floor":14,"key":"SMITH"}],"circlet_count":0,"master_deck":["AscendersBane","Strike_G","Strike_G","Strike_G","Strike_G","Defend_G","Defend_G","Defend_G","Defend_G","Defend_G","Survivor","Neutralize+1","Deflect","Deflect","Footwork+1","Endless Agony","Bane","Leg Sweep","Sucker Punch","Dash","Dodge and Roll","Good Instincts","Dagger Spray","Terror","Replay:Poison Smokescreen","hubris:Despair","Wraith Form v2","Flash of Steel","infinitespire:SevenWalls+1","SecondHand","Poisoned Stab","Dagger Throw","Blur","Dagger Spray"],"relics":["Ring of the Snake","Black Star","Sling","PreservedInsect","ClockworkSouvenir","Incense Burner","jedi:rubbersling","reliquary:Aerogel","Replay:Bandana","Nunchaku","energizedSpire:SpiderWeb","infinitespire:Magic Flask","StuffTheSpire:SapphireSignet","hubris:Zylophone","infinitespire:Beetle Shell","reliquary:ExpiredCoupon","conspire:DecoderRing","reliquary:Boomerang","ReplayTheSpireMod:SealedPack","Oddly Smooth Stone","Bag of Preparation","infinitespire:WardingShard","HollowMod:PaleOreRelic","conspire:Dentures","conspire:TopHat","StuffTheSpire:Mouthbags","sagemod:Blowpipe","Pondfish Scales"],"acts_visited":["Exordium"],"potions_floor_usage":[18],"damage_taken":[{"damage":0,"enemies":"Replay:BlueRogue","floor":3,"turns":6},{"damage":0,"enemies":"3 Sentries","floor":4,"turns":8},{"damage":21,"enemies":"HollowMod:MossKnight","floor":5,"turns":10},{"damage":7,"enemies":"Replay:Snechameleon","floor":9,"turns":5},{"damage":0,"enemies":"conspire:Head Lice","floor":10,"turns":7},{"damage":4,"enemies":"HollowMod:Nosk","floor":11,"turns":5},{"damage":2,"enemies":"Nemesis","floor":15,"turns":6},{"damage":0,"enemies":"HollowMod:StalkingDevout","floor":16,"turns":4},{"damage":0,"enemies":"Giant Head","floor":17,"turns":6},{"damage":1,"enemies":"Shield and Spear","floor":18,"turns":6}],"seed_played":"-2574338333933205724","potions_obtained":[{"floor":4,"key":"CultistPotion"},{"floor":5,"key":"blueLaboratory:ExaltedPotion"}],"is_trial":true,"path_per_floor":["$","R","E","E","E","T","$","R","E","E","E","T","$","R","E","E","E","E",null],"character_chosen":"THE_SILENT","items_purchased":["Deflect","Footwork","ClockworkSouvenir","Endless Agony","Bane","infinitespire:Magic Flask","Dagger Spray","Dodge and Roll","Good Instincts","Oddly Smooth Stone"],"campfire_rested":2,"item_purchase_floors":[1,1,1,1,1,7,7,7,7,13],"current_hp_per_floor":[59,59,59,59,38,38,38,57,50,50,48,48,48,66,64,64,64,63],"gold":234,"neow_bonus":"","is_daily":false,"chose_seed":false,"campfire_upgraded":3,"win_rate":0.0,"timestamp":1613119871,"path_taken":["$","R","E","E","E","T","$","R","E","E","E","T","$","R","E","E","E","E"],"items_purchased_type":["Card","Card","Relic","Card","Card","Relic","Card","Card","Card","Relic"],"build_version":"2020-12-22","purchased_purges":1,"victory":true,"max_hp_per_floor":[66,66,66,66,66,66,66,66,66,66,66,66,66,66,66,66,66,66],"card_choices":[{"not_picked":["Storm of Steel","jedi:studyshivs"],"picked":"Wraith Form v2","floor":12},{"not_picked":["conspire:Banana","Trip"],"picked":"Flash of Steel","floor":12},{"not_picked":["infinitespire:NeuralNetwork","infinitespire:Collect"],"picked":"infinitespire:SevenWalls","floor":12},{"not_picked":["bard:Inspire","PatternShift"],"picked":"SecondHand","floor":12}],"player_experience":2150840,"relics_obtained":[{"floor":3,"key":"Incense Burner"},{"floor":4,"key":"jedi:rubbersling"},{"floor":4,"key":"reliquary:Aerogel"},{"floor":5,"key":"Replay:Bandana"},{"floor":5,"key":"Nunchaku"},{"floor":9,"key":"StuffTheSpire:SapphireSignet"},{"floor":9,"key":"hubris:Zylophone"},{"floor":10,"key":"infinitespire:Beetle Shell"},{"floor":10,"key":"reliquary:ExpiredCoupon"},{"floor":11,"key":"conspire:DecoderRing"},{"floor":11,"key":"reliquary:Boomerang"},{"floor":15,"key":"Bag of Preparation"},{"floor":15,"key":"infinitespire:WardingShard"},{"floor":16,"key":"HollowMod:PaleOreRelic"},{"floor":16,"key":"conspire:Dentures"},{"floor":17,"key":"conspire:TopHat"},{"floor":17,"key":"StuffTheSpire:Mouthbags"},{"floor":18,"key":"sagemod:Blowpipe"},{"floor":18,"key":"Pondfish Scales"}],"event_choices":[],"is_beta":false,"boss_relics":[{"not_picked":["Kintsugi","construct:ClawGrip"],"picked":"energizedSpire:SpiderWeb"},{"not_picked":["energizedSpire:StickyHand","halation:Prosthetics"],"picked":"ReplayTheSpireMod:SealedPack"}],"items_purged_floors":[1],"is_endless":false,"potions_floor_spawned":[4,5,11,15,17],"ascension_level":15}}