{"host":"ELF","time":1613172339,"event":{"mods":["BaseMod","Bestiary","Minty Spire (QoL Compilation)","Relic Stats","Slay the Relics Exporter"],"gold_per_floor":[114,114,189,207,207,233,287,306,306,306,320,320,331,331,331,402,402,402,402,58,58,58,58,58],"floor_reached":23,"language":"ENG","playtime":836,"items_purged":["Strike_G"],"score":432,"play_id":"9688d3b4-6a80-429f-82ff-879b5c6862ef","local_time":"20210212172539","is_ascension_mode":true,"campfire_choices":[{"data":"Bouncing Flask","floor":12.0,"key":"SMITH"},{"floor":15.0,"key":"REST"}],"circlet_count":0,"master_deck":["AscendersBane","Strike_G","Strike_G+1","Strike_G","Defend_G","Defend_G","Defend_G","Defend_G","Defend_G","Survivor","Neutralize","Infinite Blades+1","Blade Dance","Blade Dance","Bouncing Flask+1","Slice+1","Predator+1","Burst","Slice+1","Decay"],"relics":["Ring of the Snake","NeowsBlessing","Singing Bowl","Bag of Preparation","Molten Egg 2","Ectoplasm","Medical Kit"],"acts_visited":["Exordium","TheCity"],"potions_floor_usage":[18,23,23,23],"damage_taken":[{"damage":0.0,"enemies":"Small Slimes","floor":1.0,"turns":1.0},{"damage":0.0,"enemies":"Jaw Worm","floor":4.0,"turns":1.0},{"damage":0.0,"enemies":"3 Sentries","floor":6.0,"turns":2.0},{"damage":0.0,"enemies":"2 Louse","floor":8.0,"turns":3.0},{"damage":3.0,"enemies":"Exordium Wildlife","floor":11.0,"turns":4.0},{"damage":6.0,"enemies":"2 Fungi Beasts","floor":13.0,"turns":2.0},{"damage":18.0,"enemies":"Slime Boss","floor":16.0,"turns":8.0},{"damage":4,"enemies":"3 Byrds","floor":18,"turns":3},{"damage":7,"enemies":"Spheric Guardian","floor":19,"turns":4},{"damage":24,"enemies":"Snake Plant","floor":21,"turns":4},{"damage":27,"enemies":"Gremlin Leader","floor":23,"turns":7}],"seed_played":"6184975810738501275","potions_obtained":[{"floor":6.0,"key":"DuplicationPotion"},{"floor":11.0,"key":"Swift Potion"},{"floor":16.0,"key":"LiquidBronze"}],"is_trial":false,"path_per_floor":["M","?","?","M","?","E","T","M","T","?","M","R","M","?","R","B",null,"M","M","$","M","?","E"],"character_chosen":"THE_SILENT","items_purchased":["Medical Kit","EntropicBrew"],"campfire_rested":1,"item_purchase_floors":[20,20],"current_hp_per_floor":[59,39,28,28,33,33,33,33,33,33,30,30,24,17,38,20,58,54,49,49,27,27,0,0],"gold":58,"neow_bonus":"THREE_ENEMY_KILL","is_daily":false,"chose_seed":false,"campfire_upgraded":1,"win_rate":0.0,"timestamp":1613172339,"path_taken":["M","?","?","M","?","E","?","?","T","?","M","R","M","?","R","BOSS","M","M","$","M","?","E"],"items_purchased_type":["Relic","Potion"],"build_version":"2020-12-18","purchased_purges":1,"victory":false,"max_hp_per_floor":[66,66,66,66,71,71,71,71,71,71,71,71,71,71,71,71,71,71,73,73,75,75,75,75],"relic_stats":{"Singing Bowl":4,"counters":[11,39],"Ectoplasm":50,"Bag of Preparation":[16],"Medical Kit":[0],"obtain_stats":[{"NeowsBlessing":0,"Singing Bowl":6,"Molten Egg 2":9,"Ectoplasm":17,"Bag of Preparation":7,"Medical Kit":20,"Ring of the Snake":0},{"NeowsBlessing":0,"Singing Bowl":3,"Molten Egg 2":4,"Ectoplasm":7,"Bag of Preparation":3,"Medical Kit":9,"Ring of the Snake":0},{"NeowsBlessing":0,"Singing Bowl":4,"Molten Egg 2":7,"Ectoplasm":21,"Bag of Preparation":4,"Medical Kit":28,"Ring of the Snake":0}],"Ring of the Snake":[22]},"card_choices":[{"not_picked":["PiercingWail","Choke"],"picked":"Infinite Blades","floor":1.0},{"not_picked":["Prepared","Crippling Poison"],"picked":"Blade Dance","floor":4.0},{"not_picked":["Flying Knee","Poisoned Stab"],"picked":"Blade Dance","floor":6.0},{"not_picked":["Prepared","Poisoned Stab"],"picked":"Bouncing Flask","floor":8.0},{"not_picked":["Well Laid Plans","PiercingWail"],"picked":"Slice+1","floor":11.0},{"not_picked":["Deadly Poison","All Out Attack+1"],"picked":"Predator+1","floor":13.0},{"not_picked":["Die Die Die+1","Bullet Time"],"picked":"Burst","floor":16.0},{"not_picked":["Poisoned Stab+1","Backflip"],"picked":"Slice+1","floor":18},{"not_picked":["Underhanded Strike+1","Outmaneuver","Predator+1"],"picked":"Singing Bowl","floor":19},{"not_picked":["Caltrops","Dodge and Roll","Sucker Punch+1"],"picked":"Singing Bowl","floor":21}],"player_experience":3409221,"relics_obtained":[{"floor":6.0,"key":"Singing Bowl"},{"floor":7.0,"key":"Bag of Preparation"},{"floor":9.0,"key":"Molten Egg 2"}],"event_choices":[{"damage_healed":0.0,"max_hp_gain":0.0,"max_hp_loss":0.0,"gold_gain":0.0,"event_name":"Shining Light","player_choice":"Entered Light","floor":2.0,"gold_loss":0.0,"damage_taken":20.0,"cards_upgraded":["Infinite Blades","Strike_G"]},{"damage_healed":0.0,"max_hp_gain":0.0,"max_hp_loss":0.0,"gold_gain":75.0,"event_name":"World of Goop","player_choice":"Gather Gold","floor":3.0,"gold_loss":0.0,"damage_taken":11.0},{"damage_healed":0.0,"max_hp_gain":5.0,"max_hp_loss":0.0,"gold_gain":0.0,"event_name":"Big Fish","player_choice":"Donut","floor":5.0,"gold_loss":0.0,"damage_taken":0.0},{"damage_healed":0.0,"max_hp_gain":0.0,"max_hp_loss":0.0,"gold_gain":0.0,"event_name":"Liars Game","player_choice":"Ignored","floor":10.0,"gold_loss":0.0,"damage_taken":0.0},{"cards_removed":["Strike_G"],"damage_healed":0.0,"max_hp_gain":0.0,"max_hp_loss":0.0,"gold_gain":0.0,"event_name":"Golden Wing","player_choice":"Card Removal","floor":14.0,"gold_loss":0.0,"damage_taken":7.0},{"damage_healed":0,"gold_gain":0,"player_choice":"Smashed Altar","damage_taken":0,"max_hp_gain":0,"max_hp_loss":0,"event_name":"Forgotten Altar","floor":22,"gold_loss":0,"cards_obtained":["Decay"]}],"is_beta":true,"boss_relics":[{"not_picked":["Runic Pyramid","Tiny House"],"picked":"Ectoplasm"}],"items_purged_floors":[20],"is_endless":false,"potions_floor_spawned":[6,11,16,21],"killed_by":"Gremlin Leader","ascension_level":20}}