{"host":"a81lcl2i2xcd8h5v","time":1613170519,"event":{"mods":["2.2 Compatiblity","BaseMod","Bestiary","Colored Map","Colored Powertips","Curses Come First","Highlight Path","Keyboard Shortcuts","Minty Spire (QoL Compilation)","Relic Stats","StSLib","SuperFastMode"],"gold_per_floor":[115,132,132,132,307,340,360,401,401,439,6,6,29,67,67,188,188,204,229,229,32,55,86,109,34,81,125,125,169,84,84,84,183,183,197,197,212,228,278,308,308,341,341,374,388,417,692,134,134,134],"floor_reached":51,"language":"ENG","playtime":1949,"items_purged":["Doubt","Regret"],"score":1174,"play_id":"9897305a-98ed-469f-8e9d-d31e75d79289","local_time":"20210212205519","is_ascension_mode":true,"campfire_choices":[{"floor":12.0,"key":"REST"},{"data":"Inflame","floor":15.0,"key":"SMITH"},{"data":"Uppercut","floor":32,"key":"SMITH"},{"data":"1","floor":41,"key":"LIFT"},{"data":"2","floor":49,"key":"LIFT"}],"circlet_count":0,"master_deck":["Strike_R","Strike_R","Strike_R","Strike_R","Defend_R","Defend_R","Defend_R","Defend_R","Bash","Headbutt","Inflame+1","Thunderclap","Cleave","Whirlwind","Dramatic Entrance","Uppercut+1","Metallicize","CurseOfTheBell","Flex+1","Rage+1","Sadistic Nature","Clothesline","Disarm+1","Flex+1","Blood for Blood+1","Entrench+1","Twin Strike+1","Demon Form","Armaments+1"],"relics":["Busted Crown","Bloody Idol","FossilizedHelix","Matryoshka","Self Forming Clay","InkBottle","MawBank","PreservedInsect","Toxic Egg 2","Calling Bell","Blood Vial","Kunai","Gambling Chip","Enchiridion","Bag of Marbles","Toy Ornithopter","Strawberry","White Beast Statue","MealTicket","Unceasing Top","Runic Pyramid","Girya","Paper Frog","Regal Pillow","Potion Belt","Red Skull","Happy Flower","Thread and Needle","Vajra"],"acts_visited":["Exordium","TheCity","TheBeyond"],"potions_floor_usage":[33,33,33],"damage_taken":[{"damage":1.0,"enemies":"Cultist","floor":1.0,"turns":3.0},{"damage":7.0,"enemies":"Small Slimes","floor":2.0,"turns":3.0},{"damage":23.0,"enemies":"Gremlin Nob","floor":6.0,"turns":4.0},{"damage":0.0,"enemies":"2 Louse","floor":7.0,"turns":2.0},{"damage":13.0,"enemies":"Lagavulin","floor":8.0,"turns":6.0},{"damage":19.0,"enemies":"Gremlin Nob","floor":10.0,"turns":4.0},{"damage":0.0,"enemies":"Blue Slaver","floor":13.0,"turns":2.0},{"damage":0.0,"enemies":"3 Sentries","floor":14.0,"turns":2.0},{"damage":0.0,"enemies":"Slime Boss","floor":16.0,"turns":7.0},{"damage":14.0,"enemies":"3 Byrds","floor":18.0,"turns":4.0},{"damage":13.0,"enemies":"Shell Parasite","floor":19.0,"turns":4.0},{"damage":0.0,"enemies":"3 Cultists","floor":22.0,"turns":3.0},{"damage":20.0,"enemies":"Slavers","floor":23.0,"turns":2.0},{"damage":4.0,"enemies":"Sentry and Sphere","floor":24.0,"turns":5.0},{"damage":6,"enemies":"Book of Stabbing","floor":27,"turns":3},{"damage":0,"enemies":"Slavers","floor":29,"turns":2},{"damage":0,"enemies":"Collector","floor":33,"turns":8},{"damage":20,"enemies":"Orb Walker","floor":35,"turns":3},{"damage":9,"enemies":"3 Shapes","floor":37,"turns":3},{"damage":11,"enemies":"Maw","floor":38,"turns":6},{"damage":10,"enemies":"2 Orb Walkers","floor":39,"turns":3},{"damage":29,"enemies":"Reptomancer","floor":40,"turns":5},{"damage":6,"enemies":"Nemesis","floor":42,"turns":5},{"damage":0,"enemies":"Reptomancer","floor":44,"turns":2},{"damage":10,"enemies":"Sphere and 2 Shapes","floor":45,"turns":4},{"damage":0,"enemies":"Giant Head","floor":46,"turns":6},{"damage":30,"enemies":"Time Eater","floor":50,"turns":8}],"seed_played":"-6450620116965715675","potions_obtained":[{"floor":6.0,"key":"SteroidPotion"},{"floor":7.0,"key":"DistilledChaos"},{"floor":14.0,"key":"AttackPotion"},{"floor":24.0,"key":"DistilledChaos"},{"floor":29,"key":"CultistPotion"},{"floor":33,"key":"DuplicationPotion"},{"floor":35,"key":"BlessingOfTheForge"},{"floor":37,"key":"ColorlessPotion"},{"floor":44,"key":"ColorlessPotion"},{"floor":45,"key":"BlessingOfTheForge"},{"floor":46,"key":"Ancient Potion"}],"is_trial":false,"path_per_floor":["M","M","?","?","?","E","M","E","T","E","$","R","M","E","R","B",null,"M","M","?","$","M","E","M","?","T","E","?","E","?","?","R","B",null,"M","?","M","M","?","E","R","E","T","E","M","E","?","$","R","B",null],"character_chosen":"IRONCLAD","items_purchased":["PreservedInsect","Cleave","Whirlwind","Dramatic Entrance","Sadistic Nature","Thread and Needle","Vajra"],"campfire_rested":1,"item_purchase_floors":[11,11,11,11,21,48,48],"current_hp_per_floor":[79,72,77,56,56,33,33,20,20,1,1,26,26,26,26,26,85,71,60,44,44,46,28,26,26,33,29,29,31,31,31,31,53,92,77,77,75,71,68,46,46,47,47,54,51,58,63,78,78,50],"gold":134,"neow_bonus":"BOSS_RELIC","is_daily":false,"chose_seed":false,"campfire_upgraded":2,"win_rate":0.0,"timestamp":1613170519,"path_taken":["M","M","?","?","?","E","M","E","T","E","$","R","M","E","R","BOSS","M","M","?","$","M","E","M","?","T","E","?","E","?","?","R","BOSS","M","?","M","M","?","E","R","E","T","E","M","E","?","$","R","BOSS"],"items_purchased_type":["Relic","Card","Card","Card","Card","Relic","Relic"],"build_version":"2020-12-22","purchased_purges":2,"victory":true,"max_hp_per_floor":[80,80,85,85,85,85,85,85,85,85,85,85,85,85,85,85,85,85,85,85,85,85,85,85,85,92,92,92,92,92,92,92,92,92,92,92,92,92,92,92,92,92,92,92,92,92,92,92,92,92],"relic_stats":{"Regal Pillow":0,"Happy Flower":[2],"counters":[27,109],"Self Forming Clay":[114],"PreservedInsect":439,"MawBank":12,"Blood Vial":32,"Busted Crown":54,"Bloody Idol":55,"Gambling Chip":[31],"MealTicket":15,"Kunai":[28],"obtain_stats":[{"Regal Pillow":42,"Enchiridion":20,"Vajra":48,"Burning Blood":0,"Blood Vial":17,"Matryoshka":8,"Gambling Chip":17,"Strawberry":26,"MealTicket":29,"Kunai":17,"Toxic Egg 2":14,"InkBottle":9,"Red Skull":44,"Runic Pyramid":34,"Paper Frog":40,"Potion Belt":43,"Girya":39,"Happy Flower":46,"Golden Idol":4,"Self Forming Clay":9,"Thread and Needle":48,"PreservedInsect":11,"MawBank":10,"White Beast Statue":27,"Calling Bell":17,"Busted Crown":0,"Bloody Idol":31,"Bag of Marbles":23,"FossilizedHelix":6,"Toy Ornithopter":26,"Unceasing Top":30},{"Regal Pillow":23,"Enchiridion":11,"Vajra":26,"Burning Blood":0,"Blood Vial":9,"Matryoshka":5,"Gambling Chip":9,"Strawberry":14,"MealTicket":16,"Kunai":9,"Toxic Egg 2":8,"InkBottle":5,"Red Skull":24,"Runic Pyramid":17,"Paper Frog":22,"Potion Belt":23,"Girya":21,"Happy Flower":26,"Golden Idol":2,"Self Forming Clay":5,"Thread and Needle":26,"PreservedInsect":6,"MawBank":6,"White Beast Statue":15,"Calling Bell":9,"Busted Crown":0,"Bloody Idol":16,"Bag of Marbles":13,"FossilizedHelix":3,"Toy Ornithopter":14,"Unceasing Top":16},{"Regal Pillow":89,"Enchiridion":41,"Vajra":101,"Burning Blood":0,"Blood Vial":33,"Matryoshka":18,"Gambling Chip":33,"Strawberry":51,"MealTicket":56,"Kunai":33,"Toxic Egg 2":26,"InkBottle":18,"Red Skull":91,"Runic Pyramid":64,"Paper Frog":84,"Potion Belt":89,"Girya":79,"Happy Flower":101,"Golden Idol":6,"Self Forming Clay":18,"Thread and Needle":101,"PreservedInsect":22,"MawBank":22,"White Beast Statue":54,"Calling Bell":33,"Busted Crown":0,"Bloody Idol":56,"Bag of Marbles":46,"FossilizedHelix":10,"Toy Ornithopter":51,"Unceasing Top":56}],"InkBottle":[33],"Toy Ornithopter":15,"Unceasing Top":[5]},"card_choices":[{"not_picked":[],"picked":"Headbutt","floor":1.0},{"not_picked":[],"picked":"Inflame","floor":2.0},{"not_picked":["Perfected Strike"],"picked":"SKIP","floor":6.0},{"not_picked":["Perfected Strike"],"picked":"SKIP","floor":7.0},{"not_picked":["Perfected Strike"],"picked":"SKIP","floor":8.0},{"not_picked":[],"picked":"Thunderclap","floor":10.0},{"not_picked":[],"picked":"Uppercut","floor":13.0},{"not_picked":[],"picked":"Metallicize","floor":14.0},{"not_picked":[],"picked":"Flex+1","floor":18.0},{"not_picked":[],"picked":"Rage+1","floor":19.0},{"not_picked":["Thunderclap"],"picked":"SKIP","floor":22.0},{"not_picked":[],"picked":"Clothesline","floor":23.0},{"not_picked":["Cleave"],"picked":"SKIP","floor":24.0},{"not_picked":[],"picked":"Disarm+1","floor":27},{"not_picked":["Sword Boomerang"],"picked":"SKIP","floor":29},{"not_picked":[],"picked":"Flex+1","floor":35},{"not_picked":["Cleave"],"picked":"SKIP","floor":37},{"not_picked":[],"picked":"Blood for Blood+1","floor":38},{"not_picked":[],"picked":"Entrench+1","floor":39},{"not_picked":[],"picked":"Twin Strike+1","floor":40},{"not_picked":[],"picked":"Demon Form","floor":42},{"not_picked":["Pommel Strike"],"picked":"SKIP","floor":44},{"not_picked":[],"picked":"Armaments+1","floor":45},{"not_picked":["Pommel Strike"],"picked":"SKIP","floor":46}],"player_experience":11221,"relics_obtained":[{"floor":6.0,"key":"FossilizedHelix"},{"floor":8.0,"key":"Matryoshka"},{"floor":9.0,"key":"Self Forming Clay"},{"floor":9.0,"key":"InkBottle"},{"floor":10.0,"key":"MawBank"},{"floor":14.0,"key":"Toxic Egg 2"},{"floor":17.0,"key":"Blood Vial"},{"floor":17.0,"key":"Kunai"},{"floor":17.0,"key":"Gambling Chip"},{"floor":20.0,"key":"Enchiridion"},{"floor":23.0,"key":"Bag of Marbles"},{"floor":26.0,"key":"Toy Ornithopter"},{"floor":26.0,"key":"Strawberry"},{"floor":27,"key":"White Beast Statue"},{"floor":29,"key":"MealTicket"},{"floor":39,"key":"Girya"},{"floor":40,"key":"Paper Frog"},{"floor":42,"key":"Regal Pillow"},{"floor":43,"key":"Potion Belt"},{"floor":44,"key":"Red Skull"},{"floor":46,"key":"Happy Flower"}],"event_choices":[{"damage_healed":0.0,"max_hp_gain":5.0,"max_hp_loss":0.0,"gold_gain":0.0,"event_name":"Big Fish","player_choice":"Donut","floor":3.0,"gold_loss":0.0,"damage_taken":0.0},{"damage_healed":0.0,"max_hp_gain":0.0,"max_hp_loss":0.0,"gold_gain":0.0,"event_name":"Golden Idol","player_choice":"Take Damage","floor":4.0,"gold_loss":0.0,"damage_taken":21.0,"relics_obtained":["Golden Idol"]},{"damage_healed":0.0,"max_hp_gain":0.0,"max_hp_loss":0.0,"gold_gain":175.0,"event_name":"Liars Game","player_choice":"AGREE","floor":5.0,"gold_loss":0.0,"damage_taken":0.0,"cards_obtained":["Doubt"]},{"damage_healed":0.0,"max_hp_gain":0.0,"max_hp_loss":0.0,"gold_gain":0.0,"event_name":"Cursed Tome","player_choice":"Obtained Book","floor":20.0,"gold_loss":0.0,"damage_taken":16.0},{"cards_removed":["Strike_R"],"damage_healed":0.0,"max_hp_gain":0.0,"max_hp_loss":0.0,"gold_gain":0.0,"event_name":"Beggar","player_choice":"Gave Gold","floor":25.0,"gold_loss":75.0,"damage_taken":0.0},{"damage_healed":0,"gold_gain":0,"player_choice":"Ignored","damage_taken":0,"max_hp_gain":0,"max_hp_loss":0,"event_name":"Ghosts","floor":28,"gold_loss":0},{"damage_healed":0,"gold_gain":0,"player_choice":"Obtained Relic","damage_taken":0,"relics_obtained":["Unceasing Top"],"max_hp_gain":0,"max_hp_loss":0,"event_name":"Addict","floor":30,"gold_loss":85},{"damage_healed":0,"gold_gain":0,"player_choice":"Gave Idol","damage_taken":0,"relics_obtained":["Bloody Idol"],"max_hp_gain":0,"max_hp_loss":0,"event_name":"Forgotten Altar","floor":31,"relics_lost":["Golden Idol"],"gold_loss":0},{"damage_healed":0,"gold_gain":0,"player_choice":"Ignored","damage_taken":0,"max_hp_gain":0,"max_hp_loss":0,"event_name":"Tomb of Lord Red Mask","floor":36,"gold_loss":0},{"damage_healed":0,"gold_gain":0,"player_choice":"Fight","damage_taken":0,"max_hp_gain":0,"max_hp_loss":0,"event_name":"Mysterious Sphere","floor":39,"gold_loss":0},{"damage_healed":0,"gold_gain":275,"player_choice":"Desecrate","damage_taken":0,"max_hp_gain":0,"max_hp_loss":0,"event_name":"Golden Shrine","floor":47,"gold_loss":0,"cards_obtained":["Regret"]}],"is_beta":false,"boss_relics":[{"not_picked":["Coffee Dripper","Ectoplasm"],"picked":"Calling Bell"},{"not_picked":["Velvet Choker","Runic Cube"],"picked":"Runic Pyramid"}],"items_purged_floors":[11,48],"is_endless":false,"potions_floor_spawned":[6,7,14,18,24,29,33,35,37,38,39,40,42,44,45,46],"ascension_level":1}}