{"host":"Fun","time":1613141912,"event":{"mods":["BaseMod","Colored Map","Minty Spire (QoL Compilation)","Relic Stats","StSLib"],"gold_per_floor":[118,118,93,107,127,127,153,153,153,188,206,217,217,217,217,288,288,303,321,321,99,0,0,0,16,16,16,16],"floor_reached":27,"language":"ENG","playtime":607,"items_purged":["Decay"],"score":409,"play_id":"0d0f4769-885f-441d-b247-2b97804fc4da","local_time":"20210212095832","is_ascension_mode":true,"campfire_choices":[{"data":"Rebound","floor":6,"key":"SMITH"},{"floor":8,"key":"REST"},{"data":"Doom and Gloom","floor":13,"key":"SMITH"},{"data":"Zap","floor":15,"key":"SMITH"},{"floor":23,"key":"REST"}],"circlet_count":0,"master_deck":["AscendersBane","Strike_B","Strike_B","Defend_B","Defend_B","Defend_B","Defend_B","Zap+1","Dualcast","Conserve Battery","Rebound+1","Gash","Darkness","Sweeping Beam","Doom and Gloom+1","Ball Lightning","Gash","Creative AI","Melter","Conserve Battery","Recycle","Barrage","Skim","Melter","Glacier"],"relics":["WarpedTongs","SacredBark","Symbiotic Virus","Blue Candle","Pear","StoneCalendar","Cursed Key"],"acts_visited":["Exordium","TheCity"],"potions_floor_usage":[16,25,27],"damage_taken":[{"damage":1,"enemies":"Cultist","floor":1,"turns":4},{"damage":7,"enemies":"Jaw Worm","floor":4,"turns":4},{"damage":0,"enemies":"2 Louse","floor":5,"turns":3},{"damage":33,"enemies":"Gremlin Nob","floor":7,"turns":4},{"damage":7,"enemies":"Lagavulin","floor":10,"turns":5},{"damage":11,"enemies":"Looter","floor":11,"turns":3},{"damage":6,"enemies":"Blue Slaver","floor":12,"turns":3},{"damage":14,"enemies":"Hexaghost","floor":16,"turns":6},{"damage":37,"enemies":"3 Byrds","floor":18,"turns":5},{"damage":17,"enemies":"Chosen","floor":19,"turns":4},{"damage":31,"enemies":"Shelled Parasite and Fungi","floor":25,"turns":5},{"damage":10,"enemies":"Snecko","floor":27,"turns":3}],"seed_played":"-1412237815276649374","potions_obtained":[{"floor":5,"key":"FocusPotion"},{"floor":10,"key":"DuplicationPotion"},{"floor":18,"key":"Weak Potion"}],"is_trial":false,"path_per_floor":["M","?","$","M","M","R","E","R","T","E","M","M","R","?","R","B",null,"M","M","?","$","?","R","?","M","T","M"],"character_chosen":"DEFECT","items_purchased":["Rebound","Recycle","Barrage"],"campfire_rested":2,"item_purchase_floors":[3,21,21],"current_hp_per_floor":[63,68,68,61,61,61,28,50,50,53,42,36,36,25,25,11,67,30,13,13,13,13,38,38,7,7,0,0],"gold":16,"neow_bonus":"BOSS_RELIC","is_daily":false,"chose_seed":false,"campfire_upgraded":3,"win_rate":0.0,"timestamp":1613141912,"path_taken":["M","?","$","M","M","R","E","R","T","E","M","M","R","?","R","BOSS","M","M","?","$","?","R","?","M","T","M"],"items_purchased_type":["Card","Card","Card"],"build_version":"2020-12-18","purchased_purges":1,"victory":false,"max_hp_per_floor":[71,76,76,76,76,76,76,76,76,86,86,86,86,86,86,86,86,86,86,86,86,86,86,86,86,86,86,86],"relic_stats":{"counters":[12,49],"Blue Candle":[0],"StoneCalendar":[0],"Cursed Key":0,"obtain_stats":[{"Pear":10,"SacredBark":0,"Blue Candle":9,"StoneCalendar":14,"Cracked Core":0,"Symbiotic Virus":7,"Cursed Key":17,"WarpedTongs":0},{"Pear":5,"SacredBark":0,"Blue Candle":4,"StoneCalendar":7,"Cracked Core":0,"Symbiotic Virus":4,"Cursed Key":8,"WarpedTongs":0},{"Pear":20,"SacredBark":0,"Blue Candle":15,"StoneCalendar":26,"Cracked Core":0,"Symbiotic Virus":15,"Cursed Key":32,"WarpedTongs":0}],"WarpedTongs":[49]},"card_choices":[{"not_picked":["Redo","Turbo"],"picked":"Conserve Battery","floor":1},{"not_picked":["Go for the Eyes","Recycle"],"picked":"Gash","floor":4},{"not_picked":["FTL","Beam Cell"],"picked":"Darkness","floor":5},{"not_picked":["Go for the Eyes","Conserve Battery"],"picked":"Sweeping Beam","floor":7},{"not_picked":["Redo","Amplify"],"picked":"Doom and Gloom","floor":10},{"not_picked":["Turbo","Cold Snap"],"picked":"Ball Lightning","floor":11},{"not_picked":["Capacitor","Turbo"],"picked":"Gash","floor":12},{"not_picked":["Hyperbeam","Amplify"],"picked":"Creative AI","floor":16},{"not_picked":["Compile Driver","Go for the Eyes"],"picked":"Melter","floor":18},{"not_picked":["Doom and Gloom","Stack"],"picked":"Conserve Battery","floor":19},{"not_picked":["Barrage","Force Field+1"],"picked":"Glacier","floor":25}],"player_experience":177525,"relics_obtained":[{"floor":7,"key":"Symbiotic Virus"},{"floor":9,"key":"Blue Candle"},{"floor":10,"key":"Pear"}],"event_choices":[{"damage_healed":0,"gold_gain":0,"player_choice":"Donut","damage_taken":0,"max_hp_gain":5,"max_hp_loss":0,"event_name":"Big Fish","floor":2,"gold_loss":0},{"damage_healed":0,"gold_gain":0,"player_choice":"Success","damage_taken":11,"relics_obtained":["StoneCalendar"],"max_hp_gain":0,"max_hp_loss":0,"event_name":"Scrap Ooze","floor":14,"gold_loss":0},{"damage_healed":0,"gold_gain":0,"player_choice":"Smashed Altar","damage_taken":0,"max_hp_gain":0,"max_hp_loss":0,"event_name":"Forgotten Altar","floor":20,"gold_loss":0,"cards_obtained":["Decay"]},{"damage_healed":0,"gold_gain":0,"player_choice":"Paid Fearfully","damage_taken":0,"max_hp_gain":0,"max_hp_loss":0,"event_name":"Masked Bandits","floor":22,"gold_loss":99},{"damage_healed":0,"gold_gain":0,"cards_transformed":["Strike_B","Strike_B"],"player_choice":"Became Test Subject","damage_taken":0,"max_hp_gain":0,"max_hp_loss":0,"event_name":"Drug Dealer","floor":24,"gold_loss":0,"cards_obtained":["Skim","Melter"]}],"is_beta":true,"boss_relics":[{"not_picked":["Busted Crown","Runic Pyramid"],"picked":"Cursed Key"}],"items_purged_floors":[21],"is_endless":false,"potions_floor_spawned":[5,10,11,18],"killed_by":"Snecko","ascension_level":17}}