{"host":"g5ocrzbvbwpvypv7","time":1613113742,"event":{"mods":["AchievementEnabler","BaseMod","Colored Map","Custom Start","DeckTracker","KOR Keyword Fix","Minty Spire (QoL Compilation)","Rare Cards Sparkle","StSLib","SuperFastMode","everything is the same but u backflip on backflip"],"gold_per_floor":[110,126,144,160,180,180,180,209,260,290,304,304,324,342,342,342,342],"floor_reached":16,"language":"KOR","playtime":860,"items_purged":[],"score":216,"play_id":"be7d51b5-8bf7-47ec-adaa-d27809aca44d","local_time":"20210212160902","is_ascension_mode":true,"campfire_choices":[{"floor":6,"key":"REST"},{"data":"Blade Dance","floor":15,"key":"SMITH"}],"circlet_count":0,"master_deck":["Strike_G","Strike_G","Strike_G","Strike_G","Strike_G","Defend_G","Defend_G","Defend_G","Defend_G","Defend_G","Survivor","Neutralize","Infinite Blades","Blade Dance+1","Dagger Spray","Leg Sweep","Acrobatics","Wraith Form v2","Blade Dance","Cloak And Dagger"],"relics":["Ring of the Snake","The Specimen","Juzu Bracelet","Boot","The Courier"],"acts_visited":[],"potions_floor_usage":[8,16,16],"damage_taken":[{"damage":8,"enemies":"Cultist","floor":1,"turns":5},{"damage":0,"enemies":"Small Slimes","floor":2,"turns":4},{"damage":2,"enemies":"2 Louse","floor":3,"turns":3},{"damage":9,"enemies":"Red Slaver","floor":4,"turns":3},{"damage":6,"enemies":"3 Louse","floor":5,"turns":2},{"damage":10,"enemies":"3 Sentries","floor":8,"turns":7},{"damage":9,"enemies":"Lagavulin","floor":10,"turns":10},{"damage":3,"enemies":"Looter","floor":11,"turns":3},{"damage":2,"enemies":"Blue Slaver","floor":13,"turns":5},{"damage":0,"enemies":"Red Slaver","floor":14,"turns":3},{"damage":33,"enemies":"The Guardian","floor":16,"turns":16}],"seed_played":"7571789151493244621","potions_obtained":[{"floor":5,"key":"Fire Potion"},{"floor":8,"key":"Dexterity Potion"},{"floor":10,"key":"Regen Potion"},{"floor":12,"key":"BlessingOfTheForge"},{"floor":12,"key":"SteroidPotion"},{"floor":13,"key":"Weak Potion"}],"is_trial":false,"path_per_floor":["M","M","M","M","M","R","?","E","T","E","M","?","M","M","R","B"],"character_chosen":"THE_SILENT","items_purchased":[],"campfire_rested":1,"item_purchase_floors":[],"current_hp_per_floor":[37,37,35,26,20,41,41,31,31,22,19,19,17,17,17,0,0],"gold":342,"neow_bonus":"ONE_RARE_RELIC","is_daily":false,"chose_seed":false,"campfire_upgraded":1,"win_rate":0.0,"timestamp":1613113742,"path_taken":["M","M","M","M","?","R","?","E","T","E","M","?","M","M","R","BOSS"],"items_purchased_type":[],"build_version":"2020-12-22","purchased_purges":0,"victory":false,"max_hp_per_floor":[70,70,70,70,70,70,70,70,70,70,70,70,70,70,70,70,70],"card_choices":[{"not_picked":["Outmaneuver","Flying Knee","Dodge and Roll"],"picked":"SKIP","floor":1},{"not_picked":["Poisoned Stab","PiercingWail"],"picked":"Infinite Blades","floor":2},{"not_picked":["Night Terror","Well Laid Plans"],"picked":"Blade Dance","floor":3},{"not_picked":["Underhanded Strike","Outmaneuver"],"picked":"Dagger Spray","floor":4},{"not_picked":["Setup","Dagger Throw"],"picked":"Leg Sweep","floor":5},{"not_picked":["Deadly Poison","Dagger Spray","Leg Sweep"],"picked":"SKIP","floor":8},{"not_picked":["Dodge and Roll","Endless Agony"],"picked":"Acrobatics","floor":10},{"not_picked":["Choke","Quick Slash"],"picked":"Wraith Form v2","floor":11},{"not_picked":["Sucker Punch","Dodge and Roll"],"picked":"Blade Dance","floor":13},{"not_picked":["Sucker Punch","Bouncing Flask"],"picked":"Cloak And Dagger","floor":14}],"player_experience":351646,"relics_obtained":[{"floor":8,"key":"Juzu Bracelet"},{"floor":9,"key":"Boot"},{"floor":10,"key":"The Courier"}],"event_choices":[{"damage_healed":0,"gold_gain":0,"player_choice":"Ignored","damage_taken":0,"max_hp_gain":0,"max_hp_loss":0,"event_name":"Liars Game","floor":7,"gold_loss":0},{"damage_healed":0,"gold_gain":0,"player_choice":"Got Potions","damage_taken":0,"max_hp_gain":0,"max_hp_loss":0,"event_name":"Lab","floor":12,"gold_loss":0}],"is_beta":false,"boss_relics":[],"items_purged_floors":[],"is_endless":false,"potions_floor_spawned":[5,8,10,13,14],"killed_by":"The Guardian","ascension_level":6}}