{"host":"lwys0gbp6t40j7jh","time":1613155131,"event":{"mods":["Act Like it!","BaseMod","CapriCore","Elementarium","Friendly Minions","Gensokyo","GifTheSpireLib","Hallownest","Minty Spire (QoL Compilation)","StSLib","SuperFastMode","The Bug Knight"],"gold_per_floor":[211,224,97,107,107,107,138,138,138,138,156,171,196,211,211,211,211],"floor_reached":16,"language":"ENG","playtime":511,"items_purged":["HollowMod:NailStrikeStart"],"score":158,"play_id":"50b86deb-25e2-4046-9a1f-494e1937cf09","local_time":"20210212193851","is_ascension_mode":true,"campfire_choices":[{"data":"HollowMod:GreatSlash","floor":6,"key":"SMITH"},{"floor":8,"key":"REST"},{"data":"HollowMod:HornetsHelp","floor":10,"key":"SMITH"},{"floor":15,"key":"REST"}],"circlet_count":0,"master_deck":["AscendersBane","HollowMod:NailStrikeStart","HollowMod:NailStrikeStart","HollowMod:NailStrikeStart","HollowMod:QuickDashStart","HollowMod:QuickDashStart","HollowMod:QuickDashStart","HollowMod:QuickDashStart","HollowMod:FocusHealStart","HollowMod:PogoStrike","HollowMod:SoulStrike","HollowMod:CloakDash","HollowMod:GreatSlash+1","HollowMod:HornetsHelp+1","HollowMod:MantisMark"],"relics":["HollowMod:VesselMask","Hallownest:DreamNailRelic","Vajra","Singing Bowl","Molten Egg 2"],"acts_visited":["Hallownest:Greenpath"],"potions_floor_usage":[16,16],"damage_taken":[{"damage":0,"enemies":"Hallownest:monsterHuskWarrior","floor":1,"turns":5},{"damage":8,"enemies":"Hallownest:monsterHuskGuard","floor":2,"turns":6},{"damage":0,"enemies":"Hallownest:2_Baldur","floor":4,"turns":4},{"damage":48,"enemies":"Hallownest:eliteMossKnight","floor":7,"turns":9},{"damage":11,"enemies":"Hallownest:1_Ooma_and_2_Uuma","floor":11,"turns":4},{"damage":0,"enemies":"Hallownest:monsterFoolEater","floor":12,"turns":4},{"damage":27,"enemies":"Hallownest:eliteCrystalGuardian","floor":13,"turns":6},{"damage":0,"enemies":"Hallownest:monsterAspidMother","floor":14,"turns":3},{"damage":91,"enemies":"Hallownest:BossHornet","floor":16,"turns":14}],"seed_played":"7183176161171077766","potions_obtained":[{"floor":1,"key":"Ancient Potion"},{"floor":13,"key":"FairyPotion"},{"floor":14,"key":"ColorlessPotion"}],"is_trial":false,"path_per_floor":["M","M","$","M","?","R","E","R","T","R","M","M","E","M","R","B"],"character_chosen":"THE_BUGKNIGHT","items_purchased":["HollowMod:CloakDash"],"campfire_rested":2,"item_purchase_floors":[3],"current_hp_per_floor":[75,73,73,75,75,75,37,59,59,59,50,50,31,33,57,0,0],"gold":211,"neow_bonus":"HUNDRED_GOLD","is_daily":false,"chose_seed":false,"campfire_upgraded":2,"win_rate":0.0,"timestamp":1613155131,"path_taken":["M","M","$","M","?","R","E","R","T","R","?","M","E","M","R","BOSS"],"items_purchased_type":["Card"],"build_version":"2020-12-22","purchased_purges":1,"victory":false,"max_hp_per_floor":[75,75,75,75,75,75,75,75,75,75,77,77,79,81,81,81,81],"card_choices":[{"not_picked":["HollowMod:SoulEater","HollowMod:NewLittleFool"],"picked":"HollowMod:SoulStrike","floor":1},{"not_picked":["HollowMod:CornifersMapStart","HollowMod:ChannelNail","HollowMod:ShadowDash"],"picked":"SKIP","floor":2},{"not_picked":["HollowMod:WraithStrike","HollowMod:CornifersMapStart"],"picked":"HollowMod:GreatSlash","floor":4},{"not_picked":["HollowMod:CloakDash","HollowMod:DoubleDash"],"picked":"HollowMod:HornetsHelp","floor":7},{"not_picked":["HollowMod:SoulStrike","HollowMod:WraithStrike","HollowMod:AbyssShriek"],"picked":"Singing Bowl","floor":11},{"not_picked":["HollowMod:CloakDash","HollowMod:Grubsong"],"picked":"HollowMod:MantisMark","floor":12},{"not_picked":["HollowMod:DescendingDark+1","HollowMod:NewJinnsSoul","HollowMod:SharpenedShadows"],"picked":"Singing Bowl","floor":13},{"not_picked":["HollowMod:SiblingsSouls","HollowMod:VengefulVoid+1","HollowMod:CornifersMapStart"],"picked":"Singing Bowl","floor":14}],"player_experience":1308847,"relics_obtained":[{"floor":7,"key":"Vajra"},{"floor":9,"key":"Singing Bowl"},{"floor":13,"key":"Molten Egg 2"}],"event_choices":[],"is_beta":false,"boss_relics":[],"items_purged_floors":[3],"is_endless":false,"potions_floor_spawned":[1,13,14],"killed_by":"Hallownest:BossHornet","ascension_level":10}}