{"host":"dth8fvkfiulu86fi","time":1613132915,"event":{"mods":["2.2 Compatiblity","AchievementEnabler","BaseMod","Better Third Choice","Colored Map","Colored Powertips","Minty Spire (QoL Compilation)","Rare Cards Sparkle","StSLib","SuperFastMode","Synergy Search"],"gold_per_floor":[114,114,129,76,76,76,23,53,128,30,30,45,60,75,75,175,175,190,205,205,205],"floor_reached":20,"language":"ENG","playtime":910,"items_purged":[],"score":174,"play_id":"5be743c9-9ce3-4ee6-a179-62d497231a71","local_time":"20210212132835","daily_mods":["Chimera","Purple Cards","DeadlyEvents"],"is_ascension_mode":false,"campfire_choices":[{"floor":6,"key":"REST"},{"floor":11,"key":"REST"},{"floor":15,"key":"REST"}],"circlet_count":0,"master_deck":["Survivor","Eruption","Strike_R","Strike_G","Strike_B","Defend_R","Defend_G","Defend_P","Dark Shackles","Bane","Backflip","Slice","FlurryOfBlows","Deflect","Flash of Steel","Backflip","After Image"],"relics":["Ring of the Snake","Unceasing Top","Sundial","Empty Cage"],"acts_visited":["Exordium","TheCity"],"potions_floor_usage":[8,16,20],"damage_taken":[{"damage":22,"enemies":"Small Slimes","floor":1,"turns":4},{"damage":9,"enemies":"Cultist","floor":3,"turns":4},{"damage":42,"enemies":"Lagavulin","floor":8,"turns":4},{"damage":0,"enemies":"2 Louse","floor":12,"turns":2},{"damage":12,"enemies":"Exordium Wildlife","floor":13,"turns":2},{"damage":0,"enemies":"3 Louse","floor":14,"turns":3},{"damage":28,"enemies":"Hexaghost","floor":16,"turns":9},{"damage":20,"enemies":"Shell Parasite","floor":18,"turns":5},{"damage":18,"enemies":"Chosen","floor":19,"turns":5},{"damage":35,"enemies":"Centurion and Healer","floor":20,"turns":7}],"seed_played":"-8399458303924539785","potions_obtained":[{"floor":3,"key":"EssenceOfSteel"},{"floor":14,"key":"Energy Potion"},{"floor":16,"key":"Poison Potion"}],"is_trial":false,"path_per_floor":["M","?","M","$","$","R","$","E","T","$","R","M","M","M","R","B",null,"M","M","M"],"character_chosen":"THE_SILENT","items_purchased":["Slice","FlurryOfBlows","Flash of Steel"],"campfire_rested":3,"item_purchase_floors":[4,7,10],"current_hp_per_floor":[48,48,39,39,39,60,60,18,18,18,39,39,27,27,48,20,70,50,32,0,0],"gold":205,"neow_bonus":"","is_daily":true,"chose_seed":false,"campfire_upgraded":0,"win_rate":0.0,"timestamp":1613132915,"path_taken":["M","?","M","?","$","R","$","E","T","$","R","M","M","M","R","BOSS","M","M","M"],"items_purchased_type":["Card","Card","Card"],"build_version":"2020-12-22","purchased_purges":0,"victory":false,"max_hp_per_floor":[70,70,70,70,70,70,70,70,70,70,70,70,70,70,70,70,70,70,70,70,70],"card_choices":[{"not_picked":["PiercingWail","Outmaneuver","Quick Slash"],"picked":"SKIP","floor":1},{"not_picked":["CutThroughFate","WindmillStrike"],"picked":"Backflip","floor":3},{"not_picked":["ThirdEye","JustLucky"],"picked":"Deflect","floor":8},{"not_picked":["Acrobatics","Halt","PathToVictory"],"picked":"SKIP","floor":12},{"not_picked":["Leg Sweep","CrushJoints","Vengeance"],"picked":"SKIP","floor":13},{"not_picked":["BattleHymn","Pray"],"picked":"Backflip","floor":14},{"not_picked":["ConjureBlade","Brilliance"],"picked":"After Image","floor":16},{"not_picked":["Underhanded Strike","Distraction","CrushJoints"],"picked":"SKIP","floor":18},{"not_picked":["ReachHeaven","Quick Slash","EmptyMind"],"picked":"SKIP","floor":19}],"player_experience":1177230,"relics_obtained":[{"floor":8,"key":"Unceasing Top"},{"floor":9,"key":"Sundial"}],"event_choices":[{"damage_healed":0,"gold_gain":0,"player_choice":"2 cards matched","damage_taken":0,"max_hp_gain":0,"max_hp_loss":0,"event_name":"Match and Keep!","floor":2,"gold_loss":0,"cards_obtained":["Dark Shackles","Bane"]}],"is_beta":false,"boss_relics":[{"not_picked":["Philosopher\u0027s Stone","Black Star"],"picked":"Empty Cage"}],"items_purged_floors":[],"is_endless":false,"potions_floor_spawned":[3,14,16],"killed_by":"Centurion and Healer","ascension_level":0}}