{"host":"fnndj664xgd3vavt","time":1613091391,"event":{"mods":["AchievementEnabler","BaseMod","Colored Powertips","DeckTracker","Downfall","Highlight Path","Infinite Spire","Marisa????????","Minty Spire (QoL Compilation)","Quick Restart","Random Character Button","Replay The Spire","StSLib","The Servant 0.9.4"],"gold_per_floor":[99,99,163,163,163,173,198,198,231,231,266,277,310,410,421,520,520,420,437,437,437,437,228,228,128,145,145,161,161,174,189,207,207,207,207],"floor_reached":33,"language":"ENG","playtime":1671,"items_purged":["Slimebound:Tackle"],"score":338,"play_id":"071a18b2-b8e8-419f-ad82-7771ca064032","local_time":"20210211195631","is_ascension_mode":false,"campfire_choices":[{"data":"Slimebound:Split","floor":1.0,"key":"SMITH"},{"data":"Slimebound:MegaLick","floor":8.0,"key":"SMITH"},{"data":"Slimebound:MassRepurpose","floor":10.0,"key":"SMITH"},{"data":"Slimebound:WasteNot","floor":18.0,"key":"SMITH"},{"floor":29.0,"key":"DIG"}],"circlet_count":0,"master_deck":["Slimebound:Strike_Slimebound+1","Slimebound:Strike_Slimebound","Slimebound:Strike_Slimebound+1","Slimebound:Defend_Slimebound","Slimebound:Defend_Slimebound","Slimebound:Defend_Slimebound","Slimebound:Split+1","Slimebound:CorrosiveSpit","Slimebound:SamplingLick","Slimebound:MegaLick+1","Slimebound:ItLooksTasty","Slimebound:SlimeSpikes","Slimebound:MassRepurpose+1","Slimebound:SplitAcid","Slimebound:SlimeSpikes","Slimebound:SplitAcid","Slimebound:HauntingLick","Slimebound:WasteNot+1","Slimebound:Schlurp+1","CurseOfTheBell","Slimebound:SplitAcid+1","Slimebound:Teamwork","Slimebound:LeechingTouch+1","Slimebound:WasteNot","Slimebound:RejuvenatingLick+1","Slimebound:LeadByExample"],"relics":["Slimebound:AbsorbEndCombat","downfall:HeartsMalice","Bag of Marbles","Pet Ghost","White Beast Statue","bronze:MakeshiftBattery","downfall:HeartBlessingGreen","Chemical X","Calling Bell","Smiling Mask","Pantograph","Replay:Multitool","downfall:RedIOU","downfall:HeartBlessingBlue","Divine Protection"],"acts_visited":["Exordium","TheCity"],"potions_floor_usage":[33,33],"damage_taken":[{"damage":0.0,"enemies":"Small Slimes","floor":2.0,"turns":1.0},{"damage":0.0,"enemies":"3 Sentries","floor":3.0,"turns":1.0},{"damage":0.0,"enemies":"2 Louse","floor":5.0,"turns":1.0},{"damage":0.0,"enemies":"Cultist","floor":6.0,"turns":2.0},{"damage":20.0,"enemies":"Lagavulin","floor":9.0,"turns":5.0},{"damage":11.0,"enemies":"3 Sentries","floor":11.0,"turns":6.0},{"damage":0.0,"enemies":"3 Louse","floor":12.0,"turns":2.0},{"damage":26.0,"enemies":"Gremlin Nob","floor":13.0,"turns":4.0},{"damage":2.0,"enemies":"Exordium Wildlife","floor":15.0,"turns":3.0},{"damage":0.0,"enemies":"IC_STATUS_ARCHETYPE","floor":16.0,"turns":6.0},{"damage":0.0,"enemies":"Chosen","floor":19.0,"turns":4.0},{"damage":0.0,"enemies":"downfall:FleeingMerchant","floor":23.0,"turns":4.0},{"damage":12.0,"enemies":"Snake Plant","floor":26.0,"turns":4.0},{"damage":0.0,"enemies":"Cultist and Chosen","floor":28.0,"turns":5.0},{"damage":7.0,"enemies":"Snecko","floor":30.0,"turns":7.0},{"damage":4.0,"enemies":"Centurion and Healer","floor":31.0,"turns":4.0},{"damage":0.0,"enemies":"Cultist and Chosen","floor":32.0,"turns":3.0},{"damage":96,"enemies":"SI_MIRROR_ARCHETYPE","floor":33,"turns":12}],"seed_played":"6601025677257636862","potions_obtained":[{"floor":3.0,"key":"AttackPotion"},{"floor":6.0,"key":"Guardian:BlockOnCardUsePotion"},{"floor":11.0,"key":"hexamod:SoulburnPotion"},{"floor":19.0,"key":"ColorlessPotion"},{"floor":31.0,"key":"LiquidBronze"}],"is_trial":false,"path_per_floor":["R","M","?","?","M","M","T","R","E","R","E","M","E","?","M","B",null,"R","M","?","AVR","?","$","T","R","M","?","M","R","M","M","M","B"],"character_chosen":"SLIMEBOUND","items_purchased":["Slimebound:Teamwork"],"campfire_rested":0,"item_purchase_floors":[23],"current_hp_per_floor":[65,65,65,65,65,65,65,65,47,47,51,57,37,37,35,43,72,72,72,72,72,72,72,72,82,72,72,76,76,73,77,82,0,0,0],"gold":207,"neow_bonus":"THREE_ENEMY_KILL","is_daily":false,"chose_seed":false,"campfire_upgraded":4,"win_rate":0.0,"timestamp":1613091391,"path_taken":["R","M","?","?","?","M","T","R","E","R","E","M","E","?","M","BOSS","R","M","?","AVR","?","?","T","R","?","?","M","R","M","M","M","BOSS"],"items_purchased_type":["Card"],"build_version":"2020-12-22","purchased_purges":1,"victory":false,"max_hp_per_floor":[65,65,65,65,65,65,65,65,65,65,72,72,72,72,72,72,72,72,72,72,72,72,72,72,82,82,82,82,82,82,82,82,82,82,82],"card_choices":[{"not_picked":["Slimebound:TongueLash","Slimebound:GoopTackle"],"picked":"Slimebound:SamplingLick","floor":2.0},{"not_picked":["Slimebound:SamplingLick","Slimebound:HauntingLick"],"picked":"Slimebound:MegaLick","floor":3.0},{"not_picked":["Slimebound:ComboTackle","Slimebound:SlimeSlap"],"picked":"Slimebound:ItLooksTasty","floor":5.0},{"not_picked":["Slimebound:RejuvenatingLick","Slimebound:HauntingLick"],"picked":"Slimebound:SlimeSpikes","floor":6.0},{"not_picked":["Slimebound:SplitBruiser","Slimebound:SlimeSpikes"],"picked":"Slimebound:MassRepurpose","floor":9.0},{"not_picked":["Slimebound:ViciousTackle","Slimebound:Recollect"],"picked":"Slimebound:SplitAcid","floor":11.0},{"not_picked":["Slimebound:LivingWall","Slimebound:GoopTackle"],"picked":"Slimebound:SlimeSpikes","floor":12.0},{"not_picked":["Slimebound:SamplingLick","Slimebound:HungryTackle"],"picked":"Slimebound:SplitAcid","floor":13.0},{"not_picked":["Slimebound:Prepare","Slimebound:GoopTackle"],"picked":"Slimebound:HauntingLick","floor":15.0},{"not_picked":["Slimebound:Darklings","Slimebound:RallyTheTroops"],"picked":"Slimebound:WasteNot","floor":16.0},{"not_picked":["Slimebound:SamplingLick","Slimebound:Nibble+1"],"picked":"Slimebound:Schlurp+1","floor":19.0},{"not_picked":["Slimebound:Prepare","Slimebound:SlimeSlap"],"picked":"Slimebound:SplitAcid+1","floor":23.0},{"not_picked":["Slimebound:LivingWall+1","Slimebound:SplitMire"],"picked":"Slimebound:LeechingTouch+1","floor":26.0},{"not_picked":["Slimebound:Grow+1","Slimebound:FormOfPuddle","Slimebound:SplitLeeching"],"picked":"SKIP","floor":28.0},{"not_picked":["Slimebound:BestDefense","Slimebound:RollThrough+1"],"picked":"Slimebound:RejuvenatingLick+1","floor":30.0},{"not_picked":["Slimebound:AcidTongue","Slimebound:Equalize+1","Slimebound:LeechEnergy"],"picked":"SKIP","floor":31.0},{"not_picked":["Slimebound:SamplingLick","Slimebound:HungryTackle+1"],"picked":"Slimebound:LeadByExample","floor":32}],"player_experience":295495,"relics_obtained":[{"floor":7.0,"key":"Pet Ghost"},{"floor":9.0,"key":"White Beast Statue"},{"floor":11.0,"key":"Strawberry"},{"floor":13.0,"key":"Whetstone"},{"floor":21.0,"key":"Smiling Mask"},{"floor":21.0,"key":"Pantograph"},{"floor":21.0,"key":"Replay:Multitool"},{"floor":29.0,"key":"Divine Protection"}],"event_choices":[{"cards_removed":["Slimebound:Defend_Slimebound"],"damage_healed":0.0,"max_hp_gain":0.0,"max_hp_loss":0.0,"gold_gain":0.0,"event_name":"Bonfire Elementals","player_choice":"Offered Basic","floor":4.0,"gold_loss":0.0,"damage_taken":0.0},{"damage_healed":0.0,"max_hp_gain":0.0,"max_hp_loss":0.0,"gold_gain":0.0,"event_name":"Ghosts","player_choice":"Ignored","floor":20.0,"gold_loss":0.0,"damage_taken":0.0}],"is_beta":false,"boss_relics":[{"not_picked":["Snecko Eye","Kintsugi"],"picked":"bronze:MakeshiftBattery"}],"items_purged_floors":[23],"is_endless":false,"potions_floor_spawned":[3,6,11,12,13,15,16,19,23,26,28,30,31,32],"killed_by":"SI_MIRROR_ARCHETYPE","ascension_level":0}}