{"host":"y0i0tbisecj7yjyn","time":1613116184,"event":{"mods":["AchievementEnabler","AlwaysNeverKeys","BaseMod","BetterRewards","Colored Map","Colored Powertips","Curses Come First","Disable Question Mark Monsters","Displayed Cursed Tome","Highlight Path","Keyboard Shortcuts","Minty Spire (QoL Compilation)","Quick Restart","Random Character Button","Rare Cards Sparkle","StSLib","SuperFastMode","Transform Curses","Weighted Paths"],"gold_per_floor":[119,194,210,210,58,93,106,106,106,140,152,152,177,177,177,273,273,293,293,306,322,341,375,375,406,454,454,454,544,568,581,581,581,581],"floor_reached":33,"language":"ENG","playtime":2317,"items_purged":[],"score":361,"play_id":"bedf8871-9926-4ee9-8aa9-48725ef7de48","local_time":"20210212014944","is_ascension_mode":true,"campfire_choices":[{"data":"Infernal Blade","floor":15.0,"key":"SMITH"},{"data":"True Grit","floor":24.0,"key":"SMITH"},{"floor":32.0,"key":"REST"}],"circlet_count":0,"master_deck":["Strike_R","Strike_R","Strike_R","Strike_R","Defend_R","Defend_R","Defend_R","Defend_R","Bash","Shockwave","Clothesline","True Grit+1","Flame Barrier","Iron Wave","Impervious","Infernal Blade+1","Rampage","Juggernaut","Sentinel+1","Headbutt+1","Perfected Strike","Barricade","Sentinel","Writhe"],"relics":["Black Blood","NeowsBlessing","Frozen Eye","Thread and Needle","Juzu Bracelet","Dead Branch","CaptainsWheel","Shuriken","Pear","Enchiridion","Boot","Blue Candle","Tiny Chest","Orichalcum","Gambling Chip","Anchor"],"acts_visited":["Exordium","TheCity"],"potions_floor_usage":[33],"damage_taken":[{"damage":0.0,"enemies":"Jaw Worm","floor":1.0,"turns":1.0},{"damage":0.0,"enemies":"Small Slimes","floor":3.0,"turns":1.0},{"damage":0.0,"enemies":"Gremlin Nob","floor":6.0,"turns":1.0},{"damage":2.0,"enemies":"2 Louse","floor":7.0,"turns":3.0},{"damage":11.0,"enemies":"Lagavulin","floor":10.0,"turns":6.0},{"damage":10.0,"enemies":"Large Slime","floor":11.0,"turns":7.0},{"damage":6.0,"enemies":"Gremlin Nob","floor":13.0,"turns":5.0},{"damage":36.0,"enemies":"The Guardian","floor":16.0,"turns":12.0},{"damage":11.0,"enemies":"Shell Parasite","floor":18.0,"turns":10.0},{"damage":22.0,"enemies":"2 Thieves","floor":20.0,"turns":4.0},{"damage":8.0,"enemies":"3 Cultists","floor":21.0,"turns":6.0},{"damage":18.0,"enemies":"Chosen and Byrds","floor":22.0,"turns":10.0},{"damage":15.0,"enemies":"Book of Stabbing","floor":23.0,"turns":6.0},{"damage":51.0,"enemies":"Slavers","floor":25.0,"turns":9.0},{"damage":1.0,"enemies":"Centurion and Healer","floor":31.0,"turns":14.0},{"damage":54,"enemies":"Automaton","floor":33,"turns":6}],"seed_played":"1914708189886759665","potions_obtained":[{"floor":1.0,"key":"Weak Potion"},{"floor":3.0,"key":"DuplicationPotion"},{"floor":11.0,"key":"PowerPotion"},{"floor":18.0,"key":"DuplicationPotion"},{"floor":20.0,"key":"FearPotion"},{"floor":21.0,"key":"ElixirPotion"},{"floor":25.0,"key":"Strength Potion"}],"is_trial":false,"path_per_floor":["M","?","M","?","$","E","M","?","T","E","M","T","E","?","R","B",null,"M","?","M","M","M","E","R","E","T","?","T","?","T","M","R","B"],"character_chosen":"IRONCLAD","items_purchased":["Frozen Eye"],"campfire_rested":1,"item_purchase_floors":[5],"current_hp_per_floor":[80,69,75,75,75,80,80,80,80,75,71,71,81,81,81,51,90,90,74,64,68,62,59,59,20,20,20,20,8,8,19,46,0,0],"gold":581,"neow_bonus":"THREE_ENEMY_KILL","is_daily":false,"chose_seed":false,"campfire_upgraded":2,"win_rate":0.0,"timestamp":1613116184,"path_taken":["M","?","M","?","$","E","M","?","T","E","M","?","E","?","R","BOSS","M","?","M","M","M","E","R","E","T","?","?","?","?","M","R","BOSS"],"items_purchased_type":["Relic"],"build_version":"2020-12-22","purchased_purges":0,"victory":false,"max_hp_per_floor":[80,80,80,80,80,80,80,80,80,80,80,80,90,90,90,90,90,90,90,90,90,90,90,90,90,90,90,90,90,90,90,90,90,90],"card_choices":[{"not_picked":["Cleave","Clothesline"],"picked":"Shockwave","floor":1.0},{"not_picked":["Power Through","Pummel"],"picked":"Clothesline","floor":3.0},{"not_picked":["Dual Wield","Body Slam"],"picked":"Flame Barrier","floor":6.0},{"not_picked":["Anger","Warcry"],"picked":"Iron Wave","floor":7.0},{"not_picked":["Battle Trance","Combust"],"picked":"Impervious","floor":10.0},{"not_picked":["Clothesline","Seeing Red"],"picked":"Infernal Blade","floor":11.0},{"not_picked":["Twin Strike","Heavy Blade"],"picked":"Rampage","floor":13.0},{"not_picked":["Bludgeon","Impervious"],"picked":"Juggernaut","floor":16.0},{"not_picked":["Twin Strike+1","Sword Boomerang"],"picked":"Sentinel+1","floor":18.0},{"not_picked":["True Grit","Clash","Pommel Strike+1"],"picked":"SKIP","floor":20.0},{"not_picked":["Sever Soul","Clash"],"picked":"Headbutt+1","floor":21.0},{"not_picked":["Wild Strike","Sword Boomerang+1"],"picked":"Perfected Strike","floor":22.0},{"not_picked":["Iron Wave+1","Headbutt"],"picked":"Barricade","floor":23.0},{"not_picked":["Shockwave","Dropkick+1"],"picked":"Sentinel","floor":25.0},{"not_picked":["Bloodletting","Clash","Pommel Strike+1"],"picked":"SKIP","floor":31.0}],"player_experience":436350,"relics_obtained":[{"floor":6.0,"key":"Thread and Needle"},{"floor":9.0,"key":"Dead Branch"},{"floor":10.0,"key":"CaptainsWheel"},{"floor":12.0,"key":"Shuriken"},{"floor":13.0,"key":"Pear"},{"floor":23.0,"key":"Boot"},{"floor":25.0,"key":"Blue Candle"},{"floor":26.0,"key":"Tiny Chest"},{"floor":28.0,"key":"Gambling Chip"},{"floor":30.0,"key":"Anchor"}],"event_choices":[{"damage_healed":0.0,"max_hp_gain":0.0,"max_hp_loss":0.0,"gold_gain":75.0,"event_name":"World of Goop","player_choice":"Gather Gold","floor":2.0,"gold_loss":0.0,"damage_taken":11.0},{"damage_healed":0.0,"max_hp_gain":0.0,"max_hp_loss":0.0,"gold_gain":0.0,"cards_transformed":["Strike_R"],"event_name":"Living Wall","player_choice":"Change","floor":4.0,"gold_loss":0.0,"damage_taken":0.0,"cards_obtained":["True Grit"]},{"damage_healed":0.0,"max_hp_gain":0.0,"max_hp_loss":0.0,"gold_gain":0.0,"event_name":"Big Fish","player_choice":"Box","floor":8.0,"gold_loss":0.0,"damage_taken":0.0,"relics_obtained":["Juzu Bracelet"],"cards_obtained":["Regret"]},{"cards_removed":["Regret"],"damage_healed":0.0,"max_hp_gain":0.0,"max_hp_loss":0.0,"gold_gain":0.0,"event_name":"Wheel of Change","player_choice":"Card Removal","floor":14.0,"gold_loss":0.0,"damage_taken":0.0},{"damage_healed":0.0,"max_hp_gain":0.0,"max_hp_loss":0.0,"gold_gain":0.0,"event_name":"Cursed Tome","player_choice":"Obtained Book","floor":19.0,"gold_loss":0.0,"damage_taken":16.0},{"damage_healed":0.0,"max_hp_gain":0.0,"max_hp_loss":0.0,"gold_gain":0.0,"event_name":"The Mausoleum","player_choice":"Opened","floor":27.0,"gold_loss":0.0,"damage_taken":0.0,"relics_obtained":["Orichalcum"],"cards_obtained":["Writhe"]},{"damage_healed":0.0,"max_hp_gain":0.0,"max_hp_loss":0.0,"gold_gain":90.0,"event_name":"Knowing Skull","player_choice":"GOLD ","floor":29.0,"potions_obtained":[],"gold_loss":0.0,"damage_taken":12.0,"cards_obtained":[]}],"is_beta":false,"boss_relics":[{"not_picked":["Mark of Pain","Velvet Choker"],"picked":"Black Blood"}],"items_purged_floors":[],"is_endless":false,"potions_floor_spawned":[1,3,11,18,20,21,25],"killed_by":"Automaton","ascension_level":2}}