{"host":"gfr9dk7hxbf4u708","time":1613168178,"event":{"mods":["AchievementEnabler","BaseMod","Better Third Choice","Colored Map","Downfall","Googly Eyes","Hermit","Hubris","Infinite Spire","Minty Spire (QoL Compilation)","Permanent Neow","Quick Restart","Random Character Button","Reliquary","Replay The Spire","StSLib","The Bug Knight","The Hierophant","The Jungle","The Runesmith"],"gold_per_floor":[364,364,383,14,26,26,57,57,57,69,108,120,161,188,200,313,325,357,387,324,336,348,360,397,428,440,487,4,4,4,17,17,130,130,143,157,157,207,121,154,175,202,229,229,635,635,669,689,689,699,699],"floor_reached":50,"language":"ENG","playtime":3374,"items_purged":["hermit:Strike_Hermit","hermit:NoHoldsBarred"],"score":931,"play_id":"ccd33c65-7fd6-4b3f-87b7-19603a681d22","local_time":"20210213001618","is_ascension_mode":true,"campfire_choices":[{"data":"hermit:ShadowCloak","floor":10,"key":"SMITH"},{"data":"hermit:Covet","floor":12,"key":"SMITH"},{"data":"hermit:WideOpen","floor":15,"key":"SMITH"},{"data":"hermit:Grudge","floor":23,"key":"SMITH"},{"floor":30,"key":"REST"},{"data":"hermit:Malice","floor":32,"key":"SMITH"},{"floor":44,"key":"REST"},{"floor":49,"key":"REST"}],"circlet_count":0,"master_deck":["hermit:Defend_Hermit","hermit:Defend_Hermit","hermit:Covet+1","Hallucinations","hermit:Malice+1","hermit:Grudge","hermit:BodyArmor","hermit:Grudge+1","hermit:Misfire","hermit:Roulette+1","hermit:ShadowCloak+1","hermit:Spite","hermit:SprayPray+1","hermit:WideOpen+1","hermit:Reprieve","AbeCurse","hermit:FlashPowder","hermit:DeadMansHand+1","hermit:BodyArmor","hermit:Grudge+1","hermit:Quickdraw+1","ReplayTheSpireMod:Restless Dread","Hallucinations","hermit:ShadowCloak+1","Finesse+1","hermit:Manifest+1","hermit:Spite","hermit:SprayPray+1","hermit:Spite+1"],"relics":["hermit:Momento","Orrery","PreservedInsect","Shuriken","hubris:Icosahedron","MawBank","Dream Catcher","Matryoshka","Abe\u0027s Treasure","reliquary:TatteredRug","infinitespire:Midas Blood","Gremlin Food","hubris:Spice","DollysMirror","reliquary:Knoch","Kintsugi","Replay:PocketPolymizer","HollowMod:PaleOreRelic","Juzu Bracelet","hubris:SlimyHat","Old Coin","Garlic"],"acts_visited":["Exordium","TheCity","TheBeyond"],"potions_floor_usage":[19,27,38,40,42,42,47,50],"damage_taken":[{"damage":0,"enemies":"2 Louse","floor":1,"turns":2},{"damage":4,"enemies":"Small Slimes","floor":3,"turns":3},{"damage":0,"enemies":"Cultist","floor":5,"turns":2},{"damage":0,"enemies":"Gremlin Nob","floor":7,"turns":2},{"damage":0,"enemies":"3 Sentries","floor":11,"turns":2},{"damage":0,"enemies":"HollowMod:MossKnight","floor":13,"turns":6},{"damage":16,"enemies":"Blue Slaver","floor":14,"turns":3},{"damage":37,"enemies":"Slime Boss","floor":16,"turns":10},{"damage":22,"enemies":"Shell Parasite","floor":18,"turns":3},{"damage":8,"enemies":"3 Byrds","floor":19,"turns":4},{"damage":18,"enemies":"Replay:Snechameleon","floor":24,"turns":3},{"damage":5,"enemies":"3 Cultists","floor":25,"turns":3},{"damage":9,"enemies":"Gremlin Leader","floor":27,"turns":4},{"damage":0,"enemies":"Centurion and Healer","floor":31,"turns":3},{"damage":22,"enemies":"hubris:MusketHawk","floor":33,"turns":6},{"damage":0,"enemies":"3 Shapes","floor":35,"turns":2},{"damage":0,"enemies":"3 Darklings","floor":36,"turns":3},{"damage":28,"enemies":"2 Orb Walkers","floor":38,"turns":4},{"damage":15,"enemies":"Reptomancer","floor":40,"turns":4},{"damage":34,"enemies":"4 Shapes","floor":41,"turns":2},{"damage":13,"enemies":"Giant Head","floor":42,"turns":8},{"damage":3,"enemies":"infinitespire:Three Voidlings","floor":45,"turns":4},{"damage":9,"enemies":"Nightmare_Alpha","floor":45,"turns":12},{"damage":0,"enemies":"Nemesis","floor":47,"turns":3},{"damage":43,"enemies":"Writhing Mass","floor":48,"turns":7},{"damage":57,"enemies":"Time Eater","floor":50,"turns":8}],"seed_played":"2042178143597527352","potions_obtained":[{"floor":5,"key":"Reflective Coating"},{"floor":11,"key":"Block Potion"},{"floor":13,"key":"Regen Potion"},{"floor":14,"key":"Adrenaline Potion"},{"floor":19,"key":"SneckoOil"},{"floor":27,"key":"FearPotion"},{"floor":45,"key":"SteroidPotion"},{"floor":48,"key":"AttackPotion"}],"is_trial":false,"path_per_floor":["M","?","M","$","M","?","E","?","T","R","E","R","E","M","R","B",null,"M","M","?","?","$","R","E","M","T","E","$","?","R","M","R","B",null,"M","M","?","?","$","E","M","E","T","R","?","?","E","M","R","B"],"character_chosen":"HERMIT","items_purchased":["Orrery","PreservedInsect","Impatience","DollysMirror","reliquary:Knoch","Block Potion","hermit:Spite"],"campfire_rested":3,"item_purchase_floors":[4,4,28,28,28,39,39],"current_hp_per_floor":[75,75,71,71,71,71,71,71,71,71,71,71,71,55,55,18,75,53,45,45,45,45,45,27,34,34,33,33,33,57,57,57,35,83,83,83,83,55,55,56,30,34,34,61,53,53,53,26,53,0,0],"gold":699,"neow_bonus":"TWO_FIFTY_GOLD","is_daily":false,"chose_seed":false,"campfire_upgraded":5,"win_rate":0.0,"timestamp":1613168178,"path_taken":["M","?","M","$","M","?","E","?","T","R","E","R","E","M","R","BOSS","M","M","?","?","$","R","E","?","T","E","$","?","R","M","R","BOSS","M","M","?","?","$","E","M","E","T","R","?","?","E","M","R","BOSS"],"items_purchased_type":["Relic","Relic","Card","Relic","Relic","Potion","Card"],"build_version":"2020-12-22","purchased_purges":2,"victory":false,"max_hp_per_floor":[75,75,75,75,75,75,75,75,75,75,75,75,75,75,75,75,75,75,75,75,75,75,75,75,75,75,83,83,83,83,83,83,83,83,83,83,83,83,83,83,83,91,91,91,91,91,91,91,91,91,91],"card_choices":[{"not_picked":["hermit:HoleUp","hermit:ItchyTrigger"],"picked":"hermit:Malice","floor":1},{"not_picked":["hermit:Vantage","hermit:FlashPowder"],"picked":"hermit:Grudge","floor":3},{"not_picked":["hermit:Brawl","hermit:HighCaliber"],"picked":"hermit:BodyArmor","floor":4},{"not_picked":["hermit:TrackingShot","hermit:Snipe"],"picked":"hermit:SprayPray","floor":4},{"not_picked":["hermit:HoleUp","hermit:Shortfuse"],"picked":"hermit:Grudge","floor":4},{"not_picked":["hermit:Snipe","hermit:HoleUp"],"picked":"hermit:Misfire","floor":4},{"not_picked":["hermit:Glare","hermit:Snipe"],"picked":"hermit:Roulette","floor":5},{"not_picked":["hermit:Roughhouse","hermit:Combo"],"picked":"hermit:ShadowCloak","floor":7},{"not_picked":["hermit:LuckOfTheDraw","hermit:BodyArmor"],"picked":"hermit:Spite","floor":11},{"not_picked":["hermit:Roulette","hermit:Quickdraw"],"picked":"hermit:SprayPray","floor":13},{"not_picked":["hermit:BigShot","hermit:Feint"],"picked":"hermit:WideOpen","floor":14},{"not_picked":["hermit:DeadOrAlive","hermit:FatalDesire"],"picked":"hermit:Reprieve","floor":16},{"not_picked":["hermit:Gestalt","hermit:Dive"],"picked":"hermit:FlashPowder","floor":18},{"not_picked":["hermit:Midnight","hermit:Snipe","hermit:HoleUp"],"picked":"SKIP","floor":19},{"not_picked":["hermit:BigShot","hermit:Shortfuse"],"picked":"hermit:DeadMansHand+1","floor":24},{"not_picked":["hermit:Shortfuse","hermit:Desperado","hermit:Spite"],"picked":"SKIP","floor":25},{"not_picked":["hermit:FromBeyond","hermit:Deadeye","hermit:BodyArmor"],"picked":"SKIP","floor":27},{"not_picked":["hermit:FromBeyond","hermit:Deadeye"],"picked":"hermit:BodyArmor","floor":27},{"not_picked":["hermit:Headshot","hermit:SprayPray"],"picked":"hermit:Quickdraw+1","floor":30},{"not_picked":["hermit:TakeAim","hermit:Feint","hermit:EyeOfTheStorm+1"],"picked":"SKIP","floor":31},{"not_picked":["hermit:Glare+1","hermit:GoldenBullet","hermit:Shortfuse+1"],"picked":"SKIP","floor":35},{"not_picked":["hermit:Headshot","hermit:Midnight"],"picked":"hermit:ShadowCloak+1","floor":36},{"not_picked":["Replay:Parry","Discovery"],"picked":"Finesse","floor":37},{"not_picked":["hermit:Roulette","hermit:Feint"],"picked":"hermit:Manifest+1","floor":38},{"not_picked":["hermit:HighNoon","hermit:ItchyTrigger+1"],"picked":"hermit:SprayPray+1","floor":40},{"not_picked":["hermit:Desperado","hermit:CalledShot+1","hermit:Gestalt"],"picked":"SKIP","floor":41},{"not_picked":["hermit:Scavenge","hermit:Midnight","hermit:Maintenance+1"],"picked":"SKIP","floor":42},{"not_picked":["hermit:SprayPray","hermit:HoleUp+1","hermit:GhostlyPresence"],"picked":"SKIP","floor":47},{"not_picked":["hermit:FlashPowder+1","hermit:LowProfile+1","hermit:Gestalt"],"picked":"SKIP","floor":48},{"not_picked":["hermit:Combo+1","hermit:HighCaliber"],"picked":"hermit:Spite+1","floor":49}],"player_experience":332038,"relics_obtained":[{"floor":7,"key":"Shuriken"},{"floor":9,"key":"MawBank"},{"floor":11,"key":"Dream Catcher"},{"floor":13,"key":"Matryoshka"},{"floor":24,"key":"reliquary:TatteredRug"},{"floor":26,"key":"infinitespire:Midas Blood"},{"floor":26,"key":"Gremlin Food"},{"floor":27,"key":"hubris:Spice"},{"floor":38,"key":"Replay:PocketPolymizer"},{"floor":40,"key":"HollowMod:PaleOreRelic"},{"floor":42,"key":"hubris:Spice"},{"floor":43,"key":"Juzu Bracelet"},{"floor":43,"key":"hubris:SlimyHat"},{"floor":45,"key":"Old Coin"},{"floor":47,"key":"Garlic"}],"event_choices":[{"cards_removed":["hermit:Strike_Hermit"],"damage_healed":0,"gold_gain":0,"player_choice":"Gave Gold","damage_taken":0,"max_hp_gain":0,"max_hp_loss":0,"event_name":"Beggar","floor":20,"gold_loss":75},{"damage_healed":0,"gold_gain":0,"cards_transformed":["hermit:Strike_Hermit"],"player_choice":"Transformed","damage_taken":0,"max_hp_gain":0,"max_hp_loss":0,"event_name":"Transmorgrifier","floor":21,"gold_loss":0,"cards_obtained":["hermit:NoHoldsBarred"]},{"damage_healed":0,"gold_gain":0,"player_choice":"Memory 1","damage_taken":0,"max_hp_gain":0,"max_hp_loss":0,"event_name":"SensoryStone","floor":37,"gold_loss":0},{"damage_healed":0,"gold_gain":0,"player_choice":"Fight","damage_taken":0,"max_hp_gain":0,"max_hp_loss":0,"event_name":"Mysterious Sphere","floor":38,"gold_loss":0},{"cards_removed":["hermit:SprayPray"],"damage_healed":0,"gold_gain":0,"player_choice":"Removed Attack","damage_taken":0,"max_hp_gain":0,"max_hp_loss":0,"event_name":"Falling","floor":46,"gold_loss":0}],"is_beta":false,"boss_relics":[{"not_picked":["SlaversCollar","Runic Pyramid"],"picked":"Abe\u0027s Treasure"},{"not_picked":["Ring of Chaos","Busted Crown"],"picked":"Kintsugi"}],"items_purged_floors":[4,28],"is_endless":false,"potions_floor_spawned":[5,11,13,14,16,19,27,33,35,36,45,48],"killed_by":"Time Eater","ascension_level":4}}