{"host":"gsscz6k9fq2x5v2h","time":1613147829,"event":{"mods":["100% Spire Juice","AchievementEnabler","BaseMod","Better Note","Better Skull","Better Synergies","Better Third Choice","Better Vampires","Block Reminder","Bossed Relics","Colored Map","Colored Powertips","Dark Map","Friendly Minions","Minty Spire (QoL Compilation)","Permanent Neow","Quick Restart","Reliquary","Replay The Spire","Retaliation","Shop Mod","Spicy Shops","Spikes Relics","StSLib","SuperFastMode","TestMod","??????REMEMod","????"],"gold_per_floor":[113,127,143,62,62,62,93,93,93,93,169,169,196,196,208,358,358,457,457,476,0,11,11,29,62,62,97,97,97,163,163,174,174,174,269,269,285,300,35,35,28,28,61,61,86,120,132,159,182,194,206,218,230,242,26,61,61],"floor_reached":58,"language":"FRA","playtime":1987,"items_purged":["Strike_G","Defend_G","Strike_G","Doubt"],"score":1359,"play_id":"f0ad9a20-98a0-46d4-833f-3667af023500","local_time":"20210212173709","is_ascension_mode":false,"campfire_choices":[{"data":"testmod-TaurusBlackCat","floor":6,"key":"SMITH"},{"data":"Terror","floor":8,"key":"SMITH"},{"data":"ReplayTheSpireMod:From All Sides","floor":14,"key":"SMITH"},{"data":"Blade Dance","floor":14,"key":"SMITH"},{"floor":26,"key":"REST"},{"data":"Survivor","floor":34,"key":"SMITH"},{"data":"Bouncing Flask","floor":34,"key":"SMITH"},{"data":"Footwork","floor":42,"key":"SMITH"},{"data":"Envenom","floor":42,"key":"SMITH"},{"data":"Cloak And Dagger","floor":44,"key":"SMITH"},{"data":"Deadly Poison","floor":44,"key":"SMITH"},{"floor":51,"key":"RECALL"},{"data":"Adrenaline","floor":54,"key":"SMITH"},{"data":"Reflex","floor":54,"key":"SMITH"}],"circlet_count":0,"master_deck":["Strike_G","Defend_G","Defend_G","Defend_G","Survivor+1","Neutralize+1","testmod-TaurusBlackCat+1","Blade Dance+1","Deadly Poison","Terror+1","Bouncing Flask+1","Bane+1","ReplayTheSpireMod:From All Sides+1","Hallucinations","Footwork+1","Escape Plan","Escape Plan+1","Deadly Poison+1","Deflect+1","ReplayTheSpireMod:Splinters","Cloak And Dagger+1","Blur+1","InfectiousVector","Envenom+1","Poisoned Stab+1","Caltrops+1","Reflex+1","Footwork+1","Amnesia","Adrenaline+1","Writhe","Catalyst+1"],"relics":["Ring of the Snake","testmod-TestBox","REME_ComplimentaryCards","testmod-BouquetWithThorns","Pen Nib","Replay:Bottled Snecko","Cursed Key","ClockworkSouvenir","testmod-InfectionSource","Basket Of Snakes","reliquary:TuningFork","Enchiridion","REME_ChargedStone","MerchantsRug","reliquary:Stiletto","Snake Skull","reliquary:PartyBalloon"],"acts_visited":["Exordium","TheCity","TheBeyond","TheEnding"],"potions_floor_usage":[2,25,29,38,49,49,49,52,52],"damage_taken":[{"damage":2,"enemies":"Small Slimes","floor":1,"turns":4},{"damage":0,"enemies":"Cultist","floor":2,"turns":3},{"damage":0,"enemies":"Jaw Worm","floor":3,"turns":3},{"damage":8,"enemies":"Lagavulin","floor":7,"turns":5},{"damage":5,"enemies":"3 Sentries","floor":13,"turns":4},{"damage":0,"enemies":"Looter","floor":15,"turns":2},{"damage":0,"enemies":"Slime Boss","floor":18,"turns":3},{"damage":24,"enemies":"2 Thieves","floor":20,"turns":2},{"damage":6,"enemies":"Chosen","floor":22,"turns":3},{"damage":15,"enemies":"Centurion and Healer","floor":24,"turns":3},{"damage":6,"enemies":"Book of Stabbing","floor":25,"turns":3},{"damage":18,"enemies":"Gremlin Leader","floor":27,"turns":4},{"damage":10,"enemies":"Colosseum Slavers","floor":29,"turns":4},{"damage":2,"enemies":"Snake Plant","floor":32,"turns":4},{"damage":28,"enemies":"Pondfish","floor":35,"turns":5},{"damage":3,"enemies":"3 Darklings","floor":37,"turns":4},{"damage":0,"enemies":"Orb Walker","floor":38,"turns":3},{"damage":13,"enemies":"Giant Head","floor":43,"turns":6},{"damage":0,"enemies":"R_Hoarder","floor":46,"turns":4},{"damage":13,"enemies":"3 Darklings","floor":48,"turns":3},{"damage":11,"enemies":"Transient","floor":49,"turns":5},{"damage":36,"enemies":"Replay:Hell Engine","floor":52,"turns":8},{"damage":18,"enemies":"Shield and Spear","floor":56,"turns":3},{"damage":69,"enemies":"The Heart","floor":57,"turns":6}],"seed_played":"6981774836415015144","potions_obtained":[{"floor":1,"key":"Fruit Juice"},{"floor":3,"key":"Poison Potion"},{"floor":7,"key":"PowerPotion"},{"floor":27,"key":"Weak Potion"},{"floor":30,"key":"Swift Potion"},{"floor":35,"key":"Regen Potion"},{"floor":38,"key":"SkillPotion"},{"floor":48,"key":"AttackPotion"},{"floor":49,"key":"Languid Potion"}],"is_trial":false,"path_per_floor":["M","M","M","$","?","R","E","R","PTL","PTL","T","?","E","R","M","?","R_BF","B",null,"M","$","M","?","M","E","R","E","T","?","?","?","M","?","R","B",null,"M","M","$","?","$","R","E","R","T","E","T","M","M","?","R","B",null,"R","$","E","B",null],"character_chosen":"THE_SILENT","items_purchased":["Bouncing Flask","ClockworkSouvenir","Potion Belt","MerchantsRug","Footwork","Snake Skull","FairyPotion"],"campfire_rested":1,"item_purchase_floors":[4,21,21,39,41,55,55],"current_hp_per_floor":[61,66,66,66,66,66,58,58,58,58,58,58,53,53,53,53,68,68,68,44,44,38,38,23,17,37,19,19,9,9,78,76,60,60,32,78,75,75,75,75,75,75,62,62,62,62,62,49,38,38,38,17,78,78,78,60,35],"gold":61,"neow_bonus":"REMOVE_TWO","is_daily":false,"chose_seed":false,"campfire_upgraded":12,"win_rate":0.0,"timestamp":1613147829,"path_taken":["M","M","M","$","?","R","E","R","PTL","PTL","T","?","E","R","?","?","R_BF","BOSS","M","$","M","?","M","E","R","E","T","?","?","?","?","?","R","BOSS","M","M","$","?","?","R","E","R","T","E","?","M","M","?","R","BOSS","R","$","E","BOSS"],"items_purchased_type":["Card","Relic","Relic","Relic","Card","Relic","Potion"],"build_version":"2020-12-22","purchased_purges":4,"victory":true,"max_hp_per_floor":[63,68,68,68,68,68,68,68,68,68,68,68,68,68,68,68,68,68,68,68,68,68,68,68,68,68,68,68,68,68,78,78,78,78,78,78,78,78,78,78,78,78,78,78,78,78,78,78,78,78,78,78,78,78,78,78,78],"card_choices":[{"not_picked":["Tactician","Acrobatics"],"picked":"Blade Dance","floor":1},{"not_picked":["Fluid Movement","Draining Mist"],"picked":"Deadly Poison","floor":2},{"not_picked":["Blade Dance","Dodge and Roll"],"picked":"Terror","floor":3},{"not_picked":["Dodge and Roll","Blade Dance"],"picked":"Bane","floor":7},{"not_picked":["Outmaneuver","Infinite Blades"],"picked":"ReplayTheSpireMod:From All Sides","floor":13},{"not_picked":["Dash","Sucker Punch","Choke"],"picked":"SKIP","floor":15},{"not_picked":["Storm of Steel","Tools of the Trade"],"picked":"Envenom","floor":18},{"not_picked":["Bane","Escape Plan"],"picked":"Footwork","floor":20},{"not_picked":["Quick Slash+1","Cloak And Dagger"],"picked":"Escape Plan","floor":22},{"not_picked":["Quick Slash","PiercingWail"],"picked":"Escape Plan","floor":24},{"not_picked":["Night Terror","Flying Knee"],"picked":"Deadly Poison","floor":25},{"not_picked":["PiercingWail","Poisoned Stab"],"picked":"Deflect+1","floor":27},{"not_picked":["ReplayTheSpireMod:Exploit Weakness","Well Laid Plans"],"picked":"Cloak And Dagger","floor":30},{"not_picked":["Well Laid Plans+1","Acrobatics+1"],"picked":"Blur+1","floor":30},{"not_picked":["Endless Agony+1","Bane"],"picked":"InfectiousVector","floor":32},{"not_picked":["Night Terror","ReplayTheSpireMod:Necrosis"],"picked":"Envenom","floor":35},{"not_picked":["Underhanded Strike+1","Dodge and Roll"],"picked":"Poisoned Stab+1","floor":37},{"not_picked":["Predator","Pace"],"picked":"Caltrops+1","floor":38},{"not_picked":["Tactician","Predator","Slice+1"],"picked":"SKIP","floor":43},{"not_picked":["Concentrate","Grand Finale"],"picked":"Adrenaline","floor":46},{"not_picked":["PiercingWail+1","Dagger Throw"],"picked":"Catalyst","floor":48},{"not_picked":["Predator+1","Underhanded Strike+1","Deflect"],"picked":"SKIP","floor":49},{"not_picked":["Bane+1","Grand Finale"],"picked":"Catalyst+1","floor":56}],"player_experience":1567923,"relics_obtained":[{"floor":7,"key":"reliquary:WeakTea"},{"floor":11,"key":"Replay:Bottled Snecko"},{"floor":13,"key":"Replay:Arrowhead"},{"floor":25,"key":"reliquary:Buckler"},{"floor":27,"key":"testmod-InfectionSource"},{"floor":28,"key":"Basket Of Snakes"},{"floor":30,"key":"reliquary:TuningFork"},{"floor":33,"key":"Enchiridion"},{"floor":43,"key":"PreservedInsect"},{"floor":45,"key":"reliquary:Stiletto"},{"floor":46,"key":"MawBank"},{"floor":56,"key":"reliquary:PartyBalloon"}],"event_choices":[{"damage_healed":0,"gold_gain":0,"player_choice":"Forge","damage_taken":0,"max_hp_gain":0,"max_hp_loss":0,"event_name":"Accursed Blacksmith","floor":12,"gold_loss":0,"cards_upgraded":["Neutralize"]},{"damage_healed":0,"gold_gain":0,"player_choice":"Swap Relic","damage_taken":0,"relics_obtained":["ReplayTheSpireMod:CursedCoin"],"max_hp_gain":0,"max_hp_loss":0,"event_name":"Box For Yourself","floor":16,"relics_lost":["ReplayTheSpireMod:CursedCoin"],"gold_loss":0},{"cards_removed":["Strike_G"],"damage_healed":0,"gold_gain":0,"player_choice":"Give","damage_taken":0,"max_hp_gain":0,"max_hp_loss":0,"event_name":"betterNote:BetterNote","floor":23,"gold_loss":0,"cards_obtained":["Defend_B"]},{"damage_healed":0,"gold_gain":0,"player_choice":"Fight","damage_taken":0,"max_hp_gain":0,"max_hp_loss":0,"event_name":"Colosseum","floor":29,"gold_loss":0},{"damage_healed":0,"gold_gain":0,"player_choice":"Fled From Nobs","damage_taken":0,"max_hp_gain":0,"max_hp_loss":0,"event_name":"Colosseum","floor":29,"gold_loss":0},{"cards_removed":["Envenom"],"damage_healed":59,"gold_gain":0,"player_choice":"Offered Rare","damage_taken":0,"max_hp_gain":10,"max_hp_loss":0,"event_name":"Bonfire Elementals","floor":31,"gold_loss":0},{"damage_healed":0,"gold_gain":0,"player_choice":"Obtained Book","damage_taken":16,"max_hp_gain":0,"max_hp_loss":0,"event_name":"Cursed Tome","floor":33,"gold_loss":0},{"damage_healed":0,"gold_gain":0,"cards_transformed":["Strike_G"],"player_choice":"Transformed","damage_taken":0,"max_hp_gain":0,"max_hp_loss":0,"event_name":"Transmorgrifier","floor":40,"gold_loss":0,"cards_obtained":["Reflex"]},{"cards_removed":["Catalyst"],"damage_healed":0,"gold_gain":0,"player_choice":"Removed Skill","damage_taken":0,"max_hp_gain":0,"max_hp_loss":0,"event_name":"Falling","floor":50,"gold_loss":0}],"is_beta":false,"boss_relics":[{"not_picked":["Snecko Eye","testmod-NegativeEmotionEnhancer"],"picked":"Cursed Key"},{"not_picked":["Pandora\u0027s Box","reliquary:Ember"],"picked":"REME_ChargedStone"}],"items_purged_floors":[21,21,39,55],"is_endless":false,"potions_floor_spawned":[1,3,7,27,35,38,48,49],"ascension_level":0}}