{"host":"130ffvgv8p5oaa45","time":1613144993,"event":{"mods":["BaseMod","Bestiary","Block Reminder","Colored Powertips","Minty Spire (QoL Compilation)","Relic Stats","Slay-I","Weighted Paths"],"gold_per_floor":[117,132,132,132,14,343,356,386,386,411,411,411,442,452,452,452,452],"floor_reached":16,"language":"DEU","playtime":1121,"items_purged":[],"score":224,"play_id":"4c235759-48f5-410c-bf5f-3f14eee6463b","local_time":"20210212164953","is_ascension_mode":true,"campfire_choices":[{"data":"Survivor","floor":11,"key":"SMITH"},{"data":"Prepared","floor":15,"key":"SMITH"}],"circlet_count":0,"master_deck":["Strike_G","Strike_G","Strike_G","Strike_G","Strike_G","Defend_G","Defend_G","Defend_G","Defend_G","Defend_G","Survivor+1","Neutralize","Finisher","Footwork","Leg Sweep","Quick Slash","Dagger Throw","Prepared+1","Well Laid Plans","All Out Attack","Footwork"],"relics":["Ring of the Snake","NeowsBlessing","StoneCalendar","Old Coin","PreservedInsect","Mango","Strawberry","Meat on the Bone"],"acts_visited":[],"potions_floor_usage":[8,10],"damage_taken":[{"damage":0,"enemies":"Small Slimes","floor":1,"turns":1},{"damage":0,"enemies":"Jaw Worm","floor":2,"turns":1},{"damage":0,"enemies":"Gremlin Nob","floor":6,"turns":1},{"damage":0,"enemies":"Cultist","floor":7,"turns":3},{"damage":13,"enemies":"3 Sentries","floor":8,"turns":7},{"damage":14,"enemies":"Gremlin Nob","floor":10,"turns":4},{"damage":10,"enemies":"3 Sentries","floor":13,"turns":7},{"damage":14,"enemies":"Exordium Wildlife","floor":14,"turns":7},{"damage":28,"enemies":"Slime Boss","floor":16,"turns":3}],"seed_played":"1384726395716793852","potions_obtained":[{"floor":6,"key":"LiquidBronze"},{"floor":7,"key":"SneckoOil"},{"floor":13,"key":"FearPotion"},{"floor":14,"key":"BlessingOfTheForge"}],"is_trial":false,"path_per_floor":["M","M","$","?","$","E","M","E","T","E","R","?","E","M","R","B"],"character_chosen":"THE_SILENT","items_purchased":["Leg Sweep","Strength Potion"],"campfire_rested":0,"item_purchase_floors":[5,5],"current_hp_per_floor":[63,63,63,45,45,45,45,32,46,39,39,39,29,27,27,0,0],"gold":452,"neow_bonus":"THREE_ENEMY_KILL","is_daily":false,"chose_seed":false,"campfire_upgraded":2,"win_rate":0.0,"timestamp":1613144993,"path_taken":["M","M","$","?","$","E","M","E","T","E","R","?","E","M","R","BOSS"],"items_purchased_type":["Card","Potion"],"build_version":"2020-12-22","purchased_purges":0,"victory":false,"max_hp_per_floor":[70,70,70,70,70,70,70,70,84,91,91,91,91,91,91,91,91],"relic_stats":{"counters":[9,34],"StoneCalendar":[82],"PreservedInsect":52,"obtain_stats":[{"NeowsBlessing":0,"Strawberry":10,"StoneCalendar":4,"Mango":9,"PreservedInsect":8,"Ring of the Snake":0,"Old Coin":6,"Meat on the Bone":13},{"NeowsBlessing":0,"Strawberry":6,"StoneCalendar":2,"Mango":5,"PreservedInsect":5,"Ring of the Snake":0,"Old Coin":3,"Meat on the Bone":7},{"NeowsBlessing":0,"Strawberry":17,"StoneCalendar":2,"Mango":13,"PreservedInsect":13,"Ring of the Snake":0,"Old Coin":3,"Meat on the Bone":24}],"Ring of the Snake":[18],"Meat on the Bone":12},"card_choices":[{"not_picked":["Deadly Poison","Calculated Gamble"],"picked":"Finisher","floor":1},{"not_picked":["Sucker Punch","Finisher"],"picked":"Footwork","floor":2},{"not_picked":["Blade Dance","Bane"],"picked":"Quick Slash","floor":6},{"not_picked":["Flying Knee","Poisoned Stab"],"picked":"Dagger Throw","floor":7},{"not_picked":["Dagger Throw","Deadly Poison"],"picked":"Prepared","floor":8},{"not_picked":["Skewer","Infinite Blades"],"picked":"Well Laid Plans","floor":10},{"not_picked":["Flechettes","Cloak And Dagger"],"picked":"All Out Attack","floor":13},{"not_picked":["Dagger Spray","Bane"],"picked":"Footwork","floor":14}],"player_experience":273593,"relics_obtained":[{"floor":6,"key":"Old Coin"},{"floor":8,"key":"PreservedInsect"},{"floor":9,"key":"Mango"},{"floor":10,"key":"Strawberry"},{"floor":13,"key":"Meat on the Bone"}],"event_choices":[{"damage_healed":0,"gold_gain":0,"player_choice":"Success","damage_taken":18,"relics_obtained":["StoneCalendar"],"max_hp_gain":0,"max_hp_loss":0,"event_name":"Scrap Ooze","floor":4,"gold_loss":0},{"damage_healed":0,"gold_gain":0,"player_choice":"Ignored","damage_taken":0,"max_hp_gain":0,"max_hp_loss":0,"event_name":"Golden Idol","floor":12,"gold_loss":0}],"is_beta":false,"boss_relics":[],"items_purged_floors":[],"is_endless":false,"potions_floor_spawned":[6,7,13,14],"killed_by":"Slime Boss","ascension_level":6}}