{"host":"clgpak7dimivr1r3","time":1613150819,"event":{"mods":["BaseMod","Colored Map","Colored Powertips","Curses Come First","Minty Spire (QoL Compilation)","Relic Stats","Say the Spire","StSLib"],"gold_per_floor":[119,133,152,152,167,195,195,220,220,220,231,156,176,202,202,202,202],"floor_reached":16,"language":"ENG","playtime":618,"items_purged":["Strike_R"],"score":207,"play_id":"5be46104-53c0-4a77-bc61-07a33b9b61f9","local_time":"20210212202659","is_ascension_mode":true,"campfire_choices":[{"floor":7,"key":"REST"},{"floor":10,"key":"REST"},{"floor":15,"key":"REST"}],"circlet_count":0,"master_deck":["AscendersBane","Strike_R+1","Strike_R","Strike_R","Defend_R","Defend_R","Defend_R","Bash+1","Whirlwind+1","Iron Wave","Whirlwind","Shrug It Off","Flame Barrier","Armaments"],"relics":["Empty Cage","Bronze Scales","Whetstone","MealTicket","Pear"],"acts_visited":["Exordium"],"potions_floor_usage":[2,14,14],"damage_taken":[{"damage":1,"enemies":"Cultist","floor":1,"turns":3},{"damage":2,"enemies":"Jaw Worm","floor":2,"turns":4},{"damage":8,"enemies":"2 Louse","floor":3,"turns":2},{"damage":4,"enemies":"2 Fungi Beasts","floor":5,"turns":3},{"damage":46,"enemies":"Gremlin Nob","floor":6,"turns":5},{"damage":20,"enemies":"3 Sentries","floor":8,"turns":3},{"damage":3,"enemies":"Blue Slaver","floor":11,"turns":3},{"damage":2,"enemies":"Large Slime","floor":13,"turns":6},{"damage":12,"enemies":"Lagavulin","floor":14,"turns":7},{"damage":67,"enemies":"Hexaghost","floor":16,"turns":9}],"seed_played":"1502602915856456704","potions_obtained":[{"floor":1,"key":"Block Potion"},{"floor":8,"key":"BlessingOfTheForge"},{"floor":13,"key":"DuplicationPotion"}],"is_trial":false,"path_per_floor":["M","M","M","?","M","E","R","E","T","R","M","$","M","E","R","B"],"character_chosen":"IRONCLAD","items_purchased":[],"campfire_rested":3,"item_purchase_floors":[],"current_hp_per_floor":[67,65,57,57,53,7,29,9,9,31,28,43,41,39,64,0,0],"gold":202,"neow_bonus":"BOSS_RELIC","is_daily":false,"chose_seed":false,"campfire_upgraded":0,"win_rate":0.0,"timestamp":1613150819,"path_taken":["M","?","M","?","M","E","R","E","T","R","M","$","M","E","R","BOSS"],"items_purchased_type":[],"build_version":"2020-12-22","purchased_purges":1,"victory":false,"max_hp_per_floor":[75,75,75,75,75,75,75,75,75,75,75,75,75,85,85,85,85],"relic_stats":{"counters":[10,45],"Bronze Scales":[87],"MealTicket":15,"Whetstone":["Bash","Strike_R"],"obtain_stats":[{"Pear":14,"Bronze Scales":6,"MealTicket":9,"Whetstone":8,"Empty Cage":0,"Burning Blood":0},{"Pear":9,"Bronze Scales":5,"MealTicket":6,"Whetstone":6,"Empty Cage":0,"Burning Blood":0},{"Pear":36,"Bronze Scales":17,"MealTicket":20,"Whetstone":20,"Empty Cage":0,"Burning Blood":0}]},"card_choices":[{"not_picked":["True Grit","Thunderclap"],"picked":"Whirlwind","floor":1},{"not_picked":["Dark Embrace","Perfected Strike","Burning Pact"],"picked":"SKIP","floor":2},{"not_picked":["Hemokinesis","Body Slam"],"picked":"Iron Wave","floor":3},{"not_picked":["Disarm","Wild Strike","Uppercut"],"picked":"SKIP","floor":5},{"not_picked":["Cleave","Limit Break"],"picked":"Whirlwind","floor":6},{"not_picked":["Uppercut","Pommel Strike"],"picked":"Shrug It Off","floor":8},{"not_picked":["Burning Pact","True Grit"],"picked":"Flame Barrier","floor":11},{"not_picked":["Rampage","Sword Boomerang","Shockwave"],"picked":"SKIP","floor":13},{"not_picked":["Feel No Pain","Clothesline"],"picked":"Armaments","floor":14}],"player_experience":133971,"relics_obtained":[{"floor":6,"key":"Bronze Scales"},{"floor":8,"key":"Whetstone"},{"floor":9,"key":"MealTicket"},{"floor":14,"key":"Pear"}],"event_choices":[{"damage_healed":0,"gold_gain":0,"player_choice":"Forge","damage_taken":0,"max_hp_gain":0,"max_hp_loss":0,"event_name":"Accursed Blacksmith","floor":4,"gold_loss":0,"cards_upgraded":["Whirlwind"]}],"is_beta":false,"boss_relics":[],"items_purged_floors":[12],"is_endless":false,"potions_floor_spawned":[1,8,13],"killed_by":"Hexaghost","ascension_level":14}}