{"host":"1w6a2rjjfnt8te8e","time":1613132935,"event":{"mods":["AchievementEnabler","BaseMod","Colored Powertips","Googly Eyes","Highlight Path","Minty Spire (QoL Compilation)","Quick Restart","Relic Stats","StSLib"],"gold_per_floor":[119,135,135,158,182,182,207,246,246,269,290,305,339,352,352,471,471,490,188,203,217,117,156,156,156,156,156,181,208,222,236,236,334,334,345,345,365,381,8,37,37,50,50,70,70,97,97,126,126,126],"floor_reached":51,"language":"ENG","playtime":2264,"items_purged":["Strike_R","Strike_R","Strike_R"],"score":1182,"play_id":"6da75d6c-2f8d-4ef7-ad8a-b46982481fac","local_time":"20210212202855","is_ascension_mode":true,"campfire_choices":[{"data":"Whirlwind","floor":6.0,"key":"SMITH"},{"floor":15.0,"key":"REST"},{"floor":27.0,"key":"REST"},{"data":"Bash","floor":32.0,"key":"SMITH"},{"data":"Impervious","floor":41.0,"key":"SMITH"},{"data":"Impervious","floor":47.0,"key":"SMITH"},{"floor":49.0,"key":"REST"}],"circlet_count":0,"master_deck":["Strike_R","Strike_R","Defend_R","Defend_R+1","Defend_R","Defend_R+1","Bash+1","Twin Strike","Whirlwind+1","Shrug It Off","Disarm","Flame Barrier","Disarm","True Grit","Demon Form","Havoc","Impervious+1","Shockwave","Dark Embrace","Demon Form","Necronomicurse","Impervious+1","Decay","Thunderclap+1","Normality"],"relics":["Snecko Eye","Bloody Idol","Toy Ornithopter","Charon\u0027s Ashes","War Paint","Darkstone Periapt","SlaversCollar","Medical Kit","Calipers","Necronomicon","Matryoshka","Boot","Akabeko","Ancient Tea Set","Cursed Key","MealTicket","Molten Egg 2","Bottled Flame","Champion Belt","Juzu Bracelet","StrikeDummy","Thread and Needle"],"acts_visited":["TheCity","TheBeyond"],"potions_floor_usage":[50,50,50],"damage_taken":[{"damage":0.0,"enemies":"2 Louse","floor":1.0,"turns":3.0},{"damage":9.0,"enemies":"Jaw Worm","floor":2.0,"turns":5.0},{"damage":0.0,"enemies":"Cultist","floor":4.0,"turns":2.0},{"damage":4.0,"enemies":"Exordium Wildlife","floor":5.0,"turns":5.0},{"damage":15.0,"enemies":"Large Slime","floor":7.0,"turns":8.0},{"damage":8.0,"enemies":"Gremlin Nob","floor":8.0,"turns":3.0},{"damage":0.0,"enemies":"Blue Slaver","floor":11.0,"turns":2.0},{"damage":6.0,"enemies":"Red Slaver","floor":12.0,"turns":3.0},{"damage":0.0,"enemies":"3 Sentries","floor":13.0,"turns":4.0},{"damage":0.0,"enemies":"Exordium Wildlife","floor":14.0,"turns":1.0},{"damage":12.0,"enemies":"Hexaghost","floor":16.0,"turns":8.0},{"damage":0.0,"enemies":"3 Byrds","floor":18.0,"turns":3.0},{"damage":0.0,"enemies":"Chosen","floor":20.0,"turns":4.0},{"damage":4.0,"enemies":"Snake Plant","floor":21.0,"turns":5.0},{"damage":24.0,"enemies":"Slavers","floor":23.0,"turns":3.0},{"damage":9.0,"enemies":"Book of Stabbing","floor":29.0,"turns":4.0},{"damage":2.0,"enemies":"Sentry and Sphere","floor":30.0,"turns":3.0},{"damage":11.0,"enemies":"Shelled Parasite and Fungi","floor":31.0,"turns":3.0},{"damage":16.0,"enemies":"Automaton","floor":33.0,"turns":6.0},{"damage":0.0,"enemies":"Orb Walker","floor":35.0,"turns":2.0},{"damage":13.0,"enemies":"3 Darklings","floor":37.0,"turns":3.0},{"damage":13.0,"enemies":"Jaw Worm Horde","floor":38.0,"turns":3.0},{"damage":7.0,"enemies":"Reptomancer","floor":40.0,"turns":7.0},{"damage":20.0,"enemies":"Spire Growth","floor":42.0,"turns":3.0},{"damage":10.0,"enemies":"Writhing Mass","floor":44.0,"turns":5.0},{"damage":24.0,"enemies":"Nemesis","floor":46.0,"turns":5.0},{"damage":0.0,"enemies":"Reptomancer","floor":48.0,"turns":2.0},{"damage":20,"enemies":"Donu and Deca","floor":50,"turns":3}],"seed_played":"3120634322959237742","potions_obtained":[{"floor":2.0,"key":"Ancient Potion"},{"floor":5.0,"key":"BlessingOfTheForge"},{"floor":8.0,"key":"SneckoOil"},{"floor":14.0,"key":"Explosive Potion"},{"floor":18.0,"key":"Swift Potion"},{"floor":29.0,"key":"Explosive Potion"},{"floor":44.0,"key":"ElixirPotion"},{"floor":46.0,"key":"Strength Potion"}],"is_trial":false,"path_per_floor":["M","M","?","M","M","R","M","E","T","T","M","M","E","M","R","B",null,"M","$","M","M","$","E","?","?","T","R","T","E","M","M","R","B",null,"M","T","M","M","$","E","R","M","T","M","$","E","R","E","R","B",null],"character_chosen":"IRONCLAD","items_purchased":["Dark Embrace","Medical Kit","Bottled Flame"],"campfire_rested":3,"item_purchase_floors":[19,19,39],"current_hp_per_floor":[72,63,43,43,39,39,24,16,16,16,16,15,15,15,39,27,67,67,67,67,63,63,44,34,34,34,59,64,60,63,57,57,46,76,81,87,79,71,86,84,84,69,75,70,85,66,66,71,98,78],"gold":126,"neow_bonus":"BOSS_RELIC","is_daily":false,"chose_seed":false,"campfire_upgraded":4,"win_rate":0.0,"timestamp":1613132935,"path_taken":["M","M","?","M","M","R","M","E","T","?","M","M","E","M","R","BOSS","M","$","M","?","$","E","?","?","T","R","?","E","M","M","R","BOSS","M","?","M","M","$","E","R","M","T","M","$","E","R","E","R","BOSS"],"items_purchased_type":["Card","Relic","Relic"],"build_version":"2020-12-22","purchased_purges":3,"victory":true,"max_hp_per_floor":[80,80,80,80,80,80,80,80,80,80,80,80,80,80,80,80,80,80,80,80,80,80,80,86,86,86,86,86,86,86,86,86,86,86,86,92,92,92,92,92,92,92,98,98,98,98,98,98,98,98],"relic_stats":{"Darkstone Periapt":18,"counters":[17,64],"Charon\u0027s Ashes":[299],"Juzu Bracelet":0,"War Paint":[],"Medical Kit":[3],"Boot":[58],"Cursed Key":2,"Bloody Idol":65,"Snecko Eye":[119,96,115,98],"MealTicket":30,"Necronomicon":[24],"Champion Belt":[10],"obtain_stats":[{"Darkstone Periapt":0,"Calipers":23,"Golden Idol":0,"Thread and Needle":48,"Charon\u0027s Ashes":0,"Juzu Bracelet":43,"War Paint":0,"Medical Kit":19,"Boot":28,"Ancient Tea Set":29,"Cursed Key":34,"Akabeko":28,"SlaversCollar":17,"Bottled Flame":39,"Matryoshka":26,"Bloody Idol":25,"Snecko Eye":0,"MealTicket":36,"Molten Egg 2":36,"Necronomicon":24,"Champion Belt":40,"StrikeDummy":46,"Toy Ornithopter":0},{"Darkstone Periapt":0,"Calipers":4,"Golden Idol":0,"Thread and Needle":16,"Charon\u0027s Ashes":0,"Juzu Bracelet":13,"War Paint":0,"Medical Kit":1,"Boot":4,"Ancient Tea Set":5,"Cursed Key":8,"Akabeko":4,"SlaversCollar":0,"Bottled Flame":11,"Matryoshka":4,"Bloody Idol":4,"Snecko Eye":0,"MealTicket":9,"Molten Egg 2":9,"Necronomicon":4,"Champion Belt":12,"StrikeDummy":15,"Toy Ornithopter":0},{"Darkstone Periapt":0,"Calipers":15,"Golden Idol":0,"Thread and Needle":61,"Charon\u0027s Ashes":0,"Juzu Bracelet":49,"War Paint":0,"Medical Kit":3,"Boot":15,"Ancient Tea Set":19,"Cursed Key":31,"Akabeko":15,"SlaversCollar":0,"Bottled Flame":39,"Matryoshka":15,"Bloody Idol":15,"Snecko Eye":0,"MealTicket":33,"Molten Egg 2":33,"Necronomicon":15,"Champion Belt":46,"StrikeDummy":59,"Toy Ornithopter":0}],"Toy Ornithopter":5},"card_choices":[{"not_picked":["Flex","Headbutt"],"picked":"Twin Strike","floor":1.0},{"not_picked":["Twin Strike","Shrug It Off"],"picked":"Whirlwind","floor":2.0},{"not_picked":["Evolve","Fiend Fire"],"picked":"Shrug It Off","floor":4.0},{"not_picked":["Anger","Armaments"],"picked":"Disarm","floor":5.0},{"not_picked":["Wild Strike","Havoc","Warcry"],"picked":"SKIP","floor":7.0},{"not_picked":["Iron Wave","Hemokinesis"],"picked":"Flame Barrier","floor":8.0},{"not_picked":["Headbutt","Sentinel"],"picked":"Disarm","floor":11.0},{"not_picked":["Perfected Strike","Fire Breathing"],"picked":"True Grit","floor":12.0},{"not_picked":["Clothesline","Armaments"],"picked":"Demon Form","floor":13.0},{"not_picked":["Sword Boomerang","True Grit"],"picked":"Havoc","floor":14.0},{"not_picked":["Juggernaut","Offering"],"picked":"Impervious","floor":16.0},{"not_picked":["Clothesline+1","Fire Breathing"],"picked":"Shockwave","floor":18.0},{"not_picked":["Uppercut","Dropkick","Shrug It Off"],"picked":"SKIP","floor":20.0},{"not_picked":["Clothesline","Battle Trance","Body Slam+1"],"picked":"SKIP","floor":21.0},{"not_picked":["Perfected Strike","Dual Wield"],"picked":"Demon Form","floor":23.0},{"not_picked":["Sever Soul+1","Perfected Strike+1","Flame Barrier+1"],"picked":"SKIP","floor":29.0},{"not_picked":["Flex","Battle Trance","Dual Wield"],"picked":"SKIP","floor":30.0},{"not_picked":["Pommel Strike","Shrug It Off","Thunderclap"],"picked":"SKIP","floor":31.0},{"not_picked":["Offering","Feed"],"picked":"Impervious","floor":33.0},{"not_picked":["Thunderclap+1","Dual Wield+1","Evolve"],"picked":"SKIP","floor":35.0},{"not_picked":["Rupture","Reckless Charge+1","Burning Pact"],"picked":"SKIP","floor":37.0},{"not_picked":["Havoc","Anger+1","Twin Strike+1"],"picked":"SKIP","floor":38.0},{"not_picked":["Headbutt+1","Shrug It Off","Rampage+1"],"picked":"SKIP","floor":40.0},{"not_picked":["Clothesline+1","Sword Boomerang+1"],"picked":"Thunderclap+1","floor":42.0},{"not_picked":["Havoc","Flex","Headbutt+1"],"picked":"SKIP","floor":44.0},{"not_picked":["Twin Strike+1","Pommel Strike+1","Intimidate+1"],"picked":"SKIP","floor":46.0},{"not_picked":["Sentinel","Dark Embrace","Seeing Red+1"],"picked":"SKIP","floor":48.0}],"player_experience":319922,"relics_obtained":[{"floor":8.0,"key":"Toy Ornithopter"},{"floor":9.0,"key":"Charon\u0027s Ashes"},{"floor":10.0,"key":"War Paint"},{"floor":13.0,"key":"Darkstone Periapt"},{"floor":23.0,"key":"Calipers"},{"floor":24.0,"key":"Necronomicon"},{"floor":26.0,"key":"Matryoshka"},{"floor":28.0,"key":"Boot"},{"floor":28.0,"key":"Akabeko"},{"floor":29.0,"key":"Ancient Tea Set"},{"floor":36.0,"key":"MealTicket"},{"floor":36.0,"key":"Molten Egg 2"},{"floor":40.0,"key":"Champion Belt"},{"floor":43.0,"key":"Juzu Bracelet"},{"floor":46.0,"key":"StrikeDummy"},{"floor":48.0,"key":"Thread and Needle"}],"event_choices":[{"damage_healed":0.0,"max_hp_gain":0.0,"max_hp_loss":0.0,"gold_gain":0.0,"event_name":"Golden Idol","player_choice":"Take Damage","floor":3.0,"gold_loss":0.0,"damage_taken":20.0,"relics_obtained":["Golden Idol"]},{"damage_healed":0.0,"max_hp_gain":0.0,"max_hp_loss":0.0,"gold_gain":0.0,"event_name":"Cursed Tome","player_choice":"Obtained Book","floor":24.0,"gold_loss":0.0,"damage_taken":16.0},{"damage_healed":0.0,"max_hp_gain":0.0,"max_hp_loss":0.0,"gold_gain":0.0,"event_name":"Forgotten Altar","player_choice":"Gave Idol","floor":25.0,"relics_lost":["Golden Idol"],"gold_loss":0.0,"damage_taken":0.0,"relics_obtained":["Bloody Idol"]}],"is_beta":false,"boss_relics":[{"not_picked":["SacredBark","Sozu"],"picked":"SlaversCollar"},{"not_picked":["Tiny House","Pandora\u0027s Box"],"picked":"Cursed Key"}],"items_purged_floors":[19,22,39],"is_endless":false,"potions_floor_spawned":[2,5,8,14,16,18,20,29,42,44,46],"ascension_level":8}}