{"host":"udzsrhbqdxqtlypj","time":1613161227,"event":{"mods":["BaseMod","Minty Spire (QoL Compilation)","Relic Stats"],"gold_per_floor":[113,113,133,133,146,171,189,189,189,201,232,58,58,93,105,196,208,234,260,282,294,306,351,363,404,416,47,57,91,111,144,144,223,223,241,241,241,54,54,80,92,125,125,125,125,152,163,176,176,176,176,176,18,49,49],"floor_reached":56,"language":"ENG","playtime":4568,"items_purged":["Defend_G"],"score":2352,"play_id":"0e3a6a44-4d3b-478e-b815-8afe8c99e6c6","local_time":"20210212142027","is_ascension_mode":true,"campfire_choices":[{"data":"Predator","floor":8,"key":"SMITH"},{"data":"Crippling Poison","floor":15,"key":"SMITH"},{"data":"Footwork","floor":24,"key":"SMITH"},{"data":"Acrobatics","floor":32,"key":"SMITH"},{"floor":44,"key":"RECALL"},{"floor":49,"key":"DIG"},{"floor":52,"key":"DIG"}],"circlet_count":0,"master_deck":["AscendersBane","Defend_G","Defend_G","Defend_G","Defend_G","Survivor+1","Neutralize","Predator+1","Quick Slash","Blade Dance","Predator","Panacea","Dagger Spray","Calculated Gamble+1","Terror","Crippling Poison+1","Calculated Gamble","Footwork+1","Acrobatics+1","Corpse Explosion","Well Laid Plans","Bite","Bite","Bite","Bite","Bite","Caltrops+1","Deflect","Dodge and Roll","Noxious Fumes","Storm of Steel","CurseOfTheBell","Backstab","Crippling Poison+1","Cloak And Dagger+1","PiercingWail+1","Acrobatics+1","Phantasmal Killer+1","Backflip+1","Madness+1","Madness+1","Expertise+1","Acrobatics+1","Backflip+1","Clumsy","Burst+1","Blade Dance+1","Cloak And Dagger+1","Dramatic Entrance","Deflect+1","Acrobatics+1","Malaise+1"],"relics":["SlaversCollar","Dead Branch","The Courier","Mummified Hand","War Paint","Lantern","MawBank","Cursed Key","Pear","Centennial Puzzle","Bag of Marbles","Eternal Feather","Pantograph","Ornamental Fan","Calling Bell","Toy Ornithopter","Toxic Egg 2","Shovel","Orrery","Ninja Scroll","Ice Cream","Anchor","Calipers","Gremlin Horn","Happy Flower"],"acts_visited":["Exordium","TheCity","TheBeyond","TheEnding"],"potions_floor_usage":[7,18,20,23,29,30,55,55],"damage_taken":[{"damage":0,"enemies":"2 Louse","floor":1,"turns":4},{"damage":1,"enemies":"Cultist","floor":3,"turns":4},{"damage":0,"enemies":"Small Slimes","floor":5,"turns":3},{"damage":12,"enemies":"Lagavulin","floor":6,"turns":5},{"damage":17,"enemies":"Exordium Thugs","floor":7,"turns":5},{"damage":5,"enemies":"Blue Slaver","floor":10,"turns":2},{"damage":10,"enemies":"3 Sentries","floor":11,"turns":5},{"damage":0,"enemies":"Gremlin Nob","floor":14,"turns":2},{"damage":11,"enemies":"Hexaghost","floor":16,"turns":6},{"damage":16,"enemies":"2 Thieves","floor":18,"turns":3},{"damage":0,"enemies":"Spheric Guardian","floor":19,"turns":5},{"damage":8,"enemies":"Shelled Parasite and Fungi","floor":20,"turns":3},{"damage":26,"enemies":"Book of Stabbing","floor":23,"turns":4},{"damage":3,"enemies":"Gremlin Leader","floor":25,"turns":4},{"damage":10,"enemies":"Sentry and Sphere","floor":28,"turns":5},{"damage":0,"enemies":"Book of Stabbing","floor":29,"turns":4},{"damage":0,"enemies":"Snecko","floor":30,"turns":3},{"damage":12,"enemies":"Slavers","floor":31,"turns":4},{"damage":14,"enemies":"Champ","floor":33,"turns":13},{"damage":6,"enemies":"Orb Walker","floor":35,"turns":3},{"damage":6,"enemies":"Nemesis","floor":40,"turns":7},{"damage":2,"enemies":"3 Shapes","floor":41,"turns":2},{"damage":1,"enemies":"Giant Head","floor":42,"turns":6},{"damage":0,"enemies":"Reptomancer","floor":46,"turns":4},{"damage":0,"enemies":"3 Darklings","floor":47,"turns":1},{"damage":0,"enemies":"Spire Growth","floor":48,"turns":3},{"damage":0,"enemies":"Awakened One","floor":50,"turns":8},{"damage":8,"enemies":"Shield and Spear","floor":54,"turns":3},{"damage":32,"enemies":"The Heart","floor":55,"turns":9}],"seed_played":"4939952437796181944","potions_obtained":[{"floor":1,"key":"Block Potion"},{"floor":10,"key":"Dexterity Potion"},{"floor":14,"key":"Fruit Juice"},{"floor":18,"key":"AttackPotion"},{"floor":20,"key":"DistilledChaos"},{"floor":28,"key":"SneckoOil"},{"floor":29,"key":"Swift Potion"},{"floor":33,"key":"Block Potion"},{"floor":42,"key":"Swift Potion"}],"is_trial":false,"path_per_floor":["M","?","M","?","M","E","M","R","T","M","E","$","?","E","R","B",null,"M","M","M","?","?","E","R","E","T","$","M","E","M","E","R","B",null,"M","?","?","$","?","E","M","E","T","R","?","E","M","M","R","B",null,"R","$","E","B",null],"character_chosen":"THE_SILENT","items_purchased":["Footwork","War Paint","Bag of Marbles","Eternal Feather","Crippling Poison+1","Orrery","Dramatic Entrance","Deflect+1","Acrobatics+1"],"campfire_rested":0,"item_purchase_floors":[12,12,27,27,38,38,53,53,53],"current_hp_per_floor":[63,63,62,62,62,50,33,33,33,28,18,18,18,18,18,7,54,43,43,35,60,52,40,40,47,47,47,41,49,59,51,62,55,60,58,58,58,58,50,52,54,61,61,62,62,62,62,62,62,62,62,62,62,60,34],"gold":49,"neow_bonus":"BOSS_RELIC","is_daily":false,"chose_seed":false,"campfire_upgraded":4,"win_rate":0.0,"timestamp":1613161227,"path_taken":["M","?","?","?","M","E","?","R","T","M","E","?","?","E","R","BOSS","M","M","M","?","?","E","R","E","T","?","M","E","M","E","R","BOSS","M","?","?","?","?","E","M","E","T","R","?","E","M","M","R","BOSS","R","$","E","BOSS"],"items_purchased_type":["Card","Relic","Relic","Relic","Card","Relic","Card","Card","Card"],"build_version":"2020-12-22","purchased_purges":1,"victory":true,"max_hp_per_floor":[70,70,70,70,70,70,70,70,70,70,70,70,70,70,70,70,70,75,75,75,75,52,62,62,62,62,62,62,62,62,62,62,62,62,62,62,62,62,62,62,62,62,62,62,62,62,62,62,62,62,62,62,62,62,62],"relic_stats":{"Gremlin Horn":[1,1],"Happy Flower":[3],"counters":[29,130],"Dead Branch":[312],"Eternal Feather":12,"War Paint":["Survivor","Calculated Gamble"],"MawBank":156,"Cursed Key":1,"Centennial Puzzle":[27],"Shovel":2,"Mummified Hand":[92],"Ornamental Fan":[240],"Pantograph":2,"obtain_stats":[{"Ice Cream":42,"Lantern":13,"Calipers":49,"Gremlin Horn":52,"Cursed Key":17,"Centennial Puzzle":25,"Shovel":34,"Mummified Hand":11,"Ninja Scroll":40,"Pantograph":29,"Toxic Egg 2":34,"Ring of the Snake":0,"Pear":23,"Happy Flower":54,"Dead Branch":6,"Eternal Feather":27,"The Courier":9,"War Paint":12,"MawBank":14,"Calling Bell":34,"SlaversCollar":0,"Anchor":46,"Ornamental Fan":31,"Orrery":38,"Bag of Marbles":27,"Toy Ornithopter":34},{"Ice Cream":23,"Lantern":7,"Calipers":26,"Gremlin Horn":27,"Cursed Key":9,"Centennial Puzzle":14,"Shovel":19,"Mummified Hand":7,"Ninja Scroll":21,"Pantograph":16,"Toxic Egg 2":19,"Ring of the Snake":0,"Pear":13,"Happy Flower":28,"Dead Branch":4,"Eternal Feather":14,"The Courier":5,"War Paint":7,"MawBank":8,"Calling Bell":19,"SlaversCollar":0,"Anchor":24,"Ornamental Fan":18,"Orrery":20,"Bag of Marbles":14,"Toy Ornithopter":19},{"Ice Cream":102,"Lantern":28,"Calipers":110,"Gremlin Horn":118,"Cursed Key":36,"Centennial Puzzle":55,"Shovel":84,"Mummified Hand":28,"Ninja Scroll":94,"Pantograph":64,"Toxic Egg 2":84,"Ring of the Snake":0,"Pear":51,"Happy Flower":121,"Dead Branch":16,"Eternal Feather":55,"The Courier":21,"War Paint":28,"MawBank":30,"Calling Bell":84,"SlaversCollar":0,"Anchor":106,"Ornamental Fan":71,"Orrery":87,"Bag of Marbles":55,"Toy Ornithopter":84}],"Toy Ornithopter":0},"card_choices":[{"not_picked":["Dodge and Roll","Quick Slash"],"picked":"Predator","floor":1},{"not_picked":["Dagger Throw","Quick Slash"],"picked":"Blade Dance","floor":3},{"not_picked":["PiercingWail","Deflect"],"picked":"Dagger Spray","floor":5},{"not_picked":["Dodge and Roll","Outmaneuver"],"picked":"Calculated Gamble","floor":6},{"not_picked":["Finisher","Phantasmal Killer"],"picked":"Terror","floor":7},{"not_picked":["Concentrate","Acrobatics"],"picked":"Crippling Poison","floor":10},{"not_picked":["Prepared","Choke"],"picked":"Calculated Gamble","floor":11},{"not_picked":["Deadly Poison","Well Laid Plans"],"picked":"Acrobatics","floor":14},{"not_picked":["After Image","Grand Finale"],"picked":"Corpse Explosion","floor":16},{"not_picked":["Backflip+1","Flechettes"],"picked":"Calculated Gamble","floor":18},{"not_picked":["Dagger Throw+1","Finisher"],"picked":"Well Laid Plans","floor":19},{"not_picked":["Deadly Poison","Masterful Stab","Bane"],"picked":"SKIP","floor":20},{"not_picked":["Slice","Doppelganger","Sucker Punch"],"picked":"SKIP","floor":23},{"not_picked":["Backflip","Dagger Spray","Quick Slash"],"picked":"SKIP","floor":25},{"not_picked":["Dash","Riddle With Holes"],"picked":"Caltrops+1","floor":28},{"not_picked":["Bouncing Flask","Distraction"],"picked":"Deflect","floor":29},{"not_picked":["Dash","Concentrate"],"picked":"Dodge and Roll","floor":30},{"not_picked":["Poisoned Stab","Riddle With Holes"],"picked":"Noxious Fumes","floor":31},{"not_picked":["Bullet Time","Venomology"],"picked":"Storm of Steel","floor":33},{"not_picked":["Dagger Spray+1","Quick Slash"],"picked":"Backstab","floor":35},{"not_picked":["Masterful Stab","Predator+1"],"picked":"Cloak And Dagger+1","floor":38},{"not_picked":["Choke+1","Caltrops"],"picked":"PiercingWail+1","floor":38},{"not_picked":["PiercingWail+1","Dagger Throw+1"],"picked":"Acrobatics+1","floor":38},{"not_picked":["Prepared+1","Blade Dance+1"],"picked":"Phantasmal Killer+1","floor":38},{"not_picked":["Well Laid Plans","Outmaneuver+1"],"picked":"Backflip+1","floor":38},{"not_picked":["Eviscerate","All Out Attack"],"picked":"Expertise+1","floor":40},{"not_picked":["Tactician+1","Underhanded Strike"],"picked":"Acrobatics+1","floor":41},{"not_picked":["Acrobatics+1","Flechettes+1"],"picked":"Backflip+1","floor":42},{"not_picked":["Deflect+1","Backflip+1"],"picked":"Burst+1","floor":46},{"not_picked":["Tactician+1","Sucker Punch+1"],"picked":"Blade Dance+1","floor":47},{"not_picked":["Outmaneuver+1","Sucker Punch+1"],"picked":"Cloak And Dagger+1","floor":48},{"not_picked":["Dodge and Roll+1","Masterful Stab+1"],"picked":"Malaise+1","floor":54}],"player_experience":2885923,"relics_obtained":[{"floor":6,"key":"Dead Branch"},{"floor":9,"key":"The Courier"},{"floor":11,"key":"Mummified Hand"},{"floor":14,"key":"MawBank"},{"floor":23,"key":"Pear"},{"floor":25,"key":"Centennial Puzzle"},{"floor":29,"key":"Pantograph"},{"floor":31,"key":"Ornamental Fan"},{"floor":34,"key":"Toy Ornithopter"},{"floor":34,"key":"Toxic Egg 2"},{"floor":34,"key":"Shovel"},{"floor":40,"key":"Ninja Scroll"},{"floor":42,"key":"Ice Cream"},{"floor":46,"key":"Anchor"},{"floor":49,"key":"Calipers"},{"floor":52,"key":"Gremlin Horn"},{"floor":54,"key":"Happy Flower"}],"event_choices":[{"damage_healed":0,"gold_gain":0,"cards_transformed":["Strike_G"],"player_choice":"Transformed","damage_taken":0,"max_hp_gain":0,"max_hp_loss":0,"event_name":"Transmorgrifier","floor":2,"gold_loss":0,"cards_obtained":["Quick Slash"]},{"damage_healed":0,"gold_gain":0,"player_choice":"2 cards matched","damage_taken":0,"max_hp_gain":0,"max_hp_loss":0,"event_name":"Match and Keep!","floor":4,"gold_loss":0,"cards_obtained":["Predator","Panacea"]},{"damage_healed":0,"gold_gain":0,"player_choice":"Searched \u00271\u0027 times","damage_taken":0,"relics_obtained":["Lantern"],"max_hp_gain":0,"max_hp_loss":0,"event_name":"Dead Adventurer","floor":13,"gold_loss":0},{"damage_healed":25,"gold_gain":0,"player_choice":"Heal","damage_taken":0,"max_hp_gain":0,"max_hp_loss":0,"event_name":"The Library","floor":21,"gold_loss":0},{"damage_healed":0,"gold_gain":0,"player_choice":"Became a vampire","damage_taken":0,"max_hp_gain":0,"max_hp_loss":23,"event_name":"Vampires","floor":22,"gold_loss":0,"cards_obtained":["Bite","Bite","Bite","Bite","Bite"]},{"cards_removed":["Calculated Gamble"],"damage_healed":0,"gold_gain":0,"player_choice":"Removed Skill","damage_taken":0,"max_hp_gain":0,"max_hp_loss":0,"event_name":"Falling","floor":36,"gold_loss":0},{"damage_healed":0,"gold_gain":0,"player_choice":"Ignored","damage_taken":0,"max_hp_gain":0,"max_hp_loss":0,"event_name":"Tomb of Lord Red Mask","floor":37,"gold_loss":0},{"damage_healed":0,"gold_gain":0,"player_choice":"Embrace Madness","damage_taken":8,"max_hp_gain":0,"max_hp_loss":0,"event_name":"Winding Halls","floor":39,"gold_loss":0,"cards_obtained":["Madness","Madness"]},{"damage_healed":0,"gold_gain":0,"player_choice":"Ignored","damage_taken":0,"max_hp_gain":0,"max_hp_loss":0,"event_name":"SecretPortal","floor":45,"gold_loss":0}],"is_beta":false,"boss_relics":[{"not_picked":["Sozu","Ectoplasm"],"picked":"Cursed Key"},{"not_picked":["Runic Dome","Runic Pyramid"],"picked":"Calling Bell"}],"items_purged_floors":[27],"is_endless":false,"potions_floor_spawned":[1,10,14,18,20,28,29,33,40,42,47,54],"ascension_level":13}}