{"host":"2x189hkb4impm2gi","time":1613105126,"event":{"mods":["AchievementEnabler","BaseMod","Colored Map","Colored Powertips","Downfall","Minty Spire (QoL Compilation)","StSLib"],"gold_per_floor":[99,119,119,134,151,63,131,157,174,12,24,42,58,123,133,133,133,133],"floor_reached":16,"language":"ENG","playtime":1758,"items_purged":[],"score":131,"play_id":"5690cdca-395b-440e-a39c-207eb30e1661","local_time":"20210211234526","is_ascension_mode":false,"campfire_choices":[{"floor":1,"key":"RECALL"}],"circlet_count":0,"master_deck":["Guardian:Strike_Guardian","Guardian:Strike_Guardian","Guardian:Strike_Guardian","Guardian:Defend_Guardian","Guardian:Defend_Guardian","Guardian:Defend_Guardian","Guardian:Defend_Guardian","Guardian:CurlUp","Guardian:TwinSlam","Guardian:Suspension","Iron Wave","Guardian:PiercingHide","Guardian:Gem_Green","Guardian:Gem_Synthetic","Guardian:ArmoredProtocol","Guardian:BodySlam","Guardian:Incinerate","Guardian:ChargeCore","Guardian:TemporalStrike","Guardian:RollAttack","Guardian:Gem_Yellow","Guardian:TimeBomb","Guardian:Gem_Green"],"relics":["Guardian:ModeShifter","Bottled Tornado","Anchor","Lee\u0027s Waffle","Juzu Bracelet"],"acts_visited":["Exordium"],"potions_floor_usage":[9,13],"damage_taken":[{"damage":6,"enemies":"Jaw Worm","floor":2,"turns":4},{"damage":1,"enemies":"Cultist","floor":4,"turns":4},{"damage":0,"enemies":"2 Louse","floor":5,"turns":4},{"damage":0,"enemies":"downfall:FleeingMerchant","floor":6,"turns":4},{"damage":73,"enemies":"Gremlin Nob","floor":8,"turns":7},{"damage":3,"enemies":"Gremlin Gang","floor":9,"turns":6},{"damage":0,"enemies":"downfall:FleeingMerchant","floor":10,"turns":4},{"damage":0,"enemies":"3 Louse","floor":11,"turns":4},{"damage":1,"enemies":"Large Slime","floor":12,"turns":9},{"damage":0,"enemies":"Red Slaver","floor":13,"turns":4},{"damage":31,"enemies":"Lagavulin Event","floor":14,"turns":9},{"damage":0,"enemies":"3 Louse","floor":15,"turns":4},{"damage":87,"enemies":"DF_ARCHETYPE_STREAMLINE","floor":16,"turns":14}],"seed_played":"7678001833657567031","potions_obtained":[{"floor":2,"key":"FearPotion"},{"floor":8,"key":"BlessingOfTheForge"},{"floor":11,"key":"DuplicationPotion"},{"floor":12,"key":"DuplicationPotion"},{"floor":13,"key":"sneckomod:MuddlingPotion"},{"floor":14,"key":"hexamod:SoulburnPotion"}],"is_trial":false,"path_per_floor":["R","M","?","M","M","$","T","E","M","$","M","M","M","?","M","B"],"character_chosen":"GUARDIAN","items_purchased":["Guardian:ArmoredProtocol","Lee\u0027s Waffle"],"campfire_rested":0,"item_purchase_floors":[6,10],"current_hp_per_floor":[88,82,82,81,81,81,81,8,5,95,95,94,94,63,63,0,0,0],"gold":133,"neow_bonus":"TEN_PERCENT_HP_BONUS","is_daily":false,"chose_seed":false,"campfire_upgraded":0,"win_rate":0.0,"timestamp":1613105126,"path_taken":["R","M","?","?","M","$","T","E","M","?","M","M","M","?","M","BOSS"],"items_purchased_type":["Card","Relic"],"build_version":"2020-12-22","purchased_purges":0,"victory":false,"max_hp_per_floor":[88,88,88,88,88,88,88,88,88,95,95,95,95,95,95,95,95,95],"card_choices":[{"not_picked":["Guardian:TimeCapacitor","Guardian:FloatingOrbs"],"picked":"Guardian:Suspension","floor":2},{"not_picked":["Guardian:Gem_Crimson","Guardian:Gem_Fragmented"],"picked":"Guardian:PiercingHide","floor":4},{"not_picked":["Guardian:Harden","Guardian:WalkerClaw"],"picked":"Guardian:Gem_Green","floor":5},{"not_picked":["Guardian:Reroute","Guardian:BodySlam"],"picked":"Guardian:Gem_Synthetic","floor":6},{"not_picked":["Guardian:VentSteam","Guardian:Gem_Yellow"],"picked":"Guardian:BodySlam","floor":8},{"not_picked":["Guardian:AncientConstruct","Guardian:PiercingHide"],"picked":"Guardian:Incinerate","floor":9},{"not_picked":["Guardian:Gem_Cyan","Guardian:Suspension"],"picked":"Guardian:ChargeCore","floor":10},{"not_picked":["Guardian:Incinerate","Guardian:Gem_Green"],"picked":"Guardian:TemporalStrike","floor":11},{"not_picked":["Guardian:Planning","Guardian:Suspension"],"picked":"Guardian:RollAttack","floor":12},{"not_picked":["Guardian:MultiBeam","Guardian:Gem_Green"],"picked":"Guardian:Gem_Yellow","floor":13},{"not_picked":["Guardian:DonusPower","Guardian:StasisStrike"],"picked":"Guardian:TimeBomb","floor":14},{"not_picked":["Guardian:DonusPower","Guardian:Planning"],"picked":"Guardian:Gem_Green","floor":15}],"player_experience":83817,"relics_obtained":[{"floor":7,"key":"Bottled Tornado"},{"floor":8,"key":"Anchor"},{"floor":14,"key":"Juzu Bracelet"}],"event_choices":[{"cards_removed":["Guardian:Strike_Guardian"],"damage_healed":0,"gold_gain":0,"player_choice":"Took Card","damage_taken":0,"max_hp_gain":0,"max_hp_loss":0,"event_name":"NoteForYourself","floor":3,"gold_loss":0,"cards_obtained":["Iron Wave"]}],"is_beta":false,"boss_relics":[],"items_purged_floors":[],"is_endless":false,"potions_floor_spawned":[2,8,11,12,13,14],"killed_by":"DF_ARCHETYPE_STREAMLINE","ascension_level":0}}