{"host":"19r1ww88x2tc73i0","time":1613116600,"event":{"mods":["BaseMod","Bestiary","BetterRewards","Colored Map","Minty Spire (QoL Compilation)","Relic Stats","StSLib","SuperFastMode","slay the spire mod where everything is the same but ironclad has a cowboy hat"],"gold_per_floor":[19,19,44,64,87,87,87,100,100,131,43,43,43,84,84,180,180,205,221,221,235,255,255,268,312,312,352,1,20,20,145,145,244,244,258,279,279,279,279,323,323,341,341,359,392,392,417,437,437,437,437],"floor_reached":50,"language":"ENG","playtime":2073,"items_purged":["Strike_G"],"score":1233,"play_id":"6ff4917f-e7a8-4cf5-96a7-8a0e237ddf2f","local_time":"25640212145640","is_ascension_mode":true,"campfire_choices":[{"data":"Eviscerate","floor":6.0,"key":"SMITH"},{"data":"Accuracy","floor":12.0,"key":"SMITH"},{"data":"A Thousand Cuts","floor":15.0,"key":"SMITH"},{"data":"Blade Dance","floor":23.0,"key":"SMITH"},{"data":"After Image","floor":30.0,"key":"SMITH"},{"floor":32.0,"key":"REST"},{"data":"Accuracy","floor":41.0,"key":"SMITH"},{"floor":46,"key":"REST"},{"floor":49,"key":"RECALL"}],"circlet_count":0,"master_deck":["AscendersBane","Survivor","Eviscerate+1","Underhanded Strike","Acrobatics+1","Accuracy+1","Blade Dance+1","Dagger Spray","Terror","A Thousand Cuts+1","After Image+1","Cloak And Dagger+1","Calculated Gamble","Storm of Steel","PiercingWail+1","Dagger Throw","Blade Dance","PiercingWail","Outmaneuver+1","Malaise","Reflex","Backflip","Accuracy+1","Bullet Time","Die Die Die","Flechettes","Bane","Dash","Masterful Stab","Prepared","Dagger Throw","Panacea","PanicButton","Leg Sweep","PiercingWail+1","Footwork+1","Infinite Blades+1","Concentrate"],"relics":["Ring of the Snake","Tingsha","Golden Idol","Juzu Bracelet","War Paint","Ninja Scroll","Bag of Marbles","HoveringKite","Happy Flower","Shuriken","Sundial","Lantern","Incense Burner","Matryoshka","Pandora\u0027s Box","Snake Skull","Centennial Puzzle","MealTicket"],"acts_visited":["Exordium","TheCity","TheBeyond"],"potions_floor_usage":[],"damage_taken":[{"damage":0.0,"enemies":"Jaw Worm","floor":1.0,"turns":5.0},{"damage":0.0,"enemies":"Small Slimes","floor":3.0,"turns":3.0},{"damage":0.0,"enemies":"2 Louse","floor":4.0,"turns":2.0},{"damage":0.0,"enemies":"2 Fungi Beasts","floor":5.0,"turns":3.0},{"damage":11.0,"enemies":"Looter","floor":8.0,"turns":3.0},{"damage":12.0,"enemies":"Lagavulin","floor":10.0,"turns":4.0},{"damage":0.0,"enemies":"Gremlin Nob","floor":14.0,"turns":2.0},{"damage":32.0,"enemies":"Hexaghost","floor":16.0,"turns":5.0},{"damage":0.0,"enemies":"Spheric Guardian","floor":18.0,"turns":3.0},{"damage":0.0,"enemies":"Chosen","floor":19.0,"turns":3.0},{"damage":0.0,"enemies":"Shelled Parasite and Fungi","floor":21.0,"turns":3.0},{"damage":11.0,"enemies":"Sentry and Sphere","floor":22.0,"turns":3.0},{"damage":12.0,"enemies":"Snecko","floor":24.0,"turns":3.0},{"damage":0.0,"enemies":"Gremlin Leader","floor":25.0,"turns":4.0},{"damage":6.0,"enemies":"Slavers","floor":27.0,"turns":5.0},{"damage":0.0,"enemies":"Snake Plant","floor":29.0,"turns":2.0},{"damage":15.0,"enemies":"Colosseum Slavers","floor":31.0,"turns":2.0},{"damage":0.0,"enemies":"Colosseum Nobs","floor":31.0,"turns":2.0},{"damage":8.0,"enemies":"Champ","floor":33.0,"turns":8.0},{"damage":0.0,"enemies":"3 Darklings","floor":35.0,"turns":3.0},{"damage":0.0,"enemies":"Orb Walker","floor":36.0,"turns":2.0},{"damage":6.0,"enemies":"Nemesis","floor":40.0,"turns":4.0},{"damage":8.0,"enemies":"Writhing Mass","floor":42.0,"turns":5.0},{"damage":0,"enemies":"Spire Growth","floor":44,"turns":3},{"damage":15,"enemies":"Giant Head","floor":45,"turns":5},{"damage":0,"enemies":"Jaw Worm Horde","floor":47,"turns":3},{"damage":0,"enemies":"3 Darklings","floor":48,"turns":2},{"damage":40,"enemies":"Time Eater","floor":50,"turns":6}],"seed_played":"-7308572239426833933","potions_obtained":[{"floor":1.0,"key":"Regen Potion"},{"floor":4.0,"key":"Poison Potion"},{"floor":5.0,"key":"PowerPotion"},{"floor":10.0,"key":"AttackPotion"},{"floor":18.0,"key":"SneckoOil"},{"floor":24.0,"key":"GhostInAJar"},{"floor":25.0,"key":"LiquidBronze"},{"floor":36.0,"key":"SkillPotion"},{"floor":40.0,"key":"Ancient Potion"},{"floor":45,"key":"SteroidPotion"},{"floor":47,"key":"Energy Potion"}],"is_trial":false,"path_per_floor":["M","?","M","M","M","R","T","M","T","E","$","R","?","E","R","B",null,"M","M","?","M","M","R","M","E","T","E","$","M","R","?","R","B",null,"M","M","?","?","?","E","R","M","T","M","E","R","M","M","R","B"],"character_chosen":"THE_SILENT","items_purchased":["Terror","Lantern","Blade Dance","PiercingWail"],"campfire_rested":2,"item_purchase_floors":[11,28,28,28],"current_hp_per_floor":[59,59,59,59,59,59,59,48,48,45,45,45,50,50,50,18,53,53,53,53,53,42,42,30,30,30,24,24,24,24,9,28,20,54,54,54,54,54,49,43,43,35,35,35,20,38,38,38,38,0,0],"gold":437,"neow_bonus":"ONE_RARE_RELIC","is_daily":false,"chose_seed":false,"campfire_upgraded":6,"win_rate":0.0,"timestamp":1613116600,"path_taken":["M","?","M","M","M","R","?","M","T","E","?","R","?","E","R","BOSS","M","M","?","M","M","R","M","E","T","E","$","M","R","?","R","BOSS","M","M","?","?","?","E","R","M","T","M","E","R","M","M","R","BOSS"],"items_purchased_type":["Card","Relic","Card","Card"],"build_version":"2020-12-22","purchased_purges":1,"victory":false,"max_hp_per_floor":[66,60,60,60,60,60,60,60,60,60,60,60,65,65,65,65,65,65,65,65,65,65,65,65,65,65,65,65,65,65,65,65,65,65,65,65,62,62,62,62,62,62,62,62,62,62,62,62,62,62,62],"relic_stats":{"Happy Flower":[17],"counters":[28,98],"Golden Idol":174,"HoveringKite":[41],"Tingsha":[225],"Snake Skull":[0],"Juzu Bracelet":0,"War Paint":["Acrobatics","Defend_G"],"Centennial Puzzle":[6],"Shuriken":[53],"Sundial":[2],"Pandora\u0027s Box":["Reflex","Backflip","Accuracy","Bullet Time","Die Die Die","Flechettes","Bane","Dash","Masterful Stab"],"MealTicket":0,"obtain_stats":[{"Lantern":28,"Happy Flower":25,"Golden Idol":2,"HoveringKite":17,"Tingsha":0,"Snake Skull":40,"Juzu Bracelet":7,"Incense Burner":31,"War Paint":9,"Centennial Puzzle":43,"Matryoshka":31,"Ninja Scroll":10,"Shuriken":26,"Sundial":27,"Pandora\u0027s Box":34,"MealTicket":45,"Bag of Marbles":14,"Ring of the Snake":0},{"Lantern":15,"Happy Flower":14,"Golden Idol":1,"HoveringKite":8,"Tingsha":0,"Snake Skull":22,"Juzu Bracelet":4,"Incense Burner":18,"War Paint":5,"Centennial Puzzle":23,"Matryoshka":18,"Ninja Scroll":6,"Shuriken":14,"Sundial":15,"Pandora\u0027s Box":19,"MealTicket":25,"Bag of Marbles":7,"Ring of the Snake":0},{"Lantern":51,"Happy Flower":46,"Golden Idol":5,"HoveringKite":27,"Tingsha":0,"Snake Skull":74,"Juzu Bracelet":13,"Incense Burner":57,"War Paint":16,"Centennial Puzzle":79,"Matryoshka":57,"Ninja Scroll":20,"Shuriken":46,"Sundial":51,"Pandora\u0027s Box":65,"MealTicket":87,"Bag of Marbles":22,"Ring of the Snake":0}],"Ring of the Snake":[56]},"card_choices":[{"not_picked":["Setup","Tactician"],"picked":"Eviscerate","floor":1.0},{"not_picked":["Finisher","Caltrops"],"picked":"Underhanded Strike","floor":3.0},{"not_picked":["Deadly Poison","Calculated Gamble"],"picked":"Acrobatics","floor":4.0},{"not_picked":["Dodge and Roll","Underhanded Strike"],"picked":"Accuracy","floor":5.0},{"not_picked":["Setup","Sucker Punch"],"picked":"Blade Dance","floor":8.0},{"not_picked":["Quick Slash","Tactician"],"picked":"Dagger Spray","floor":10.0},{"not_picked":["Caltrops","Slice"],"picked":"A Thousand Cuts","floor":14.0},{"not_picked":["Glass Knife","Night Terror"],"picked":"After Image","floor":16.0},{"not_picked":["Bane","PiercingWail"],"picked":"Cloak And Dagger+1","floor":18.0},{"not_picked":["Underhanded Strike+1","Backflip"],"picked":"Calculated Gamble","floor":19.0},{"not_picked":["Escape Plan","Bouncing Flask"],"picked":"Storm of Steel","floor":21.0},{"not_picked":["Quick Slash","Cloak And Dagger","Deadly Poison"],"picked":"SKIP","floor":22.0},{"not_picked":["Deadly Poison","Dagger Throw"],"picked":"PiercingWail+1","floor":24.0},{"not_picked":["Underhanded Strike+1","Riddle With Holes","Eviscerate"],"picked":"SKIP","floor":25.0},{"not_picked":["Flechettes","Corpse Explosion"],"picked":"Dagger Throw","floor":27.0},{"not_picked":["Setup","Flying Knee","Poisoned Stab+1"],"picked":"SKIP","floor":29.0},{"not_picked":["Dodge and Roll","Underhanded Strike"],"picked":"Outmaneuver+1","floor":31.0},{"not_picked":["Night Terror","Die Die Die"],"picked":"Malaise","floor":33.0},{"not_picked":["Escape Plan","Deadly Poison+1"],"picked":"Prepared","floor":35.0},{"not_picked":["Deflect","Deadly Poison"],"picked":"Dagger Throw","floor":36.0},{"not_picked":["Finesse","Forethought"],"picked":"Panacea","floor":39.0},{"not_picked":["Dramatic Entrance","Purity"],"picked":"PanicButton","floor":39.0},{"not_picked":["Dash+1","Acrobatics"],"picked":"Leg Sweep","floor":40.0},{"not_picked":["Acrobatics+1","Blur"],"picked":"PiercingWail+1","floor":42.0},{"not_picked":["Reflex","Dagger Spray"],"picked":"Footwork+1","floor":44},{"not_picked":["Poisoned Stab","Tactician"],"picked":"Infinite Blades+1","floor":45},{"not_picked":["Outmaneuver","Flechettes"],"picked":"Concentrate","floor":47},{"not_picked":["Concentrate","Poisoned Stab","Endless Agony"],"picked":"SKIP","floor":48}],"player_experience":1053358,"relics_obtained":[{"floor":7.0,"key":"Juzu Bracelet"},{"floor":9.0,"key":"War Paint"},{"floor":10.0,"key":"Ninja Scroll"},{"floor":14.0,"key":"Bag of Marbles"},{"floor":25.0,"key":"Happy Flower"},{"floor":26.0,"key":"Shuriken"},{"floor":27.0,"key":"Sundial"},{"floor":31.0,"key":"Incense Burner"},{"floor":31.0,"key":"Matryoshka"},{"floor":40.0,"key":"Snake Skull"},{"floor":43.0,"key":"Centennial Puzzle"},{"floor":45,"key":"MealTicket"}],"event_choices":[{"damage_healed":0.0,"max_hp_gain":0.0,"max_hp_loss":6.0,"gold_gain":0.0,"event_name":"Golden Idol","player_choice":"Lose Max HP","floor":2.0,"gold_loss":0.0,"damage_taken":0.0,"relics_obtained":["Golden Idol"]},{"damage_healed":0.0,"max_hp_gain":5.0,"max_hp_loss":0.0,"gold_gain":0.0,"event_name":"Big Fish","player_choice":"Donut","floor":13.0,"gold_loss":0.0,"damage_taken":0.0},{"damage_healed":0.0,"max_hp_gain":0.0,"max_hp_loss":0.0,"gold_gain":0.0,"event_name":"Cursed Tome","player_choice":"Ignored","floor":20.0,"gold_loss":0.0,"damage_taken":0.0},{"damage_healed":0.0,"max_hp_gain":0.0,"max_hp_loss":0.0,"gold_gain":0.0,"event_name":"Colosseum","player_choice":"Fight","floor":31.0,"gold_loss":0.0,"damage_taken":0.0},{"damage_healed":0.0,"max_hp_gain":0.0,"max_hp_loss":0.0,"gold_gain":0.0,"event_name":"Colosseum","player_choice":"Fought Nobs","floor":31.0,"gold_loss":0.0,"damage_taken":0.0},{"damage_healed":0.0,"max_hp_gain":0.0,"max_hp_loss":3.0,"gold_gain":0.0,"event_name":"Winding Halls","player_choice":"Max HP","floor":37.0,"gold_loss":0.0,"damage_taken":0.0},{"cards_removed":["Neutralize"],"damage_healed":0.0,"max_hp_gain":0.0,"max_hp_loss":0.0,"gold_gain":0.0,"event_name":"Falling","player_choice":"Removed Attack","floor":38.0,"gold_loss":0.0,"damage_taken":0.0},{"damage_healed":0.0,"max_hp_gain":0.0,"max_hp_loss":0.0,"gold_gain":0.0,"event_name":"SensoryStone","player_choice":"Memory 2","floor":39.0,"gold_loss":0.0,"damage_taken":5.0}],"is_beta":false,"boss_relics":[{"not_picked":["Philosopher\u0027s Stone","Fusion Hammer"],"picked":"HoveringKite"},{"not_picked":["Black Star","Coffee Dripper"],"picked":"Pandora\u0027s Box"}],"items_purged_floors":[28],"is_endless":false,"potions_floor_spawned":[1,4,5,8,10,18,24,25,29,31,36,40,45,47],"killed_by":"Time Eater","ascension_level":20}}