{"host":"pi8b3ffzwvxqztac","time":1613156076,"event":{"mods":["BaseMod","Colored Map","Custom Start","Downfall","Minty Spire (QoL Compilation)","StSLib"],"gold_per_floor":[117,1,17,37,51,77,77,42,42,76,89,89,89,7,7,106,106,88,101,51,66,66,66],"floor_reached":22,"language":"ENG","playtime":1300,"items_purged":[],"score":255,"play_id":"1faa157e-59d5-4572-b3d8-e59805b993c2","local_time":"20210213075436","is_ascension_mode":true,"campfire_choices":[{"floor":7,"key":"REST"},{"data":"Eruption","floor":12,"key":"SMITH"},{"data":"Adaptation","floor":15,"key":"SMITH"}],"circlet_count":0,"master_deck":["Strike_P","Strike_P","Defend_P","Defend_P","Defend_P","Defend_P","Eruption+1","Vigilance","EmptyFist","FearNoEvil","Prostrate","TalkToTheHand","Adaptation+1","FollowUp","Bandage Up+1","LessonLearned","CrushJoints","Weave+1","JustLucky","Evaluate"],"relics":["PureWater","TeardropLocket","InkBottle","Sundial","Sozu"],"acts_visited":["Exordium","TheCity"],"potions_floor_usage":[5,10,18],"damage_taken":[{"damage":0.0,"enemies":"Cultist","floor":1.0,"turns":3.0},{"damage":2.0,"enemies":"Jaw Worm","floor":3.0,"turns":4.0},{"damage":6.0,"enemies":"2 Louse","floor":4.0,"turns":3.0},{"damage":8,"enemies":"Gremlin Gang","floor":5,"turns":6},{"damage":23,"enemies":"Gremlin Nob","floor":6,"turns":4},{"damage":20,"enemies":"3 Sentries","floor":10,"turns":10},{"damage":8,"enemies":"3 Louse","floor":11,"turns":3},{"damage":42,"enemies":"Hexaghost","floor":16,"turns":12},{"damage":8,"enemies":"2 Thieves","floor":18,"turns":4},{"damage":7,"enemies":"Chosen","floor":19,"turns":4},{"damage":42,"enemies":"3 Cultists","floor":21,"turns":7},{"damage":20,"enemies":"Chosen and Byrds","floor":22,"turns":6}],"seed_played":"8877972442599456251","potions_obtained":[{"floor":1.0,"key":"Guardian:BlockOnCardUsePotion"},{"floor":6,"key":"SkillPotion"},{"floor":10,"key":"FairyPotion"},{"floor":16,"key":"Weak Potion"}],"is_trial":false,"path_per_floor":["M","$","M","M","M","E","R","?","T","E","M","R","?","$","R","B",null,"M","M","$","M","M"],"character_chosen":"WATCHER","items_purchased":["FearNoEvil","Prostrate","Bandage Up","JustLucky"],"campfire_rested":1,"item_purchase_floors":[2,2,14,20],"current_hp_per_floor":[65,65,63,57,49,26,47,65,65,45,37,37,30,30,30,13,57,53,50,50,12,0,0],"gold":66,"neow_bonus":"REMOVE_CARD","is_daily":false,"chose_seed":false,"campfire_upgraded":2,"win_rate":0.0,"timestamp":1613156076,"path_taken":["M","$","M","?","?","E","R","?","T","E","M","R","?","?","R","BOSS","M","M","$","M","M"],"items_purchased_type":["Card","Card","Card","Card"],"build_version":"2020-12-22","purchased_purges":0,"victory":false,"max_hp_per_floor":[72,72,72,72,72,72,72,72,72,72,72,72,72,72,72,72,72,72,72,72,72,72,72],"card_choices":[{"not_picked":["Vengeance","PathToVictory"],"picked":"EmptyFist","floor":1.0},{"not_picked":["Pray","EmptyFist","Study"],"picked":"SKIP","floor":3.0},{"not_picked":["Pray","Perseverance","FlyingSleeves"],"picked":"SKIP","floor":4.0},{"not_picked":["JustLucky","InnerPeace"],"picked":"TalkToTheHand","floor":5},{"not_picked":["FlyingSleeves","SpiritShield","Blasphemy"],"picked":"SKIP","floor":6},{"not_picked":["EmptyMind","Protect"],"picked":"Adaptation","floor":10},{"not_picked":["FlyingSleeves","ClearTheMind"],"picked":"FollowUp","floor":11},{"not_picked":["DeusExMachina","Wish"],"picked":"LessonLearned","floor":16},{"not_picked":["EmptyBody","PathToVictory+1"],"picked":"CrushJoints","floor":18},{"not_picked":["JustLucky","WindmillStrike+1"],"picked":"Weave+1","floor":19},{"not_picked":["FlyingSleeves","Crescendo"],"picked":"Evaluate","floor":21}],"player_experience":775902,"relics_obtained":[{"floor":6,"key":"TeardropLocket"},{"floor":9,"key":"InkBottle"},{"floor":10,"key":"Sundial"}],"event_choices":[{"damage_healed":18,"gold_gain":0,"player_choice":"Healed","damage_taken":0,"max_hp_gain":0,"max_hp_loss":0,"event_name":"The Cleric","floor":8,"gold_loss":35},{"cards_removed":["Strike_P"],"damage_healed":0,"gold_gain":0,"player_choice":"Card Removal","damage_taken":7,"max_hp_gain":0,"max_hp_loss":0,"event_name":"Golden Wing","floor":13,"gold_loss":0}],"is_beta":false,"boss_relics":[{"not_picked":["Black Star","Pandora\u0027s Box"],"picked":"Sozu"}],"items_purged_floors":[],"is_endless":false,"potions_floor_spawned":[1,6,10,16,21],"killed_by":"Chosen and Byrds","ascension_level":6}}