{"host":"lehz9p79pih88cc3","time":1613156558,"event":{"mods":["AchievementEnabler","Act Like it!","Aspiration","BaseMod","Better Match","Better Note","Better Skull","Better Third Choice","CapriCore","Defuse TimeMaze Blight","Disable Question Mark Monsters","Displayed Cursed Tome","Downfall","Emptier Cage","Infinite Spire","Koishi","Minty Spire (QoL Compilation)","Permanent Neow","Quick Restart","Reimu??????","Relic Stats","Reliquary","Replay The Spire","SacredBarkPlus","Shop Mod","StSLib","The Administrix","The Bug Knight","The Construct","The Immortal","The Mystic","The Runesmith","The Servant 0.9.4","Transform Curses","Uncapped","Yakumo Yukari mod","Yuyuko"],"gold_per_floor":[115,65,18,18,18,18,29,45,70,70,88,100,100,154,154,249,249,263,277,295,295,57,71,71,90,162,188,188,188,188,218,218,333,333,366,392,470,470,83,83,126,148,148],"floor_reached":42,"language":"ENG","playtime":1619,"items_purged":["HollowMod:QuickDashStart","HollowMod:GoodIntentions+1"],"score":458,"play_id":"da5f5b2e-09f1-4d52-a525-4c92ffbd4d6e","local_time":"20210212140238","is_ascension_mode":false,"campfire_choices":[{"data":"HollowMod:GoodIntentions","floor":6,"key":"SMITH"},{"data":"HollowMod:WraithStrike","floor":10,"key":"SMITH"},{"data":"HollowMod:ShadowDash","floor":13,"key":"SMITH"},{"data":"HollowMod:AbyssShriek","floor":15,"key":"SMITH"},{"data":"HollowMod:DoubleDash","floor":24,"key":"SMITH"},{"floor":29,"key":"REST"},{"floor":32,"key":"REST"},{"data":"HollowMod:ShadowDash","floor":32,"key":"SMITH"},{"floor":40,"key":"REST"},{"data":"HollowMod:WraithStrike","floor":40,"key":"SMITH"}],"circlet_count":0,"master_deck":["HollowMod:QuickDashStart","HollowMod:PogoStrike","HollowMod:AbyssShriek+1","HollowMod:WraithStrike+1","HollowMod:CloakDash","HollowMod:CloakDash","HollowMod:ShadowDash+1","HollowMod:WraithStrike+1","HollowMod:DoubleDash+1","HollowMod:DescendingDark","HollowMod:ShadowDash+1","HollowMod:ShadowDash+1","HollowMod:VengefulVoid+1","HollowMod:SiblingsShadow"],"relics":["Kintsugi","ReplayTheSpireMod:Lightbulb","Sozu","HornCleat","aspiration:SeaSaltIceCream","Koishi:ImaginaryFriend","Replay:Bandana","infinitespire:Magic Flask","Prayer Wheel","Incense Burner"],"acts_visited":["Exordium","TheCity","TheBeyond"],"potions_floor_usage":[16],"damage_taken":[{"damage":19,"enemies":"Jaw Worm","floor":1,"turns":7},{"damage":0,"enemies":"Small Slimes","floor":7,"turns":2},{"damage":1,"enemies":"2 Louse","floor":8,"turns":2},{"damage":0,"enemies":"Lots of Slimes","floor":11,"turns":1},{"damage":0,"enemies":"Large Slime","floor":12,"turns":4},{"damage":23,"enemies":"HollowMod:FalseKnight","floor":16,"turns":8},{"damage":0,"enemies":"Shell Parasite","floor":18,"turns":3},{"damage":0,"enemies":"3 Byrds","floor":19,"turns":4},{"damage":0,"enemies":"Shelled Parasite and Fungi","floor":20,"turns":4},{"damage":1,"enemies":"Snake Plant","floor":23,"turns":4},{"damage":0,"enemies":"Chosen and Byrds","floor":25,"turns":4},{"damage":32,"enemies":"Slavers","floor":27,"turns":3},{"damage":7,"enemies":"Cultist and Chosen","floor":31,"turns":4},{"damage":0,"enemies":"Automaton","floor":33,"turns":8},{"damage":0,"enemies":"3 Darklings","floor":35,"turns":4},{"damage":12,"enemies":"3 Shapes","floor":36,"turns":3},{"damage":25,"enemies":"2 Orb Walkers","floor":37,"turns":3},{"damage":0,"enemies":"Jaw Worm Horde","floor":41,"turns":3},{"damage":62,"enemies":"Jaw Worm Horde","floor":42,"turns":24}],"seed_played":"4158744838177782684","potions_obtained":[{"floor":1,"key":"DistilledChaos"},{"floor":11,"key":"Strength Potion"},{"floor":12,"key":"GamblersBrew"}],"is_trial":false,"path_per_floor":["M","?","$","?","?","R","M","M","T","R","M","M","R","?","R","B",null,"M","M","M","?","$","M","R","M","T","E","?","R","AVR","M","R","B",null,"M","M","?","?","$","R","M","?"],"character_chosen":"THE_BUGKNIGHT","items_purchased":["HollowMod:GoodIntentions","HornCleat","Incense Burner"],"campfire_rested":3,"item_purchase_floors":[3,22,39],"current_hp_per_floor":[56,56,56,56,56,56,56,55,55,55,55,55,55,55,55,32,75,75,75,75,75,75,74,74,74,74,42,42,64,64,57,75,75,75,75,63,38,38,38,60,60,0,0],"gold":148,"neow_bonus":"BOSS_RELIC","is_daily":false,"chose_seed":false,"campfire_upgraded":7,"win_rate":0.0,"timestamp":1613156558,"path_taken":["M","?","$","?","?","R","M","?","T","R","M","M","R","?","R","BOSS","M","M","M","?","$","M","R","?","T","E","?","R","AVR","M","R","BOSS","M","M","?","?","$","R","M","?"],"items_purchased_type":["Card","Relic","Relic"],"build_version":"2020-12-22","purchased_purges":2,"victory":false,"max_hp_per_floor":[75,75,75,75,75,75,75,75,75,75,75,75,75,75,75,75,75,75,75,75,75,75,75,75,75,75,75,75,75,75,75,75,75,75,75,75,75,75,75,75,75,75,75],"relic_stats":{"Sozu":5,"counters":[19,95],"Prayer Wheel":1,"obtain_stats":[{"Sozu":17,"Replay:Bandana":27,"HornCleat":22,"HollowMod:VesselMask":0,"Prayer Wheel":37,"Incense Burner":39,"aspiration:SeaSaltIceCream":26,"infinitespire:Magic Flask":30,"Kintsugi":0,"ReplayTheSpireMod:Lightbulb":9,"Koishi:ImaginaryFriend":26},{"Sozu":6,"Replay:Bandana":12,"HornCleat":9,"HollowMod:VesselMask":0,"Prayer Wheel":17,"Incense Burner":17,"aspiration:SeaSaltIceCream":11,"infinitespire:Magic Flask":12,"Kintsugi":0,"ReplayTheSpireMod:Lightbulb":3,"Koishi:ImaginaryFriend":11},{"Sozu":24,"Replay:Bandana":46,"HornCleat":35,"HollowMod:VesselMask":0,"Prayer Wheel":68,"Incense Burner":68,"aspiration:SeaSaltIceCream":43,"infinitespire:Magic Flask":46,"Kintsugi":0,"ReplayTheSpireMod:Lightbulb":11,"Koishi:ImaginaryFriend":43}]},"card_choices":[{"not_picked":["HollowMod:ShadowDash","HollowMod:SharpenedShadows"],"picked":"HollowMod:AbyssShriek","floor":1},{"not_picked":["HollowMod:InfectedAttack","HollowMod:PureNailStrike"],"picked":"HollowMod:WraithStrike","floor":7},{"not_picked":["HollowMod:ShapeofUnn","HollowMod:WraithStrike"],"picked":"HollowMod:CloakDash","floor":8},{"not_picked":["HollowMod:RecoilStrike","HollowMod:SoulStrike"],"picked":"HollowMod:CloakDash","floor":11},{"not_picked":["HollowMod:CloakDash","HollowMod:SoulSplash"],"picked":"HollowMod:ShadowDash","floor":12},{"not_picked":["HollowMod:Weaversong","HollowMod:SlysStrikes"],"picked":"HollowMod:HornetsHelp","floor":16},{"not_picked":["HollowMod:Grubsong","HollowMod:LifebloodCocoon+1"],"picked":"HollowMod:WraithStrike","floor":18},{"not_picked":["HollowMod:SoulSplash","HollowMod:InfectedCysts","HollowMod:MonarchWings"],"picked":"SKIP","floor":19},{"not_picked":["HollowMod:GoodIntentions","HollowMod:DreamGate"],"picked":"HollowMod:DoubleDash","floor":20},{"not_picked":["HollowMod:RecoilStrike","HollowMod:NewJinnsSoul"],"picked":"HollowMod:DescendingDark","floor":23},{"not_picked":["HollowMod:SoulStrike","HollowMod:CloakDash+1","HollowMod:InfectedAttack"],"picked":"SKIP","floor":25},{"not_picked":["HollowMod:InfectedCysts","HollowMod:LifebloodCore"],"picked":"HollowMod:ShadowDash","floor":27},{"not_picked":["HollowMod:SharpenedShadows+1","HollowMod:NewJinnsSoul"],"picked":"HollowMod:ShadowDash","floor":31},{"not_picked":["HollowMod:QuirrelsAssistance","HollowMod:MantisMark","HollowMod:SoulSplash"],"picked":"SKIP","floor":35},{"not_picked":["HollowMod:WraithStrike+1","HollowMod:FallenFury"],"picked":"HollowMod:VengefulVoid+1","floor":36},{"not_picked":["HollowMod:Grubsong+1","HollowMod:DreamGate+1"],"picked":"HollowMod:SiblingsShadow","floor":41},{"not_picked":["HollowMod:CycloneSlash+1","HollowMod:InfectionAssault","HollowMod:theNailsmith"],"picked":"SKIP","floor":41}],"player_experience":278204,"relics_obtained":[{"floor":9,"key":"ReplayTheSpireMod:Lightbulb"},{"floor":26,"key":"aspiration:SeaSaltIceCream"},{"floor":27,"key":"Replay:Bandana"},{"floor":37,"key":"Prayer Wheel"}],"event_choices":[{"cards_removed":["Shame"],"damage_healed":0,"gold_gain":0,"player_choice":"Card Removal","damage_taken":0,"max_hp_gain":0,"max_hp_loss":0,"event_name":"The Cleric","floor":2,"gold_loss":50},{"cards_removed":["Doubt"],"damage_healed":0,"gold_gain":0,"player_choice":"Forget","damage_taken":0,"max_hp_gain":0,"max_hp_loss":0,"event_name":"Living Wall","floor":4,"gold_loss":0},{"cards_removed":["HollowMod:FocusHealStart"],"damage_healed":0,"gold_gain":0,"player_choice":"Purged","damage_taken":0,"max_hp_gain":0,"max_hp_loss":0,"event_name":"Purifier","floor":5,"gold_loss":0},{"damage_healed":0,"gold_gain":54,"player_choice":"Gained Gold","damage_taken":0,"max_hp_gain":0,"max_hp_loss":0,"event_name":"Golden Wing","floor":14,"gold_loss":0},{"cards_removed":["HollowMod:NailStrikeStart"],"damage_healed":0,"gold_gain":0,"player_choice":"Purged","damage_taken":0,"max_hp_gain":0,"max_hp_loss":0,"event_name":"Purifier","floor":21,"gold_loss":0},{"damage_healed":0,"gold_gain":0,"player_choice":"Upgraded","damage_taken":0,"max_hp_gain":0,"max_hp_loss":0,"event_name":"Upgrade Shrine","floor":28,"gold_loss":0,"cards_upgraded":["HollowMod:ShadowDash"]},{"damage_healed":0,"gold_gain":0,"player_choice":"Fight","damage_taken":0,"max_hp_gain":0,"max_hp_loss":0,"event_name":"Mysterious Sphere","floor":37,"gold_loss":0}],"is_beta":false,"boss_relics":[{"not_picked":["infinitespire:Cupcake","Snecko Heart"],"picked":"Sozu"},{"not_picked":["aspiration:FutureDiary","Replay:Wanted Poster","Cursed Key"]}],"items_purged_floors":[30,39],"is_endless":false,"potions_floor_spawned":[1,11,12,19,20,27,31,35,41],"killed_by":"Jaw Worm Horde","ascension_level":0}}