{"host":"uv5ws9rdk87e8i5k","time":1613158264,"event":{"mods":["AchievementEnabler","BaseMod","Colored Map","Minty Spire (QoL Compilation)","Permanent Neow","Quick Restart","StSLib","SuperFastMode","The Necromancer"],"gold_per_floor":[130,162,185,197,228,271,299,341,353,365,365],"floor_reached":10,"language":"ENG","playtime":303,"items_purged":[],"score":128,"play_id":"178892e2-80b9-4da5-806b-ede31457be59","local_time":"20210212133104","is_ascension_mode":true,"campfire_choices":[],"circlet_count":0,"master_deck":["AscendersBane","Strike_R","Strike_R","Strike_R","Strike_R","Strike_R","Defend_R","Defend_R","Defend_R","Defend_R","Bash","Battle Trance","Twin Strike","Headbutt","Offering","Flash of Steel","Thunderclap","Spot Weakness","Seeing Red","Armaments"],"relics":["Burning Blood","MawBank","Nunchaku","Boot","Gremlin Horn"],"acts_visited":["Exordium"],"potions_floor_usage":[],"damage_taken":[{"damage":7.0,"enemies":"2 Louse","floor":1.0,"turns":3.0},{"damage":1.0,"enemies":"Cultist","floor":2.0,"turns":4.0},{"damage":7.0,"enemies":"Small Slimes","floor":3.0,"turns":4.0},{"damage":19.0,"enemies":"Exordium Thugs","floor":5.0,"turns":3.0},{"damage":21.0,"enemies":"3 Sentries","floor":6.0,"turns":6.0},{"damage":25.0,"enemies":"Lots of Slimes","floor":7.0,"turns":5.0},{"damage":26.0,"enemies":"Lagavulin","floor":8.0,"turns":4.0},{"damage":0,"enemies":"Gremlin Nob","floor":10,"turns":1}],"seed_played":"-8311109452758739866","potions_obtained":[{"floor":1.0,"key":"AttackPotion"},{"floor":2.0,"key":"DuplicationPotion"},{"floor":7.0,"key":"SpeedPotion"}],"is_trial":false,"path_per_floor":["M","M","M","?","M","E","M","E","T","E"],"character_chosen":"IRONCLAD","items_purchased":[],"campfire_rested":0,"item_purchase_floors":[],"current_hp_per_floor":[71,76,75,75,62,47,28,8,8,8,8],"gold":365,"neow_bonus":"RANDOM_COMMON_RELIC","is_daily":false,"chose_seed":false,"campfire_upgraded":0,"win_rate":0.0,"timestamp":1613158264,"path_taken":["M","M","M","?","M","E","M","E","T","E"],"items_purchased_type":[],"build_version":"2020-12-22","purchased_purges":0,"victory":false,"max_hp_per_floor":[80,80,80,80,80,80,80,80,80,80,80],"card_choices":[{"not_picked":["Pummel","Perfected Strike"],"picked":"Battle Trance","floor":1.0},{"not_picked":["Havoc","Intimidate"],"picked":"Twin Strike","floor":2.0},{"not_picked":["Bloodletting","Corruption"],"picked":"Headbutt","floor":3.0},{"not_picked":["Perfected Strike","Warcry"],"picked":"Thunderclap","floor":5.0},{"not_picked":["Dual Wield","Metallicize"],"picked":"Spot Weakness","floor":6.0},{"not_picked":["Brutality","Inflame"],"picked":"Seeing Red","floor":7.0},{"not_picked":["Clothesline","Perfected Strike"],"picked":"Armaments","floor":8.0}],"player_experience":159979,"relics_obtained":[{"floor":6.0,"key":"Nunchaku"},{"floor":8.0,"key":"Boot"},{"floor":9.0,"key":"Gremlin Horn"}],"event_choices":[{"damage_healed":0.0,"max_hp_gain":0.0,"max_hp_loss":0.0,"gold_gain":0.0,"event_name":"Match and Keep!","player_choice":"2 cards matched","floor":4.0,"gold_loss":0.0,"damage_taken":0.0,"cards_obtained":["Offering","Flash of Steel"]}],"is_beta":false,"boss_relics":[],"items_purged_floors":[],"is_endless":false,"potions_floor_spawned":[1,2,5,7],"killed_by":"Gremlin Nob","ascension_level":12}}