{"host":"b2mjkwtz4bigw2n4","time":1613163258,"event":{"mods":["BaseMod","Colored Powertips","Minty Spire (QoL Compilation)","Quick Restart"],"gold_per_floor":[115,115,115,115,127,162,181,181,181,181,194,22,22,54,54,54,54],"floor_reached":16,"language":"ENG","playtime":528,"items_purged":[],"score":133,"play_id":"8c869487-1d56-4b34-99c7-0252c345d7b0","local_time":"20210212145418","is_ascension_mode":false,"campfire_choices":[{"data":"Loop","floor":8,"key":"SMITH"},{"data":"Dualcast","floor":10,"key":"SMITH"},{"floor":13,"key":"REST"},{"floor":15,"key":"REST"}],"circlet_count":0,"master_deck":["Strike_B","Strike_B","Strike_B","Strike_B","Defend_B","Defend_B","Defend_B","Defend_B","Zap+1","Dualcast+1","Loop+1","Conserve Battery","Reprogram","Capacitor","Defragment"],"relics":["Cracked Core","NeowsBlessing","The Courier","Kunai","Membership Card","Eternal Feather"],"acts_visited":["Exordium"],"potions_floor_usage":[16],"damage_taken":[{"damage":0,"enemies":"Small Slimes","floor":1,"turns":1},{"damage":0,"enemies":"Cultist","floor":5,"turns":1},{"damage":0,"enemies":"Gremlin Nob","floor":6,"turns":1},{"damage":1,"enemies":"Jaw Worm","floor":7,"turns":3},{"damage":13,"enemies":"Red Slaver","floor":11,"turns":3},{"damage":35,"enemies":"3 Sentries","floor":14,"turns":9},{"damage":74,"enemies":"Hexaghost","floor":16,"turns":12}],"seed_played":"-8521722760319201093","potions_obtained":[{"floor":1,"key":"FearPotion"},{"floor":7,"key":"PotionOfCapacity"},{"floor":11,"key":"SkillPotion"}],"is_trial":false,"path_per_floor":["M","$","?","?","M","E","M","R","T","R","M","$","R","E","R","B"],"character_chosen":"DEFECT","items_purchased":["Membership Card","Capacitor","Defragment"],"campfire_rested":2,"item_purchase_floors":[12,12,12],"current_hp_per_floor":[75,75,75,75,75,75,74,74,74,74,61,61,75,40,71,0,0],"gold":54,"neow_bonus":"THREE_ENEMY_KILL","is_daily":false,"chose_seed":false,"campfire_upgraded":2,"win_rate":0.0,"timestamp":1613163258,"path_taken":["M","$","?","?","M","E","?","R","T","R","M","$","R","E","R","BOSS"],"items_purchased_type":["Relic","Card","Card"],"build_version":"2020-12-22","purchased_purges":0,"victory":false,"max_hp_per_floor":[75,75,75,75,75,75,75,75,75,75,75,75,75,75,75,75,75],"card_choices":[{"not_picked":["Melter","Aggregate"],"picked":"Static Discharge","floor":1},{"not_picked":["Stack","Compile Driver","Genetic Algorithm"],"picked":"SKIP","floor":5},{"not_picked":["Hologram","Rebound"],"picked":"Loop","floor":6},{"not_picked":["Reinforced Body","Glacier"],"picked":"Conserve Battery","floor":7},{"not_picked":["Double Energy","Sweeping Beam"],"picked":"Reprogram","floor":11},{"not_picked":["Glacier","Compile Driver","Chaos"],"picked":"SKIP","floor":14}],"player_experience":65877,"relics_obtained":[{"floor":6,"key":"The Courier"},{"floor":9,"key":"Kunai"},{"floor":14,"key":"Eternal Feather"}],"event_choices":[{"damage_healed":0,"gold_gain":0,"player_choice":"Grow","damage_taken":0,"max_hp_gain":0,"max_hp_loss":0,"event_name":"Living Wall","floor":3,"gold_loss":0,"cards_upgraded":["Zap"]},{"cards_removed":["Static Discharge"],"damage_healed":0,"gold_gain":0,"player_choice":"Offered Uncommon","damage_taken":0,"max_hp_gain":0,"max_hp_loss":0,"event_name":"Bonfire Elementals","floor":4,"gold_loss":0}],"is_beta":false,"boss_relics":[],"items_purged_floors":[],"is_endless":false,"potions_floor_spawned":[1,7,11],"killed_by":"Hexaghost","ascension_level":0}}