{"host":"iphsb0ccnjx0pfn6","time":1613136712,"event":{"mods":["2.2 Compatiblity","AchievementEnabler","BaseMod","Colored Map","DeckTracker","Keyboard Shortcuts","Minty Spire (QoL Compilation)","Permanent Neow","Quick Restart","Relic Stats","StSLib","SuperFastMode","Uncapped","everything is the same but u backflip on backflip"],"gold_per_floor":[112,127,138,154,154,154,154,154,154],"floor_reached":8,"language":"KOR","playtime":204,"items_purged":[],"score":96,"play_id":"e22f06ff-fc6b-449c-b94f-81d2ea63cd9b","local_time":"20210212223152","is_ascension_mode":true,"campfire_choices":[{"data":"Eruption","floor":6,"key":"SMITH"}],"circlet_count":0,"master_deck":["AscendersBane","Strike_P","Strike_P","Strike_P","Defend_P","Defend_P","Defend_P","Defend_P","Eruption+1","Vigilance","Consecrate","Worship"],"relics":["PureWater","WingedGreaves"],"acts_visited":[],"potions_floor_usage":[],"damage_taken":[{"damage":4.0,"enemies":"Cultist","floor":1.0,"turns":5.0},{"damage":4.0,"enemies":"Small Slimes","floor":2.0,"turns":4.0},{"damage":10.0,"enemies":"2 Louse","floor":3.0,"turns":4.0},{"damage":38.0,"enemies":"Gremlin Gang","floor":4.0,"turns":6.0},{"damage":22,"enemies":"Lagavulin","floor":8,"turns":5}],"seed_played":"-5371713778304236888","potions_obtained":[{"floor":1.0,"key":"FairyPotion"}],"is_trial":false,"path_per_floor":["M","M","M","M","?","R","?","E"],"character_chosen":"WATCHER","items_purchased":[],"campfire_rested":0,"item_purchase_floors":[],"current_hp_per_floor":[57,53,43,5,20,20,20,0,0],"gold":154,"neow_bonus":"THREE_CARDS","is_daily":false,"chose_seed":false,"campfire_upgraded":1,"win_rate":0.0,"timestamp":1613136712,"path_taken":["M","M","?","M","?","R","?","E"],"items_purchased_type":[],"build_version":"2020-12-22","purchased_purges":0,"victory":false,"max_hp_per_floor":[68,68,68,68,68,68,68,68,68],"relic_stats":{"counters":[5,24],"obtain_stats":[{"WingedGreaves":7,"PureWater":0},{"WingedGreaves":4,"PureWater":0},{"WingedGreaves":19,"PureWater":0}]},"card_choices":[{"not_picked":["Nirvana","SashWhip"],"picked":"Consecrate","floor":0.0},{"not_picked":["WreathOfFlame","FlyingSleeves"],"picked":"Worship","floor":1.0},{"not_picked":["Conclude","Swivel","FlyingSleeves"],"picked":"SKIP","floor":2.0},{"not_picked":["JustLucky","FlyingSleeves","Weave"],"picked":"SKIP","floor":3.0},{"not_picked":["FlyingSleeves","ClearTheMind"],"picked":"CutThroughFate","floor":4.0}],"player_experience":1305162,"relics_obtained":[],"event_choices":[{"cards_removed":["Strike_P"],"damage_healed":0,"gold_gain":0,"player_choice":"Card Removal","damage_taken":7,"max_hp_gain":0,"max_hp_loss":0,"event_name":"Golden Wing","floor":5,"gold_loss":0},{"cards_removed":["CutThroughFate"],"damage_healed":0,"gold_gain":0,"player_choice":"Gave Card","damage_taken":0,"relics_obtained":["WingedGreaves"],"max_hp_gain":0,"max_hp_loss":0,"event_name":"WeMeetAgain","floor":7,"gold_loss":0}],"is_beta":false,"boss_relics":[],"items_purged_floors":[],"is_endless":false,"potions_floor_spawned":[1],"killed_by":"Lagavulin","ascension_level":20}}