{"host":"cfv8orgc8997ql4r","time":1613146345,"event":{"mods":["AchievementEnabler","BaseMod","DeckTracker","Keyboard Shortcuts","Minty Spire (QoL Compilation)"],"gold_per_floor":[115,131,145,145,95,95,71,111,111,111,136,136,179,50,50,50,50],"floor_reached":16,"language":"KOR","playtime":362,"items_purged":["Strike_G"],"score":140,"play_id":"6c05ac66-805c-458c-b325-52d533719867","local_time":"20210213011225","is_ascension_mode":true,"campfire_choices":[{"data":"Crippling Poison","floor":6.0,"key":"SMITH"},{"data":"Survivor","floor":10.0,"key":"SMITH"},{"floor":12.0,"key":"REST"},{"floor":15,"key":"REST"}],"circlet_count":0,"master_deck":["Strike_G","Strike_G","Strike_G","Strike_G","Defend_G","Defend_G","Defend_G","Defend_G","Defend_G","Survivor+1","Neutralize","Prepared","Crippling Poison+1","Poisoned Stab","Poisoned Stab","Calculated Gamble","Blade Dance","Blade Dance"],"relics":["Ring of the Snake","NeowsBlessing","Golden Idol","Dead Branch","Paper Crane","Ninja Scroll"],"acts_visited":["Exordium"],"potions_floor_usage":[16],"damage_taken":[{"damage":0.0,"enemies":"Jaw Worm","floor":1.0,"turns":1.0},{"damage":0.0,"enemies":"Small Slimes","floor":2.0,"turns":1.0},{"damage":0.0,"enemies":"Cultist","floor":3.0,"turns":1.0},{"damage":32.0,"enemies":"Gremlin Nob","floor":8.0,"turns":4.0},{"damage":0.0,"enemies":"Exordium Wildlife","floor":11.0,"turns":3.0},{"damage":13.0,"enemies":"Lagavulin","floor":13.0,"turns":4.0},{"damage":32,"enemies":"The Guardian","floor":16,"turns":7}],"seed_played":"-6016275484743260663","potions_obtained":[{"floor":1.0,"key":"Weak Potion"},{"floor":11.0,"key":"SteroidPotion"},{"floor":13.0,"key":"LiquidMemories"}],"is_trial":false,"path_per_floor":["M","M","M","?","?","R","$","E","T","R","M","R","E","$","R","B"],"character_chosen":"THE_SILENT","items_purchased":["Poisoned Stab","Blade Dance"],"campfire_rested":2,"item_purchase_floors":[7,14],"current_hp_per_floor":[63,63,63,63,63,63,63,31,31,31,31,52,39,39,60,28,28],"gold":50,"neow_bonus":"THREE_ENEMY_KILL","is_daily":false,"chose_seed":false,"campfire_upgraded":2,"win_rate":0.0,"timestamp":1613146345,"path_taken":["M","M","M","?","?","R","$","E","T","R","M","R","E","$","R","BOSS"],"items_purchased_type":["Card","Card"],"build_version":"2020-12-22","purchased_purges":1,"victory":false,"max_hp_per_floor":[70,70,70,70,70,70,70,70,70,70,70,70,70,70,70,70,70],"card_choices":[{"not_picked":["Heel Hook","Bane"],"picked":"Prepared","floor":1.0},{"not_picked":["Acrobatics","Setup"],"picked":"Crippling Poison","floor":2.0},{"not_picked":["Prepared","Terror"],"picked":"Poisoned Stab","floor":3.0},{"not_picked":["Flechettes","Outmaneuver"],"picked":"Calculated Gamble","floor":8.0},{"not_picked":["Outmaneuver","Slice","Quick Slash"],"picked":"SKIP","floor":11.0},{"not_picked":["Terror","Accuracy"],"picked":"Blade Dance","floor":13.0}],"player_experience":194932,"relics_obtained":[{"floor":8.0,"key":"Dead Branch"},{"floor":9.0,"key":"Paper Crane"},{"floor":13.0,"key":"Ninja Scroll"}],"event_choices":[{"damage_healed":0.0,"max_hp_gain":0.0,"max_hp_loss":0.0,"gold_gain":0.0,"event_name":"Golden Idol","player_choice":"Take Wound","floor":4.0,"gold_loss":0.0,"damage_taken":0.0,"relics_obtained":["Golden Idol"],"cards_obtained":["Injury"]},{"cards_removed":["Injury"],"damage_healed":0.0,"max_hp_gain":0.0,"max_hp_loss":0.0,"gold_gain":0.0,"event_name":"The Cleric","player_choice":"Card Removal","floor":5.0,"gold_loss":50.0,"damage_taken":0.0}],"is_beta":false,"boss_relics":[],"items_purged_floors":[14],"is_endless":false,"potions_floor_spawned":[1,11,13],"killed_by":"The Guardian","ascension_level":6}}