{"host":"s5d39dhq0ddhxhke","time":1613132163,"event":{"mods":["AchievementEnabler","BaseMod","Colored Map","Minty Spire (QoL Compilation)","Smile Girya","SuperFastMode"],"gold_per_floor":[169,183,108,108,8,33,53,53,128,3,3,36,36,49,49,152,152,168,194,144,154,154,173,185,100,125,125,157,171,196,196,196,293,293,303,322,19,19,33,33,33,33,33,33,43,58,58,68,68,68],"floor_reached":51,"language":"ENG","playtime":2410,"items_purged":["Strike_G","Regret","Strike_G","Defend_G","Defend_G"],"score":1118,"play_id":"c3d57087-522d-40ee-a869-7e0cf3ab0449","local_time":"20210212141603","is_ascension_mode":true,"campfire_choices":[{"floor":8.0,"key":"REST"},{"floor":11.0,"key":"REST"},{"data":"Terror","floor":15.0,"key":"SMITH"},{"floor":27.0,"key":"REST"},{"floor":32.0,"key":"REST"},{"floor":40,"key":"REST"},{"floor":42,"key":"REST"},{"floor":49,"key":"REST"}],"circlet_count":0,"master_deck":["AscendersBane","Strike_G+1","Strike_G+1","Defend_G","Defend_G","Defend_G+1","Survivor","Neutralize","Blade Dance","Adrenaline","Choke","Terror+1","After Image","Calculated Gamble+1","Blade Dance","Backstab","Slice+1","Tactician","Backflip","Phantasmal Killer+1","Doppelganger","Blade Dance+1","PiercingWail+1","Cloak And Dagger+1","Blur"],"relics":["Tiny House","Pen Nib","Whetstone","Ninja Scroll","Smiling Mask","Runic Pyramid","Red Mask","StrikeDummy","Happy Flower","WingedGreaves","Lantern","HoveringKite","Centennial Puzzle","Snake Skull","Kunai","MealTicket"],"acts_visited":["Exordium","TheCity","TheBeyond"],"potions_floor_usage":[50,50],"damage_taken":[{"damage":0.0,"enemies":"Cultist","floor":1.0,"turns":5.0},{"damage":1.0,"enemies":"Jaw Worm","floor":2.0,"turns":3.0},{"damage":59.0,"enemies":"Lagavulin","floor":6.0,"turns":10.0},{"damage":1.0,"enemies":"2 Louse","floor":7.0,"turns":2.0},{"damage":0.0,"enemies":"3 Sentries","floor":12.0,"turns":3.0},{"damage":0.0,"enemies":"Blue Slaver","floor":14.0,"turns":3.0},{"damage":28.0,"enemies":"Slime Boss","floor":16.0,"turns":9.0},{"damage":12.0,"enemies":"Shell Parasite","floor":18.0,"turns":3.0},{"damage":18.0,"enemies":"Masked Bandits","floor":19.0,"turns":4.0},{"damage":0.0,"enemies":"3 Byrds","floor":21.0,"turns":3.0},{"damage":5.0,"enemies":"Cultist and Chosen","floor":23.0,"turns":4.0},{"damage":19.0,"enemies":"Snecko","floor":24.0,"turns":4.0},{"damage":0.0,"enemies":"Gremlin Leader","floor":28.0,"turns":4.0},{"damage":3.0,"enemies":"Chosen and Byrds","floor":29.0,"turns":4.0},{"damage":12.0,"enemies":"Book of Stabbing","floor":30.0,"turns":4.0},{"damage":35.0,"enemies":"Collector","floor":33.0,"turns":3.0},{"damage":15.0,"enemies":"3 Shapes","floor":35.0,"turns":3.0},{"damage":15.0,"enemies":"3 Darklings","floor":36.0,"turns":4.0},{"damage":12,"enemies":"4 Shapes","floor":39,"turns":6},{"damage":1,"enemies":"Maw","floor":45,"turns":5},{"damage":27,"enemies":"Writhing Mass","floor":46,"turns":4},{"damage":0,"enemies":"Spire Growth","floor":48,"turns":3},{"damage":3,"enemies":"Awakened One","floor":50,"turns":9}],"seed_played":"-6412459764601835140","potions_obtained":[{"floor":0.0,"key":"GamblersBrew"},{"floor":6.0,"key":"CultistPotion"},{"floor":7.0,"key":"SteroidPotion"},{"floor":16.0,"key":"SkillPotion"},{"floor":21.0,"key":"BlessingOfTheForge"},{"floor":24.0,"key":"PowerPotion"},{"floor":28.0,"key":"FearPotion"},{"floor":29.0,"key":"SteroidPotion"},{"floor":35.0,"key":"Ancient Potion"},{"floor":36.0,"key":"BlessingOfTheForge"},{"floor":39,"key":"Energy Potion"}],"is_trial":false,"path_per_floor":["M","M","$","?","$","E","M","R","T","$","R","E","?","M","R","B",null,"M","?","$","M","?","M","M","?","T","R","E","M","E","?","R","B",null,"M","M","$","?","M","R","?","R","T","?","M","M","T","M","R","B",null],"character_chosen":"THE_SILENT","items_purchased":["CultistPotion","Centennial Puzzle"],"campfire_rested":7,"item_purchase_floors":[37,37],"current_hp_per_floor":[68,67,67,67,67,8,7,29,29,29,51,51,44,44,44,16,60,48,30,30,30,55,50,31,31,31,53,53,50,38,38,60,25,63,48,33,33,33,21,43,43,64,64,64,63,36,36,36,57,54],"gold":68,"neow_bonus":"BOSS_RELIC","is_daily":false,"chose_seed":false,"campfire_upgraded":1,"win_rate":0.0,"timestamp":1613132163,"path_taken":["M","?","$","?","$","E","M","R","T","?","R","E","?","M","R","BOSS","M","?","$","M","?","M","M","?","T","R","E","?","E","?","R","BOSS","M","M","$","?","?","R","?","R","T","?","M","?","?","M","R","BOSS"],"items_purchased_type":["Potion","Relic"],"build_version":"2020-12-22","purchased_purges":5,"victory":true,"max_hp_per_floor":[75,75,75,75,75,75,75,75,75,75,75,75,75,75,75,75,75,75,75,75,75,75,75,75,75,75,75,75,75,75,75,75,75,75,75,75,75,75,75,75,71,71,71,71,71,71,71,71,71,71],"card_choices":[{"not_picked":["Flying Knee","Slice"],"picked":"Dagger Spray","floor":0.0},{"not_picked":["Bouncing Flask","Accuracy"],"picked":"Blade Dance","floor":1.0},{"not_picked":["Underhanded Strike","Bane","Dodge and Roll"],"picked":"SKIP","floor":2.0},{"not_picked":["Escape Plan","Underhanded Strike"],"picked":"Adrenaline","floor":6.0},{"not_picked":["Deflect","Noxious Fumes"],"picked":"Choke","floor":7.0},{"not_picked":["Well Laid Plans","Deflect"],"picked":"Terror","floor":12.0},{"not_picked":["Calculated Gamble","Dagger Throw","Cloak And Dagger"],"picked":"SKIP","floor":14.0},{"not_picked":["Storm of Steel","Wraith Form v2"],"picked":"After Image","floor":16.0},{"not_picked":["Dash","Noxious Fumes"],"picked":"Calculated Gamble+1","floor":18.0},{"not_picked":["Acrobatics","Crippling Poison"],"picked":"Blade Dance","floor":19.0},{"not_picked":["Poisoned Stab+1","Crippling Poison"],"picked":"Backstab","floor":21.0},{"not_picked":["Corpse Explosion","Prepared"],"picked":"Slice+1","floor":23.0},{"not_picked":["Setup","Deadly Poison+1","Outmaneuver"],"picked":"SKIP","floor":24.0},{"not_picked":["PiercingWail","Dagger Spray"],"picked":"Tactician","floor":28.0},{"not_picked":["Eviscerate","Dodge and Roll"],"picked":"Backflip","floor":29.0},{"not_picked":["Calculated Gamble+1","Acrobatics+1"],"picked":"Phantasmal Killer","floor":30.0},{"not_picked":["Tools of the Trade","Envenom"],"picked":"Doppelganger","floor":33.0},{"not_picked":["PiercingWail","Deadly Poison"],"picked":"Blade Dance+1","floor":35.0},{"not_picked":["Dagger Spray+1","Outmaneuver","Underhanded Strike+1"],"picked":"SKIP","floor":36.0},{"not_picked":["Dagger Throw+1","Catalyst"],"picked":"PiercingWail+1","floor":39},{"not_picked":["Quick Slash+1","Dagger Throw+1"],"picked":"Cloak And Dagger+1","floor":45},{"not_picked":["Flying Knee+1","Deadly Poison+1","Sucker Punch+1"],"picked":"SKIP","floor":46},{"not_picked":["Quick Slash","Deadly Poison"],"picked":"Blur","floor":48}],"player_experience":497116,"relics_obtained":[{"floor":6.0,"key":"Whetstone"},{"floor":9.0,"key":"Ninja Scroll"},{"floor":12.0,"key":"Smiling Mask"},{"floor":19.0,"key":"Red Mask"},{"floor":26.0,"key":"Happy Flower"},{"floor":28.0,"key":"WingedGreaves"},{"floor":30.0,"key":"Lantern"},{"floor":43,"key":"Kunai"},{"floor":47,"key":"MealTicket"}],"event_choices":[{"damage_healed":0.0,"max_hp_gain":0.0,"max_hp_loss":0.0,"gold_gain":0.0,"event_name":"Big Fish","player_choice":"Box","floor":4.0,"gold_loss":0.0,"damage_taken":0.0,"relics_obtained":["Pen Nib"],"cards_obtained":["Regret"]},{"cards_removed":["Strike_G"],"damage_healed":0.0,"max_hp_gain":0.0,"max_hp_loss":0.0,"gold_gain":0.0,"event_name":"Golden Wing","player_choice":"Card Removal","floor":13.0,"gold_loss":0.0,"damage_taken":7.0},{"damage_healed":0.0,"max_hp_gain":0.0,"max_hp_loss":0.0,"gold_gain":0.0,"event_name":"Masked Bandits","player_choice":"Fought Bandits","floor":19.0,"gold_loss":0.0,"damage_taken":0.0},{"damage_healed":25.0,"max_hp_gain":0.0,"max_hp_loss":0.0,"gold_gain":0.0,"event_name":"The Library","player_choice":"Heal","floor":22.0,"gold_loss":0.0,"damage_taken":0.0},{"damage_healed":0.0,"max_hp_gain":0.0,"max_hp_loss":0.0,"gold_gain":0.0,"event_name":"Addict","player_choice":"Obtained Relic","floor":25.0,"gold_loss":85.0,"damage_taken":0.0,"relics_obtained":["StrikeDummy"]},{"damage_healed":0.0,"max_hp_gain":0.0,"max_hp_loss":0.0,"gold_gain":0.0,"event_name":"Cursed Tome","player_choice":"Ignored","floor":31.0,"gold_loss":0.0,"damage_taken":0.0},{"cards_removed":["Dagger Spray"],"damage_healed":0.0,"max_hp_gain":0.0,"max_hp_loss":0.0,"gold_gain":0.0,"event_name":"WeMeetAgain","player_choice":"Gave Card","floor":38.0,"gold_loss":0.0,"damage_taken":0.0,"relics_obtained":["Snake Skull"]},{"damage_healed":0,"gold_gain":0,"player_choice":"Max HP","damage_taken":0,"max_hp_gain":0,"max_hp_loss":4,"event_name":"Winding Halls","floor":41,"gold_loss":0},{"damage_healed":0,"gold_gain":0,"player_choice":"Forge","damage_taken":0,"max_hp_gain":0,"max_hp_loss":0,"event_name":"Accursed Blacksmith","floor":44,"gold_loss":0,"cards_upgraded":["Phantasmal Killer"]}],"is_beta":false,"boss_relics":[{"not_picked":["Cursed Key","Busted Crown"],"picked":"Runic Pyramid"},{"not_picked":["Empty Cage","SacredBark"],"picked":"HoveringKite"}],"items_purged_floors":[3,5,10,20,37],"is_endless":false,"potions_floor_spawned":[6,7,16,21,24,28,29,35,36,39,48],"ascension_level":10}}