{"host":"qq27suot6m8koe0b","time":1613123405,"event":{"mods":["Act Like it!","BaseMod","CapriCore","Downfall","GifTheSpireLib","Minty Spire (QoL Compilation)","StSLib"],"gold_per_floor":[99,116,216,235,510,521,546,558,558,558,313,344,44,29,48,144,144,144,159,170,12,30,30,30,30],"floor_reached":23,"language":"ZHS","playtime":865,"items_purged":[],"score":216,"play_id":"93f3a22e-605d-4762-bb8c-323b71a17d4a","local_time":"20210212175005","is_ascension_mode":false,"campfire_choices":[{"floor":1,"key":"RECALL"},{"data":"bronze:Virus","floor":13,"key":"SMITH"},{"data":"bronze:Separator","floor":18,"key":"SMITH"}],"circlet_count":0,"master_deck":["bronze:Strike","bronze:Strike","bronze:Strike","bronze:Defend","bronze:Defend","bronze:Defend","bronze:Defend","bronze:Replicate","bronze:Goto","Secret Technique","bronze:Shell","bronze:CutThrough","bronze:Virus+1","bronze:DigitalCarnage","bronze:Separator+1","bronze:DelayedSlice","bronze:BurnOut","bronze:ForceShield","bronze:Iterate","bronze:Flail+1"],"relics":["bronze:BronzeCore","Lantern","Happy Flower","downfall:HeartBlessingRed","downfall:HeartBlessingGreen","downfall:HeartBlessingBlue","SlaversCollar","Pen Nib"],"acts_visited":["Exordium","TheCity"],"potions_floor_usage":[12,12],"damage_taken":[{"damage":3,"enemies":"Jaw Worm","floor":2,"turns":4},{"damage":8,"enemies":"Small Slimes","floor":4,"turns":3},{"damage":9,"enemies":"Cultist","floor":6,"turns":4},{"damage":10,"enemies":"Blue Slaver","floor":8,"turns":5},{"damage":5,"enemies":"downfall:FleeingMerchant","floor":11,"turns":4},{"damage":0,"enemies":"Gremlin Nob","floor":12,"turns":2},{"damage":9,"enemies":"downfall:FleeingMerchant","floor":14,"turns":4},{"damage":10,"enemies":"Exordium Wildlife","floor":15,"turns":3},{"damage":28,"enemies":"SI_SHIV_ARCHETYPE","floor":16,"turns":5},{"damage":12,"enemies":"Shell Parasite","floor":19,"turns":2},{"damage":9,"enemies":"3 Cultists","floor":20,"turns":4},{"damage":20,"enemies":"downfall:FleeingMerchant","floor":21,"turns":4},{"damage":31,"enemies":"Centurion and Healer","floor":22,"turns":5},{"damage":14,"enemies":"Snake Plant","floor":23,"turns":1}],"seed_played":"-1369233821291558785","potions_obtained":[{"floor":2,"key":"Regen Potion"},{"floor":4,"key":"Regen Potion"},{"floor":12,"key":"FairyPotion"},{"floor":15,"key":"bronze:FreeFunctionsPotion"},{"floor":19,"key":"bronze:FreeFunctionsPotion"},{"floor":22,"key":"Fire Potion"}],"is_trial":false,"path_per_floor":["R","M","?","M","?","M","T","M","?","?","$","E","R","$","M","B",null,"R","M","M","$","M","M"],"character_chosen":"THE_AUTOMATON","items_purchased":["Lantern","bronze:DigitalCarnage","Pen Nib"],"campfire_rested":0,"item_purchase_floors":[11,11,21],"current_hp_per_floor":[49,46,46,38,38,29,29,19,19,19,14,24,34,25,15,12,80,80,68,59,39,8,0,0,0],"gold":30,"neow_bonus":"RANDOM_COLORLESS_2","is_daily":false,"chose_seed":false,"campfire_upgraded":2,"win_rate":0.0,"timestamp":1613123405,"path_taken":["R","M","?","M","?","M","T","?","?","?","$","E","R","?","M","BOSS","R","M","M","$","M","M"],"items_purchased_type":["Relic","Card","Relic"],"build_version":"2020-12-22","purchased_purges":0,"victory":false,"max_hp_per_floor":[70,70,70,70,70,70,70,70,70,70,70,70,80,80,80,80,80,80,80,80,80,80,80,80,80],"card_choices":[{"not_picked":["Sadistic Nature","Violence"],"picked":"Secret Technique","floor":0},{"not_picked":["bronze:Philosophize","bronze:Return"],"picked":"bronze:Shell","floor":2},{"not_picked":["bronze:BitShift","bronze:Shield","bronze:OilSpill"],"picked":"SKIP","floor":4},{"not_picked":["bronze:FineTuning","bronze:Overheat"],"picked":"bronze:CutThrough","floor":6},{"not_picked":["bronze:Flail","bronze:CloningBeam"],"picked":"bronze:Virus","floor":8},{"not_picked":["bronze:BuggyMess","bronze:ClassDefault","bronze:Turbo"],"picked":"SKIP","floor":11},{"not_picked":["bronze:Break","bronze:Allocate"],"picked":"bronze:Separator","floor":12},{"not_picked":["bronze:InfiniteBeams","bronze:Frontload"],"picked":"bronze:DelayedSlice","floor":14},{"not_picked":["bronze:BugBarrage","bronze:Allocate","bronze:Turbo"],"picked":"SKIP","floor":15},{"not_picked":["bronze:FindAndReplace","bronze:InfiniteLoop"],"picked":"bronze:BurnOut","floor":16},{"not_picked":["bronze:Return","bronze:Overheat"],"picked":"bronze:ForceShield","floor":19},{"not_picked":["bronze:Backtrace","bronze:Deprecate+1"],"picked":"bronze:Iterate","floor":20},{"not_picked":["bronze:Optimize","bronze:Turbo","bronze:ClassDefault"],"picked":"SKIP","floor":21},{"not_picked":["bronze:BugBarrage","bronze:Safeguard+1"],"picked":"bronze:Flail+1","floor":22}],"player_experience":376296,"relics_obtained":[{"floor":12,"key":"Happy Flower"}],"event_choices":[{"cards_removed":["Regret"],"damage_healed":0,"gold_gain":0,"player_choice":"Forget","damage_taken":0,"max_hp_gain":0,"max_hp_loss":0,"event_name":"Living Wall","floor":9,"gold_loss":0}],"is_beta":false,"boss_relics":[{"not_picked":["Sozu","Fusion Hammer"],"picked":"SlaversCollar"}],"items_purged_floors":[],"is_endless":false,"potions_floor_spawned":[2,4,12,15,19,22],"killed_by":"Snake Plant","ascension_level":0}}