{"host":"yans4pr1zf0lm9bx","time":1613145530,"event":{"mods":["AchievementEnabler","BaseMod","Minty Spire (QoL Compilation)","Replay The Spire","Shop Mod","StSLib","SuperFastMode","slay the spire mod where everything is the same but ironclad has a cowboy hat"],"gold_per_floor":[112,37,37,53,106,433,433,21,45,45,45],"floor_reached":10,"language":"ENG","playtime":348,"items_purged":["Strike_R","Strike_R"],"score":77,"play_id":"02435f32-75f2-4d8d-baac-ab20f2f1abff","local_time":"20210212105850","is_ascension_mode":true,"campfire_choices":[{"data":"Flame Barrier","floor":7,"key":"SMITH"}],"circlet_count":0,"master_deck":["Strike_R+1","Defend_R","Defend_R","Defend_R","Defend_R","Bash","Bloodletting","Impervious+1","Disarm","Flame Barrier+1","Limit Break","Flex"],"relics":["Burning Blood","Centennial Puzzle","Old Coin","White Beast Statue","Blue Doll"],"acts_visited":["Exordium"],"potions_floor_usage":[6],"damage_taken":[{"damage":0,"enemies":"2 Louse","floor":1,"turns":4},{"damage":6,"enemies":"Jaw Worm","floor":4,"turns":7},{"damage":13,"enemies":"3 Sentries","floor":6,"turns":15},{"damage":50,"enemies":"Gremlin Nob","floor":10,"turns":6}],"seed_played":"-1099702239286162778","potions_obtained":[{"floor":1,"key":"SkillPotion"}],"is_trial":false,"path_per_floor":["M","$","?","M","T","E","R","$","T","E"],"character_chosen":"IRONCLAD","items_purchased":["Flex","White Beast Statue"],"campfire_rested":0,"item_purchase_floors":[8,8],"current_hp_per_floor":[62,62,46,46,46,39,39,39,39,0,0],"gold":45,"neow_bonus":"TRANSFORM_TWO_CARDS","is_daily":false,"chose_seed":false,"campfire_upgraded":1,"win_rate":0.0,"timestamp":1613145530,"path_taken":["M","$","?","M","?","E","R","?","T","E"],"items_purchased_type":["Card","Relic"],"build_version":"2020-12-22","purchased_purges":2,"victory":false,"max_hp_per_floor":[80,80,80,80,80,80,80,80,80,80,80],"card_choices":[{"not_picked":["Replay:Undeath\u0027s Touch","Run Through"],"picked":"Disarm","floor":1},{"not_picked":["Burning Pact","Entrench"],"picked":"Flame Barrier","floor":4},{"not_picked":["Sever Soul","Defy Death"],"picked":"Limit Break","floor":6}],"player_experience":290940,"relics_obtained":[{"floor":5,"key":"Centennial Puzzle"},{"floor":6,"key":"Old Coin"},{"floor":9,"key":"Blue Doll"}],"event_choices":[{"damage_healed":0,"gold_gain":0,"player_choice":"Entered Light","damage_taken":16,"max_hp_gain":0,"max_hp_loss":0,"event_name":"Shining Light","floor":3,"gold_loss":0,"cards_upgraded":["Impervious","Strike_R"]}],"is_beta":false,"boss_relics":[],"items_purged_floors":[2,8],"is_endless":false,"potions_floor_spawned":[1],"killed_by":"Gremlin Nob","ascension_level":4}}