{"host":"gzsdmyo07u314vug","time":1613136936,"event":{"mods":["2.2 Compatiblity","Astrologer","BaseMod","Colored Powertips","GifTheSpireLib","Gremlin Mod","Hermit","Jorbs\u0027s Wanderer Trilogy","Minty Spire (QoL Compilation)","Quick Restart","Rare Cards Sparkle","Relic Stats","Replay The Spire","Robot Space Explorer","Shop Mod","StSLib","The Bladedancer","The Bug Knight","The Construct","The Cursed","The Elementalist","The Hierophant","The IronCluck","The Marked","The Necromancer","The Runesmith","The Servant 0.9.4","Unceasing Turn Reminder","everything is the same but u backflip on backflip","slay the spire mod where everything is the same but ironclad has a cowboy hat"],"gold_per_floor":[119,132,57,132,148,148,148,148],"floor_reached":7,"language":"ENG","playtime":229,"items_purged":["hierophant:Strike_Hierophant"],"score":49,"play_id":"33d23539-c84b-4543-a618-7cc2a67e0895","local_time":"20210212103536","is_ascension_mode":true,"campfire_choices":[{"data":"hierophant:ChurchCoffers","floor":6,"key":"SMITH"}],"circlet_count":0,"master_deck":["hierophant:Strike_Hierophant","hierophant:Strike_Hierophant","hierophant:Strike_Hierophant","hierophant:Punish","hierophant:Defend_Hierophant","hierophant:Defend_Hierophant","hierophant:Defend_Hierophant","hierophant:Defend_Hierophant","hierophant:ChurchCoffers+1","hierophant:Zeal","hierophant:Shelter","hierophant:Alms"],"relics":["hierophant:PropheticMaskRelic","NeowsBlessing"],"acts_visited":["Exordium"],"potions_floor_usage":[7],"damage_taken":[{"damage":0,"enemies":"Small Slimes","floor":1,"turns":1},{"damage":0,"enemies":"Jaw Worm","floor":2,"turns":1},{"damage":0,"enemies":"Cultist","floor":5,"turns":1},{"damage":68,"enemies":"Lagavulin","floor":7,"turns":11}],"seed_played":"3602302504034059451","potions_obtained":[{"floor":1,"key":"ColorlessPotion"},{"floor":2,"key":"Regen Potion"}],"is_trial":false,"path_per_floor":["M","M","$","?","M","R","E"],"character_chosen":"HIEROPHANT","items_purchased":[],"campfire_rested":0,"item_purchase_floors":[],"current_hp_per_floor":[75,75,75,64,64,64,0,0],"gold":148,"neow_bonus":"THREE_ENEMY_KILL","is_daily":false,"chose_seed":false,"campfire_upgraded":1,"win_rate":0.0,"timestamp":1613136936,"path_taken":["M","M","$","?","M","R","E"],"items_purchased_type":[],"build_version":"2020-12-22","purchased_purges":1,"victory":false,"max_hp_per_floor":[75,75,75,75,75,75,75,75],"relic_stats":{"counters":[4,14],"obtain_stats":[{"NeowsBlessing":0,"hierophant:PropheticMaskRelic":0},{"NeowsBlessing":0,"hierophant:PropheticMaskRelic":0},{"NeowsBlessing":0,"hierophant:PropheticMaskRelic":0}]},"card_choices":[{"not_picked":["hierophant:ConvertCurrency","hierophant:Upheaval"],"picked":"hierophant:Zeal","floor":1},{"not_picked":["hierophant:MorningPrayer","hierophant:AuricShield"],"picked":"hierophant:Shelter","floor":2},{"not_picked":["hierophant:Sermon","hierophant:Shelter"],"picked":"hierophant:Alms","floor":5}],"player_experience":863030,"relics_obtained":[],"event_choices":[{"damage_healed":0,"gold_gain":75,"player_choice":"Gather Gold","damage_taken":11,"max_hp_gain":0,"max_hp_loss":0,"event_name":"World of Goop","floor":4,"gold_loss":0}],"is_beta":false,"boss_relics":[],"items_purged_floors":[3],"is_endless":false,"potions_floor_spawned":[1,2],"killed_by":"Lagavulin","ascension_level":4}}