{"host":"9bcvatsnbq1a3xq4","time":1613157156,"event":{"mods":["BaseMod","Bestiary","Block Reminder","Highlight Path","Minty Spire (QoL Compilation)","Relic Stats","ojb\u0027s Info Mod"],"gold_per_floor":[118,133,144,154,154,189,189,189,189],"floor_reached":8,"language":"ENG","playtime":463,"items_purged":[],"score":116,"play_id":"992e1cf5-d8c7-4835-b22b-de85a5f02938","local_time":"20210212201236","is_ascension_mode":true,"campfire_choices":[{"data":"Bash","floor":7,"key":"SMITH"}],"circlet_count":0,"master_deck":["AscendersBane","Strike_R","Strike_R","Strike_R","Strike_R","Defend_R","Defend_R","Defend_R","Defend_R","Bash+1","Pommel Strike","Evolve","Cleave","Reckless Charge","Reaper"],"relics":["Burning Blood","Orichalcum"],"acts_visited":["Exordium"],"potions_floor_usage":[4,8],"damage_taken":[{"damage":7,"enemies":"Cultist","floor":1,"turns":4},{"damage":14,"enemies":"2 Louse","floor":2,"turns":3},{"damage":10,"enemies":"Small Slimes","floor":3,"turns":3},{"damage":6,"enemies":"Looter","floor":4,"turns":2},{"damage":30,"enemies":"3 Sentries","floor":6,"turns":9},{"damage":43,"enemies":"Gremlin Nob","floor":8,"turns":4}],"seed_played":"-4615901465085577379","potions_obtained":[{"floor":0,"key":"CultistPotion"},{"floor":0,"key":"AttackPotion"},{"floor":6,"key":"LiquidBronze"}],"is_trial":false,"path_per_floor":["M","M","M","M","?","E","R","E"],"character_chosen":"IRONCLAD","items_purchased":[],"campfire_rested":0,"item_purchase_floors":[],"current_hp_per_floor":[67,59,55,55,55,31,31,0,0],"gold":189,"neow_bonus":"THREE_SMALL_POTIONS","is_daily":false,"chose_seed":false,"campfire_upgraded":1,"win_rate":0.0,"timestamp":1613157156,"path_taken":["M","M","M","M","?","E","R","E"],"items_purchased_type":[],"build_version":"2020-12-22","purchased_purges":0,"victory":false,"max_hp_per_floor":[75,75,75,75,75,75,75,75,75],"relic_stats":{"counters":[6,25],"Orichalcum":[18],"obtain_stats":[{"Orichalcum":6,"Burning Blood":0},{"Orichalcum":5,"Burning Blood":0},{"Orichalcum":21,"Burning Blood":0}],"Burning Blood":30},"card_choices":[{"not_picked":["Dual Wield","Body Slam"],"picked":"Pommel Strike","floor":1},{"not_picked":["Wild Strike","Second Wind"],"picked":"Evolve","floor":2},{"not_picked":["Thunderclap","Iron Wave"],"picked":"Cleave","floor":3},{"not_picked":["Infernal Blade","Sword Boomerang"],"picked":"Reckless Charge","floor":4},{"not_picked":["Burning Pact","Cleave"],"picked":"Reaper","floor":6}],"player_experience":850440,"relics_obtained":[{"floor":6,"key":"Orichalcum"}],"event_choices":[{"cards_removed":["Strike_R"],"damage_healed":0,"gold_gain":0,"player_choice":"Purged","damage_taken":0,"max_hp_gain":0,"max_hp_loss":0,"event_name":"Purifier","floor":5,"gold_loss":0}],"is_beta":false,"boss_relics":[],"items_purged_floors":[],"is_endless":false,"potions_floor_spawned":[3,6],"killed_by":"Gremlin Nob","ascension_level":20}}