{"host":"ix07nhfx4o3nf6kx","time":1613103196,"event":{"mods":["BaseMod","Hermit","Minty Spire (QoL Compilation)","StSLib","The Bug Knight","The Cursed","The Dragon Tamer","The Hierophant","The Jungle","The Runesmith"],"gold_per_floor":[11,25,100,120,120,148,148,148,148,164,164,164,175,175,175,273,273,293,308,91,105,115,115,115],"floor_reached":23,"language":"KOR","playtime":1822,"items_purged":[],"score":193,"play_id":"a1a7e5f6-6c69-4f99-af48-9696cac17025","local_time":"20210212131316","is_ascension_mode":false,"campfire_choices":[{"data":"HollowMod:HowlingWraiths","floor":7,"key":"SMITH"},{"data":"HollowMod:FocusHealStart","floor":12,"key":"SMITH"},{"floor":15,"key":"REST"}],"circlet_count":0,"master_deck":["HollowMod:NailStrikeStart","HollowMod:NailStrikeStart","HollowMod:NailStrikeStart","HollowMod:NailStrikeStart","HollowMod:QuickDashStart","HollowMod:QuickDashStart","HollowMod:QuickDashStart","HollowMod:QuickDashStart","HollowMod:FocusHealStart+1","HollowMod:PogoStrike","HollowMod:CycloneSlash","HollowMod:HowlingWraiths+1","HollowMod:VengefulSpirit","HollowMod:CloakDash","HollowMod:MothsMistake","HollowMod:DesolateDive","HollowMod:ZotesMagnificence","HollowMod:DungDefenderAura","HollowMod:InfectedAttack","HollowMod:MothsMistake","HollowMod:TaintedHusks+1","HollowMod:HowlingWraiths"],"relics":["HollowMod:VesselMask","Thread and Needle","Peace Pipe","Orichalcum","Ornamental Fan","Velvet Choker","Blood Vial"],"acts_visited":["Exordium","TheCity"],"potions_floor_usage":[6,16,16,21,23],"damage_taken":[{"damage":0,"enemies":"Cultist","floor":1,"turns":4},{"damage":0,"enemies":"Small Slimes","floor":2,"turns":2},{"damage":0,"enemies":"Jaw Worm","floor":4,"turns":3},{"damage":39,"enemies":"Lagavulin","floor":6,"turns":7},{"damage":1,"enemies":"Looter","floor":10,"turns":2},{"damage":0,"enemies":"Blue Slaver","floor":13,"turns":3},{"damage":47,"enemies":"HollowMod:FalseKnight","floor":16,"turns":9},{"damage":0,"enemies":"Chosen","floor":18,"turns":4},{"damage":16,"enemies":"2 Thieves","floor":19,"turns":3},{"damage":34,"enemies":"Centurion and Healer","floor":21,"turns":6},{"damage":44,"enemies":"Sentry and Sphere","floor":22,"turns":6},{"damage":8,"enemies":"Book of Stabbing","floor":23,"turns":1}],"seed_played":"4439632309705057462","potions_obtained":[{"floor":2,"key":"FearPotion"},{"floor":10,"key":"AttackPotion"},{"floor":13,"key":"DuplicationPotion"},{"floor":19,"key":"EssenceOfSteel"},{"floor":22,"key":"SneckoOil"}],"is_trial":false,"path_per_floor":["M","M","?","M","?","E","R","T","T","M","?","R","M","?","R","B",null,"M","M","$","M","M","E"],"character_chosen":"THE_BUGKNIGHT","items_purchased":["Blood Vial","HollowMod:MothsMistake"],"campfire_rested":1,"item_purchase_floors":[20,20],"current_hp_per_floor":[75,75,64,64,61,28,28,28,28,27,27,27,33,38,62,27,80,80,64,64,42,6,0,0],"gold":115,"neow_bonus":"ONE_RARE_RELIC","is_daily":false,"chose_seed":false,"campfire_upgraded":2,"win_rate":0.0,"timestamp":1613103196,"path_taken":["M","M","?","M","?","E","R","?","T","M","?","R","?","?","R","BOSS","M","M","$","M","M","E"],"items_purchased_type":["Relic","Card"],"build_version":"2020-12-22","purchased_purges":0,"victory":false,"max_hp_per_floor":[75,75,75,75,75,75,75,75,75,75,75,75,75,80,80,80,80,80,80,80,80,80,80,80],"card_choices":[{"not_picked":["HollowMod:SiblingsSouls","HollowMod:Grubsong"],"picked":"HollowMod:CycloneSlash","floor":1},{"not_picked":["HollowMod:MantisMark","HollowMod:CornifersMapStart"],"picked":"HollowMod:HowlingWraiths","floor":2},{"not_picked":["HollowMod:SharpenedNail","HollowMod:NewGlowingWomb"],"picked":"HollowMod:VengefulSpirit","floor":4},{"not_picked":["HollowMod:InfectionAssault","HollowMod:NewInfectedGuardian"],"picked":"HollowMod:CloakDash","floor":6},{"not_picked":["HollowMod:CornifersMapStart","HollowMod:CycloneSlash"],"picked":"HollowMod:MothsMistake","floor":10},{"not_picked":["HollowMod:WraithStrike","HollowMod:ChannelNail"],"picked":"HollowMod:DesolateDive","floor":13},{"not_picked":["HollowMod:Weaversong","HollowMod:SlysStrikes"],"picked":"HollowMod:ZotesMagnificence","floor":16},{"not_picked":["HollowMod:Grubsong","HollowMod:ChannelNail"],"picked":"HollowMod:DungDefenderAura","floor":18},{"not_picked":["HollowMod:VengefulVoid","HollowMod:DescendingDark"],"picked":"HollowMod:InfectedAttack","floor":19},{"not_picked":["HollowMod:AbyssShriek+1","HollowMod:MantisMark+1"],"picked":"HollowMod:TaintedHusks+1","floor":21},{"not_picked":["HollowMod:DescendingDark","HollowMod:SharpenedNail"],"picked":"HollowMod:HowlingWraiths","floor":22}],"player_experience":232599,"relics_obtained":[{"floor":6,"key":"Orichalcum"},{"floor":8,"key":"Ornamental Fan"}],"event_choices":[{"damage_healed":0,"gold_gain":75,"player_choice":"Gather Gold","damage_taken":11,"max_hp_gain":0,"max_hp_loss":0,"event_name":"World of Goop","floor":3,"gold_loss":0},{"damage_healed":0,"gold_gain":0,"player_choice":"Success","damage_taken":3,"relics_obtained":["Peace Pipe"],"max_hp_gain":0,"max_hp_loss":0,"event_name":"Scrap Ooze","floor":5,"gold_loss":0},{"damage_healed":0,"gold_gain":0,"player_choice":"Donut","damage_taken":0,"max_hp_gain":5,"max_hp_loss":0,"event_name":"Big Fish","floor":14,"gold_loss":0}],"is_beta":false,"boss_relics":[{"not_picked":["Runesmith:UraniumAnvil","Astrolabe"],"picked":"Velvet Choker"}],"items_purged_floors":[],"is_endless":false,"potions_floor_spawned":[2,10,13,19,22],"killed_by":"Book of Stabbing","ascension_level":0}}