{"host":"sian7qp8a9pc9xwd","time":1613159627,"event":{"mods":["BaseMod","Minty Spire (QoL Compilation)","StSLib","SuperFastMode"],"gold_per_floor":[118,128,140,140,110,110,65,65,65,97,116,116,180,206,206,309,309,320,320,320,338,358,358,23,43,69,96,106,106,106,31,31,31,31],"floor_reached":33,"language":"ENG","playtime":1051,"items_purged":["Strike_P"],"score":423,"play_id":"4f1f4d18-d292-4d17-91b8-0edbe8a1bba4","local_time":"20210212145347","is_ascension_mode":true,"campfire_choices":[{"data":"Eruption","floor":6.0,"key":"SMITH"},{"data":"CutThroughFate","floor":8.0,"key":"SMITH"},{"data":"Pray","floor":15.0,"key":"SMITH"},{"data":"TalkToTheHand","floor":23.0,"key":"SMITH"},{"data":"CutThroughFate","floor":29.0,"key":"SMITH"},{"data":"Master of Strategy","floor":32.0,"key":"SMITH"}],"circlet_count":0,"master_deck":["AscendersBane","Strike_P","Strike_P","Strike_P+1","Defend_P","Defend_P","Defend_P","Defend_P","Eruption+1","Vigilance","Writhe","Master of Strategy+1","FlurryOfBlows+1","CutThroughFate+1","Prostrate+1","Worship","Pray+1","Vault+1","SpiritShield","FollowUp+1","TalkToTheHand+1","Swift Strike","CutThroughFate+1"],"relics":["PureWater","Meat on the Bone","Orichalcum","Sundial","Black Star","Yang","MealTicket","Whetstone","Potion Belt","Nloth\u0027s Gift"],"acts_visited":["Exordium","TheCity"],"potions_floor_usage":[],"damage_taken":[{"damage":0.0,"enemies":"2 Louse","floor":1.0,"turns":2.0},{"damage":7.0,"enemies":"Cultist","floor":2.0,"turns":5.0},{"damage":1.0,"enemies":"Small Slimes","floor":3.0,"turns":3.0},{"damage":9.0,"enemies":"Looter","floor":5.0,"turns":4.0},{"damage":12.0,"enemies":"Lagavulin","floor":10.0,"turns":3.0},{"damage":12.0,"enemies":"Large Slime","floor":11.0,"turns":3.0},{"damage":25.0,"enemies":"3 Sentries","floor":13.0,"turns":4.0},{"damage":18.0,"enemies":"Gremlin Nob","floor":14.0,"turns":4.0},{"damage":21.0,"enemies":"Slime Boss","floor":16.0,"turns":9.0},{"damage":4.0,"enemies":"Spheric Guardian","floor":18.0,"turns":4.0},{"damage":3.0,"enemies":"Shell Parasite","floor":21.0,"turns":3.0},{"damage":5.0,"enemies":"Snecko","floor":22.0,"turns":5.0},{"damage":14.0,"enemies":"3 Cultists","floor":25.0,"turns":6.0},{"damage":3.0,"enemies":"Book of Stabbing","floor":27.0,"turns":3.0},{"damage":17.0,"enemies":"Chosen and Byrds","floor":28.0,"turns":3.0},{"damage":40,"enemies":"Automaton","floor":33,"turns":6}],"seed_played":"-792777695103121904","potions_obtained":[{"floor":2.0,"key":"Energy Potion"},{"floor":3.0,"key":"EssenceOfSteel"},{"floor":4.0,"key":"Regen Potion"},{"floor":4.0,"key":"EntropicBrew"},{"floor":11.0,"key":"DistilledChaos"},{"floor":14.0,"key":"Weak Potion"},{"floor":21.0,"key":"Block Potion"},{"floor":25.0,"key":"AttackPotion"}],"is_trial":false,"path_per_floor":["M","M","M","?","M","R","$","R","T","E","M","?","?","E","R","B",null,"M","?","?","M","M","R","$","M","T","E","M","R","?","$","R","B"],"character_chosen":"WATCHER","items_purchased":["CutThroughFate","Yang","Swift Strike"],"campfire_rested":0,"item_purchase_floors":[7,24,24],"current_hp_per_floor":[65,58,57,57,48,48,48,48,48,45,45,45,32,26,26,17,58,54,54,54,51,46,46,46,44,44,41,36,36,36,51,51,11,11],"gold":31,"neow_bonus":"RANDOM_COLORLESS_2","is_daily":false,"chose_seed":false,"campfire_upgraded":6,"win_rate":0.0,"timestamp":1613159627,"path_taken":["M","M","M","?","?","R","?","R","T","E","M","?","?","E","R","BOSS","M","?","?","?","M","R","$","M","T","E","M","R","?","$","R","BOSS"],"items_purchased_type":["Card","Relic","Card"],"build_version":"2020-12-22","purchased_purges":1,"victory":false,"max_hp_per_floor":[72,72,72,72,72,72,72,72,72,72,72,72,72,72,72,72,72,72,72,72,72,72,72,72,72,72,72,72,72,72,72,72,72,72],"card_choices":[{"not_picked":["Sadistic Nature","Transmutation"],"picked":"Master of Strategy","floor":0.0},{"not_picked":["CrushJoints","Protect","Perseverance"],"picked":"SKIP","floor":1.0},{"not_picked":["PathToVictory","BowlingBash","Fasting2"],"picked":"SKIP","floor":2.0},{"not_picked":["Halt","Conclude"],"picked":"FlurryOfBlows","floor":3.0},{"not_picked":["EmptyFist","Tantrum","BowlingBash"],"picked":"SKIP","floor":5.0},{"not_picked":["JustLucky","PathToVictory"],"picked":"Prostrate","floor":10.0},{"not_picked":["Study","FlurryOfBlows"],"picked":"Worship","floor":11.0},{"not_picked":["FollowUp","Perseverance"],"picked":"Pray","floor":13.0},{"not_picked":["SashWhip","BowlingBash"],"picked":"Vault","floor":14.0},{"not_picked":["Wish","Judgement"],"picked":"SpiritShield","floor":16.0},{"not_picked":["SashWhip+1","InnerPeace+1"],"picked":"FollowUp+1","floor":18.0},{"not_picked":["Halt","PathToVictory","Vengeance"],"picked":"SKIP","floor":21.0},{"not_picked":["FearNoEvil","JustLucky","EmptyBody"],"picked":"SKIP","floor":22.0},{"not_picked":["FollowUp","Evaluate+1","BattleHymn"],"picked":"SKIP","floor":25.0},{"not_picked":["Tantrum","Perseverance+1"],"picked":"CutThroughFate","floor":27.0},{"not_picked":["BowlingBash+1","PathToVictory","Protect"],"picked":"SKIP","floor":28.0}],"player_experience":983614,"relics_obtained":[{"floor":9.0,"key":"Meat on the Bone"},{"floor":10.0,"key":"Orichalcum"},{"floor":13.0,"key":"TeardropLocket"},{"floor":14.0,"key":"Sundial"},{"floor":26.0,"key":"MealTicket"},{"floor":27.0,"key":"Whetstone"},{"floor":27.0,"key":"Potion Belt"}],"event_choices":[{"damage_healed":0.0,"max_hp_gain":0.0,"max_hp_loss":0.0,"gold_gain":0.0,"event_name":"Lab","player_choice":"Got Potions","floor":4.0,"gold_loss":0.0,"damage_taken":0.0},{"damage_healed":0.0,"max_hp_gain":0.0,"max_hp_loss":0.0,"gold_gain":0.0,"event_name":"Living Wall","player_choice":"Grow","floor":12.0,"gold_loss":0.0,"damage_taken":0.0,"cards_upgraded":["Prostrate"]},{"damage_healed":0.0,"max_hp_gain":0.0,"max_hp_loss":0.0,"gold_gain":30.0,"event_name":"Dead Adventurer","player_choice":"Searched \u00273\u0027 times","floor":13.0,"gold_loss":0.0,"damage_taken":0.0},{"damage_healed":0.0,"max_hp_gain":0.0,"max_hp_loss":0.0,"gold_gain":0.0,"event_name":"The Library","player_choice":"Read","floor":19.0,"gold_loss":0.0,"damage_taken":0.0,"cards_obtained":["TalkToTheHand"]},{"damage_healed":0.0,"max_hp_gain":0.0,"max_hp_loss":0.0,"gold_gain":0.0,"event_name":"Upgrade Shrine","player_choice":"Upgraded","floor":20.0,"gold_loss":0.0,"damage_taken":0.0,"cards_upgraded":["Vault"]},{"damage_healed":0.0,"max_hp_gain":0.0,"max_hp_loss":0.0,"gold_gain":0.0,"event_name":"N\u0027loth","player_choice":"Traded Relic","floor":30.0,"relics_lost":["TeardropLocket"],"gold_loss":0.0,"damage_taken":0.0,"relics_obtained":["Nloth\u0027s Gift"]}],"is_beta":false,"boss_relics":[{"not_picked":["HolyWater","Tiny House"],"picked":"Black Star"}],"items_purged_floors":[31],"is_endless":false,"potions_floor_spawned":[2,3,11,14,21,25],"killed_by":"Automaton","ascension_level":11}}