{"host":"x7u3amoxy3d4heu5","time":1613162763,"event":{"mods":["BaseMod","Colored Map","DeckTracker","Hermit","Hubris","Infinite Spire","Marisa????????","Minty Spire (QoL Compilation)","Quick Restart","Replay The Spire","StSLib","The Cursed","The IronCluck","The Jungle","The Servant 0.9.4","The Wild Card","Unceasing Turn Reminder","slay the spire mod where everything is the same but ironclad has a cowboy hat"],"gold_per_floor":[116,191,191,191,191,191,117,117,140,169,169,187,142,159,159,263,263,279,296,296,301,301],"floor_reached":21,"language":"ENG","playtime":5038,"items_purged":[],"score":220,"play_id":"84a9a084-f0a0-4e9e-847e-c2a3f5acb8e8","local_time":"20210212134603","is_ascension_mode":true,"campfire_choices":[{"data":"hermit:Snapshot","floor":6,"key":"SMITH"},{"data":"hermit:Gestalt","floor":8,"key":"SMITH"},{"data":"hermit:HighCaliber","floor":11,"key":"SMITH"},{"floor":15,"key":"REST"}],"circlet_count":0,"master_deck":["hermit:Strike_Hermit","hermit:Strike_Hermit","hermit:Strike_Hermit","hermit:Strike_Hermit","hermit:Defend_Hermit","hermit:Defend_Hermit","hermit:Defend_Hermit+1","hermit:Defend_Hermit","hermit:Snapshot+1","hermit:Covet","hermit:Snipe+1","hermit:Gestalt+1","hermit:HighCaliber+1","hermit:Scavenge","hermit:BodyArmor","hermit:Quickdraw","hermit:FatalDesire","hermit:Malice","hermit:HighCaliber","hubris:Lust"],"relics":["hermit:Momento","NeowsBlessing","hubris:BottledRain","Blue Doll","hubris:OldNail","hubris:HollowSoul","infinitespire:PuzzleCube"],"acts_visited":["Exordium","TheCity"],"potions_floor_usage":[14],"damage_taken":[{"damage":0,"enemies":"Cultist","floor":1,"turns":1},{"damage":0,"enemies":"Lagavulin","floor":10,"turns":1},{"damage":0,"enemies":"Small Slimes","floor":12,"turns":1},{"damage":0,"enemies":"2 Louse","floor":14,"turns":1},{"damage":41,"enemies":"The Guardian","floor":16,"turns":13},{"damage":5,"enemies":"Chosen","floor":18,"turns":6},{"damage":13,"enemies":"Spheric Guardian","floor":19,"turns":4},{"damage":51,"enemies":"Centurion and Healer","floor":21,"turns":8}],"seed_played":"8433263372261472249","potions_obtained":[{"floor":12,"key":"Explosive Potion"},{"floor":14,"key":"Strength Potion"},{"floor":18,"key":"LifebloodPotion"}],"is_trial":false,"path_per_floor":["M","?","?","?","T","R","$","R","T","E","R","M","$","M","R","B",null,"M","M","?","M"],"character_chosen":"HERMIT","items_purchased":["hermit:Gestalt","hermit:BodyArmor"],"campfire_rested":1,"item_purchase_floors":[7,13],"current_hp_per_floor":[75,64,57,42,42,42,42,42,42,42,42,42,42,42,64,23,75,70,57,57,6,6],"gold":301,"neow_bonus":"THREE_ENEMY_KILL","is_daily":false,"chose_seed":false,"campfire_upgraded":3,"win_rate":0.0,"timestamp":1613162763,"path_taken":["M","?","?","?","?","R","$","R","T","E","R","M","$","?","R","BOSS","M","?","?","?"],"items_purchased_type":["Card","Card"],"build_version":"2020-12-22","purchased_purges":0,"victory":false,"max_hp_per_floor":[75,75,75,75,75,75,75,75,75,75,75,75,75,75,75,75,75,75,75,75,75,75],"card_choices":[{"not_picked":["hermit:TakeCover","hermit:LowProfile"],"picked":"hermit:Snipe","floor":1},{"not_picked":["hermit:CalledShot","hermit:OverwhelmingPower"],"picked":"hermit:HighCaliber","floor":10},{"not_picked":["hermit:Headshot","hermit:HoleUp"],"picked":"hermit:Scavenge","floor":12},{"not_picked":["hermit:Virtue","hermit:Manifest"],"picked":"hermit:Quickdraw","floor":14},{"not_picked":["hermit:HeroicBravado","hermit:Roughhouse"],"picked":"hermit:FatalDesire","floor":16},{"not_picked":["hermit:Midnight","hermit:Cheat"],"picked":"hermit:Malice","floor":18},{"not_picked":["hermit:Quickdraw","hermit:FullyLoaded+1"],"picked":"hermit:HighCaliber","floor":19}],"player_experience":609178,"relics_obtained":[{"floor":9,"key":"Blue Doll"},{"floor":10,"key":"hubris:OldNail"}],"event_choices":[{"damage_healed":0,"gold_gain":75,"player_choice":"Gather Gold","damage_taken":11,"max_hp_gain":0,"max_hp_loss":0,"event_name":"World of Goop","floor":2,"gold_loss":0},{"damage_healed":0,"gold_gain":0,"player_choice":"Success","damage_taken":7,"relics_obtained":["hubris:BottledRain"],"max_hp_gain":0,"max_hp_loss":0,"event_name":"Scrap Ooze","floor":3,"gold_loss":0},{"damage_healed":0,"gold_gain":0,"player_choice":"Entered Light","damage_taken":15,"max_hp_gain":0,"max_hp_loss":0,"event_name":"Shining Light","floor":4,"gold_loss":0,"cards_upgraded":["hermit:Defend_Hermit","hermit:Snipe"]}],"is_beta":false,"boss_relics":[{"not_picked":["Snecko Eye","Replay:Wanted Poster"],"picked":"hubris:HollowSoul"}],"items_purged_floors":[],"is_endless":false,"potions_floor_spawned":[12,14,18],"killed_by":"Centurion and Healer","ascension_level":2}}