{"host":"affnxa2atuc7p34z","time":1613112947,"event":{"mods":["BaseMod","DeckTracker","Minty Spire (QoL Compilation)","Quick Restart"],"gold_per_floor":[113,131,141,158,170,170,170,170,225,262,262,51,75,97,97,206,206,229,257,276,298,14,14,40,10,36,62,85,128,154,198,198,198,198],"floor_reached":33,"language":"ZHS","playtime":2340,"items_purged":[],"score":368,"play_id":"bad79d72-18c7-4992-a7d0-668f72edd101","local_time":"20210212145547","daily_mods":["Specialized","Diverse","Heirloom"],"is_ascension_mode":false,"campfire_choices":[{"data":"Crescendo","floor":6.0,"key":"SMITH"},{"data":"Neutralize","floor":8.0,"key":"SMITH"},{"floor":15.0,"key":"REST"},{"floor":23.0,"key":"REST"},{"floor":32.0,"key":"REST"}],"circlet_count":0,"master_deck":["Strike_G","Strike_G","Strike_G","Strike_G","Strike_G","Defend_G","Defend_G","Defend_G","Defend_G","Defend_G","Survivor","Neutralize+1","After Image","After Image","After Image","After Image","After Image","Crescendo+1","Beam Cell","Wild Strike","Dagger Spray","Sucker Punch","Regret","Undo","Tantrum","FollowUp","Crescendo","Burst","Hologram","Wallop","Consecrate","Entrench","Dramatic Entrance","Evaluate","Pummel","Poisoned Stab+1","Cold Snap","Finisher","Flex+1","Armaments"],"relics":["Ring of the Serpent","Lizard Tail","Ornamental Fan","Art of War","CeramicFish","TwistedFunnel","Membership Card","Akabeko","The Specimen","Nunchaku","Bag of Preparation","Red Mask"],"acts_visited":["Exordium","TheCity"],"potions_floor_usage":[33,33],"damage_taken":[{"damage":0.0,"enemies":"2 Louse","floor":1.0,"turns":5.0},{"damage":2.0,"enemies":"Small Slimes","floor":2.0,"turns":5.0},{"damage":0.0,"enemies":"Cultist","floor":3.0,"turns":4.0},{"damage":0.0,"enemies":"2 Fungi Beasts","floor":4.0,"turns":6.0},{"damage":0.0,"enemies":"Large Slime","floor":5.0,"turns":5.0},{"damage":13.0,"enemies":"3 Sentries","floor":10.0,"turns":7.0},{"damage":5.0,"enemies":"Looter","floor":13.0,"turns":3.0},{"damage":0.0,"enemies":"3 Louse","floor":14.0,"turns":1.0},{"damage":68.0,"enemies":"Hexaghost","floor":16.0,"turns":11.0},{"damage":7.0,"enemies":"Spheric Guardian","floor":18.0,"turns":4.0},{"damage":13.0,"enemies":"Shell Parasite","floor":19.0,"turns":6.0},{"damage":7.0,"enemies":"Cultist and Chosen","floor":20.0,"turns":3.0},{"damage":5.0,"enemies":"Snake Plant","floor":21.0,"turns":6.0},{"damage":4.0,"enemies":"Gremlin Leader","floor":24.0,"turns":3.0},{"damage":22.0,"enemies":"Snecko","floor":27.0,"turns":4.0},{"damage":1.0,"enemies":"Centurion and Healer","floor":28.0,"turns":3.0},{"damage":2.0,"enemies":"Book of Stabbing","floor":29.0,"turns":5.0},{"damage":1.0,"enemies":"Chosen and Byrds","floor":30.0,"turns":3.0},{"damage":0.0,"enemies":"Masked Bandits","floor":31.0,"turns":1.0},{"damage":106,"enemies":"Champ","floor":33,"turns":8}],"seed_played":"-5609060932976790670","potions_obtained":[{"floor":2.0,"key":"SkillPotion"},{"floor":4.0,"key":"LiquidMemories"},{"floor":10.0,"key":"FearPotion"},{"floor":16.0,"key":"DuplicationPotion"},{"floor":19.0,"key":"ColorlessPotion"},{"floor":20.0,"key":"Explosive Potion"},{"floor":21.0,"key":"Dexterity Potion"},{"floor":28.0,"key":"GamblersBrew"},{"floor":29.0,"key":"Explosive Potion"},{"floor":31.0,"key":"SteroidPotion"}],"is_trial":true,"path_per_floor":["M","M","M","M","M","R","?","R","T","E","?","$","M","M","R","B",null,"M","M","M","M","$","R","E","$","T","M","M","E","M","?","R","B"],"character_chosen":"THE_SILENT","items_purchased":["TwistedFunnel","Tantrum","Membership Card","Akabeko","Dramatic Entrance","Evaluate","Pummel"],"campfire_rested":3,"item_purchase_floors":[12,12,22,22,22,22,25],"current_hp_per_floor":[70,68,68,68,68,68,68,68,68,55,55,55,50,50,70,2,70,63,50,43,38,38,59,55,55,55,33,32,30,29,29,50,0,0],"gold":198,"neow_bonus":"","is_daily":false,"chose_seed":false,"campfire_upgraded":2,"win_rate":0.0,"timestamp":1613112947,"path_taken":["M","M","M","M","M","R","?","R","T","E","?","$","M","M","R","BOSS","M","M","M","M","?","R","E","$","T","M","M","E","M","?","R","BOSS"],"items_purchased_type":["Relic","Card","Relic","Relic","Card","Card","Card"],"build_version":"2020-12-22","purchased_purges":0,"victory":false,"max_hp_per_floor":[70,70,70,70,70,70,70,70,70,70,70,70,70,70,70,70,70,70,70,70,70,70,70,70,70,70,70,70,70,70,70,70,70,70],"card_choices":[{"not_picked":["All Out Attack","CutThroughFate"],"picked":"Crescendo","floor":1.0},{"not_picked":["SashWhip","Sweeping Beam"],"picked":"Beam Cell","floor":2.0},{"not_picked":["CarveReality","Redo"],"picked":"Wild Strike","floor":3.0},{"not_picked":["Shrug It Off","Dagger Throw"],"picked":"Dagger Spray","floor":4.0},{"not_picked":["Second Wind","Collect"],"picked":"Sucker Punch","floor":5.0},{"not_picked":["Fire Breathing","Omniscience"],"picked":"Undo","floor":10.0},{"not_picked":["Rebound","Masterful Stab"],"picked":"FollowUp","floor":13.0},{"not_picked":["Wild Strike","FlurryOfBlows"],"picked":"Crescendo","floor":14.0},{"not_picked":["Alpha","Devotion"],"picked":"Burst","floor":16.0},{"not_picked":["Static Discharge","FlurryOfBlows"],"picked":"Hologram","floor":18.0},{"not_picked":["Rebound","Defragment"],"picked":"Wallop","floor":19.0},{"not_picked":["Tempest","Loop"],"picked":"Consecrate","floor":20.0},{"not_picked":["True Grit","BowlingBash"],"picked":"Entrench","floor":21.0},{"not_picked":["Compile Driver+1","White Noise","Berserk"],"picked":"SKIP","floor":24.0},{"not_picked":["Intimidate","Acrobatics+1"],"picked":"Poisoned Stab+1","floor":27.0},{"not_picked":["Force Field","Coolheaded"],"picked":"Cold Snap","floor":28.0},{"not_picked":["BattleHymn+1","Armaments"],"picked":"Finisher","floor":29.0},{"not_picked":["Inflame","Hemokinesis+1"],"picked":"Flex+1","floor":30.0},{"not_picked":["Capacitor","Prostrate"],"picked":"Armaments","floor":31.0}],"player_experience":252096,"relics_obtained":[{"floor":9.0,"key":"Art of War"},{"floor":10.0,"key":"CeramicFish"},{"floor":24.0,"key":"The Specimen"},{"floor":26.0,"key":"Nunchaku"},{"floor":29.0,"key":"Bag of Preparation"},{"floor":31.0,"key":"Red Mask"}],"event_choices":[{"damage_healed":0.0,"max_hp_gain":0.0,"max_hp_loss":0.0,"gold_gain":0.0,"event_name":"Big Fish","player_choice":"Box","floor":7.0,"gold_loss":0.0,"damage_taken":0.0,"relics_obtained":["Ornamental Fan"],"cards_obtained":["Regret"]},{"damage_healed":0.0,"max_hp_gain":0.0,"max_hp_loss":0.0,"gold_gain":0.0,"event_name":"NoteForYourself","player_choice":"Ignored","floor":11.0,"gold_loss":0.0,"damage_taken":0.0},{"damage_healed":0.0,"max_hp_gain":0.0,"max_hp_loss":0.0,"gold_gain":0.0,"event_name":"Masked Bandits","player_choice":"Fought Bandits","floor":31.0,"gold_loss":0.0,"damage_taken":0.0}],"is_beta":false,"boss_relics":[{"not_picked":["Runic Pyramid","Coffee Dripper"],"picked":"Ring of the Serpent"}],"items_purged_floors":[],"is_endless":false,"potions_floor_spawned":[2,4,10,16,19,20,21,28,29,31],"killed_by":"Champ","ascension_level":0}}