{"host":"jqa9y4qkalbx8qgz","time":1613149187,"event":{"mods":["Act Like it!","BaseMod","BetterRewards","Downfall","Gensokyo","Marisa????????","Minty Spire (QoL Compilation)","Permanent Neow","Relic Stats","Replay The Spire","StSLib","The Servant 0.9.4","Wandering Minibosses"],"gold_per_floor":[109,109,121,153,164,164,190,7,7,34,34,34,49,259,290,290,290,394,394,410,420,214,232,246,481,481,507,532,544,544,564,583,598,598,696,696,714,732,98,98,108,443,443,672,672,672,697,728,4,4,4,4],"floor_reached":53,"language":"ENG","playtime":7237,"items_purged":["Doubt"],"score":1322,"play_id":"6d164074-0a41-4dfb-8967-93f4b0f903d7","local_time":"20210212195947","is_ascension_mode":false,"campfire_choices":[{"data":"KidneyShot","floor":6,"key":"SMITH"},{"data":"Defy","floor":17,"key":"SMITH"},{"data":"Revamp","floor":26,"key":"SMITH"},{"data":"MoonPhase","floor":30,"key":"SMITH"},{"data":"Pot Of Greed","floor":34,"key":"SMITH"},{"data":"TheWorld","floor":43,"key":"SMITH"},{"data":"TheWorld","floor":46,"key":"SMITH"},{"data":"Deny","floor":51,"key":"SMITH"}],"circlet_count":0,"master_deck":["Defend_S","Defend_S","Defend_S","Defend_S","KidneyShot+1","Exchange","Luminosity","GearUp","SurpressingFire","Rewind","Luminosity","InstantArmor","PendulumOfEternity","Luminosity","Pot Of Greed","Pot Of Greed","SurpressingFire","MurderousAura","Defy+1","Pot Of Greed","SpecialFormula","FlawlessForm","Revamp+1","MoonPhase+1","Sunlight+1","TheWorld","StarChef","Pot Of Greed+1","Spin+1","FastForward","Spin+1","FloweringNight+1","Read","TheWorld+1","GearUp+1","TheWorld+1","Pot Of Greed","ShiftingGears+1","Ricochet+1","Rewind+1","Shuttle","Contraction","Rewind","Deny+1","Hightail","Desolation","FanOfKnives"],"relics":["Uniform","Pen Nib","HandDrill","Gambling Chip","ReplayTheSpireMod:CursedCoin","PreservedInsect","Pear","Boot","Whetstone","Torii","WingedGreaves","Grinning Jar","Durian","Orichalcum","Ring of Peace","Ring of Fangs","Snecko Heart","Oddly Smooth Stone","Omamori","Replay:Baseball","Prayer Wheel","Replay:PocketPolymizer","Replay:Grab Bag","Coffee Dripper","SacredBark","Strange Spoon","OrangePellets","Guide Book","Pet Ghost","Pocketwatch","Du-Vu Doll","TungstenRod","Akabeko","Potion Belt","Nunchaku","Lee\u0027s Waffle","HornCleat","Ice Cream"],"acts_visited":["Exordium","Gensokyo:Gensokyo","Gensokyo:Gensokyoer"],"potions_floor_usage":[18,23,25,27,52,52,52],"damage_taken":[{"damage":1,"enemies":"Gensokyo:2_Kodama","floor":1,"turns":5},{"damage":0,"enemies":"Gensokyo:Gryphon","floor":3,"turns":5},{"damage":0,"enemies":"Gensokyo:Mamizou","floor":4,"turns":17},{"damage":0,"enemies":"Gensokyo:Python","floor":5,"turns":7},{"damage":0,"enemies":"Gensokyo:Mamizou","floor":7,"turns":6},{"damage":9,"enemies":"Gensokyo:Cirno","floor":10,"turns":12},{"damage":3,"enemies":"Gensokyo:5_Fairies","floor":13,"turns":17},{"damage":0,"enemies":"Gensokyo:2_Rabbits","floor":14,"turns":11},{"damage":0,"enemies":"Gensokyo:Mamizou","floor":15,"turns":17},{"damage":0,"enemies":"Gensokyo:Yukari","floor":18,"turns":10},{"damage":0,"enemies":"Gensokyo:3_Dogs","floor":20,"turns":7},{"damage":0,"enemies":"Gensokyo:2_Gloops","floor":21,"turns":6},{"damage":0,"enemies":"Gensokyo:Swordslinger","floor":23,"turns":6},{"damage":0,"enemies":"Gensokyo:Wraith","floor":24,"turns":7},{"damage":9,"enemies":"Gensokyo:Tenshi","floor":25,"turns":7},{"damage":0,"enemies":"Gensokyo:Reisen","floor":27,"turns":4},{"damage":1,"enemies":"Gensokyo:Slime_Group","floor":29,"turns":9},{"damage":0,"enemies":"Gensokyo:Monolith_and_Dog","floor":31,"turns":6},{"damage":0,"enemies":"Gensokyo:Wraith","floor":32,"turns":5},{"damage":0,"enemies":"Gensokyo:Slime_Group","floor":33,"turns":7},{"damage":0,"enemies":"Gensokyo:Eiki","floor":35,"turns":9},{"damage":0,"enemies":"Gensokyo:3_Boulders","floor":37,"turns":3},{"damage":0,"enemies":"Gensokyo:AncientGuardian","floor":38,"turns":5},{"damage":0,"enemies":"Gensokyo:Rafflesia","floor":41,"turns":10},{"damage":15,"enemies":"Gensokyo:Marisa","floor":42,"turns":7},{"damage":0,"enemies":"Gensokyo:Kasen","floor":44,"turns":7},{"damage":0,"enemies":"Gensokyo:Doremy","floor":47,"turns":6},{"damage":12,"enemies":"Gensokyo:Marisa","floor":48,"turns":7},{"damage":0,"enemies":"Gensokyo:Shinki","floor":52,"turns":11}],"seed_played":"3184163307008701658","potions_obtained":[{"floor":7,"key":"Strength Potion"},{"floor":10,"key":"SkillPotion"},{"floor":14,"key":"EssenceOfSteel"},{"floor":15,"key":"Flashbang"},{"floor":18,"key":"Toxic Potion"},{"floor":23,"key":"Swift Potion"},{"floor":25,"key":"bronze:BurnAndBuffPotion"},{"floor":29,"key":"PowerPotion"}],"is_trial":false,"path_per_floor":["M","?","M","?","M","R","E","COS","T","E","PTL","PTL","M","M","E","?","R","B",null,"M","M","COS","M","M","E","R","E","T","M","R","M","M","M","R","B",null,"M","M","COS","?","M","E","R","E","T","R","E","E","$","?","R","B",null],"character_chosen":"THE_SERVANT","items_purchased":["Pen Nib","HandDrill","ReplayTheSpireMod:CursedCoin","PreservedInsect","Luminosity","GearUp","Hightail","Nunchaku","Lee\u0027s Waffle","HornCleat","Desolation","Dexterity Potion"],"campfire_rested":0,"item_purchase_floors":[0,0,0,0,0,0,49,49,49,49,49,49],"current_hp_per_floor":[33,28,28,28,28,28,28,28,28,19,19,19,16,16,21,21,21,26,80,80,80,80,80,80,76,76,76,76,79,79,80,80,80,80,80,80,80,80,80,80,80,65,65,75,75,75,80,73,87,54,54,62],"gold":4,"neow_bonus":"","is_daily":false,"chose_seed":false,"campfire_upgraded":8,"win_rate":0.0,"timestamp":1613149187,"path_taken":["M","?","M","?","M","R","E","COS","T","E","PTL","PTL","M","M","E","?","R","BOSS","M","M","COS","M","M","E","R","E","T","M","R","M","M","M","R","BOSS","M","M","COS","?","M","E","R","E","T","R","E","E","?","?","R","BOSS"],"items_purchased_type":["Relic","Relic","Relic","Relic","Card","Card","Card","Relic","Relic","Relic","Card","Potion"],"build_version":"2020-12-22","purchased_purges":1,"victory":true,"max_hp_per_floor":[65,75,75,75,75,75,75,75,75,75,75,75,75,75,80,80,80,80,80,80,80,80,80,80,80,80,80,80,80,80,80,80,80,80,80,80,80,80,80,80,80,80,80,80,80,80,80,80,87,87,87,87],"relic_stats":{"Lee\u0027s Waffle":14,"Torii":75,"counters":[29,236],"Pen Nib":[22],"PreservedInsect":454,"Whetstone":["Strike_S","Strike_S"],"Orichalcum":[180],"Boot":[174],"Strange Spoon":[32],"OrangePellets":[36],"Nunchaku":[1],"Gambling Chip":[59],"Prayer Wheel":7,"HandDrill":[64],"obtain_stats":[{"Ice Cream":50,"Snecko Heart":19,"Replay:PocketPolymizer":27,"Torii":9,"SacredBark":36,"Uniform":0,"Whetstone":7,"Boot":4,"Pet Ghost":42,"Nunchaku":49,"Ring of Fangs":16,"HornCleat":49,"Gambling Chip":0,"Ring of Peace":16,"Prayer Wheel":27,"WingedGreaves":10,"HandDrill":0,"Potion Belt":48,"Lee\u0027s Waffle":49,"Pear":2,"ReplayTheSpireMod:CursedCoin":0,"Replay:Grab Bag":36,"Guide Book":39,"Oddly Smooth Stone":25,"Pen Nib":0,"PreservedInsect":0,"Omamori":25,"Orichalcum":15,"Akabeko":47,"Du-Vu Doll":45,"Strange Spoon":39,"OrangePellets":39,"Replay:Baseball":25,"Durian":15,"Coffee Dripper":36,"Grinning Jar":13,"TungstenRod":47,"Pocketwatch":44},{"Ice Cream":28,"Snecko Heart":10,"Replay:PocketPolymizer":16,"Torii":5,"SacredBark":21,"Uniform":0,"Whetstone":5,"Boot":3,"Pet Ghost":25,"Nunchaku":28,"Ring of Fangs":9,"HornCleat":28,"Gambling Chip":0,"Ring of Peace":9,"Prayer Wheel":16,"WingedGreaves":6,"HandDrill":0,"Potion Belt":28,"Lee\u0027s Waffle":28,"Pear":1,"ReplayTheSpireMod:CursedCoin":0,"Replay:Grab Bag":21,"Guide Book":23,"Oddly Smooth Stone":15,"Pen Nib":0,"PreservedInsect":0,"Omamori":15,"Orichalcum":9,"Akabeko":27,"Du-Vu Doll":26,"Strange Spoon":23,"OrangePellets":23,"Replay:Baseball":15,"Durian":9,"Coffee Dripper":21,"Grinning Jar":7,"TungstenRod":27,"Pocketwatch":26},{"Ice Cream":225,"Snecko Heart":107,"Replay:PocketPolymizer":144,"Torii":40,"SacredBark":180,"Uniform":0,"Whetstone":40,"Boot":27,"Pet Ghost":205,"Nunchaku":225,"Ring of Fangs":97,"HornCleat":225,"Gambling Chip":0,"Ring of Peace":97,"Prayer Wheel":144,"WingedGreaves":52,"HandDrill":0,"Potion Belt":225,"Lee\u0027s Waffle":225,"Pear":5,"ReplayTheSpireMod:CursedCoin":0,"Replay:Grab Bag":180,"Guide Book":188,"Oddly Smooth Stone":137,"Pen Nib":0,"PreservedInsect":0,"Omamori":137,"Orichalcum":97,"Akabeko":218,"Du-Vu Doll":212,"Strange Spoon":188,"OrangePellets":188,"Replay:Baseball":140,"Durian":85,"Coffee Dripper":180,"Grinning Jar":54,"TungstenRod":215,"Pocketwatch":212}],"TungstenRod":4,"Pocketwatch":[9]},"card_choices":[{"not_picked":["TimeWarp","Contraction"],"picked":"SurpressingFire","floor":1},{"not_picked":["Defy","Moonlight"],"picked":"Rewind","floor":3},{"not_picked":["Potential","Barrier"],"picked":"Luminosity","floor":4},{"not_picked":["Snipe","MoonPhase"],"picked":"InstantArmor","floor":5},{"not_picked":["TimeWarp","Barrier"],"picked":"PendulumOfEternity","floor":7},{"not_picked":["SilverBlades","GearUp"],"picked":"Luminosity","floor":10},{"not_picked":["Hightail","Starlight"],"picked":"SurpressingFire","floor":13},{"not_picked":["Solidify","ForgedInTime"],"picked":"MurderousAura","floor":13},{"not_picked":["Rewind","BottledTime"],"picked":"Defy","floor":14},{"not_picked":["ShiftingGears","SilverBlades"],"picked":"SpecialFormula","floor":15},{"not_picked":["Solidify","MurderousAura"],"picked":"FlawlessForm","floor":18},{"not_picked":["Rewind","Comet","ShatteredReality+1"],"picked":"SKIP","floor":20},{"not_picked":["BottledTime+1","Spin","Alleviate"],"picked":"SKIP","floor":21},{"not_picked":["Gouge","Luminosity"],"picked":"Revamp","floor":23},{"not_picked":["Misdirection","BottledTime"],"picked":"MoonPhase","floor":24},{"not_picked":["Unruled","SilverBlades"],"picked":"Sunlight","floor":25},{"not_picked":["Alleviate","Spin","Revamp"],"picked":"SKIP","floor":27},{"not_picked":["Unruled","Replace"],"picked":"TheWorld","floor":29},{"not_picked":["Spin","Alleviate"],"picked":"StarChef","floor":29},{"not_picked":["Ricochet","Revamp"],"picked":"Spin+1","floor":31},{"not_picked":["Contraction","Spin","Moonlight"],"picked":"SKIP","floor":31},{"not_picked":["Rearm","FanOfKnives"],"picked":"FastForward","floor":32},{"not_picked":["Potential","Shuttle"],"picked":"Spin+1","floor":32},{"not_picked":["ReturningBlade","Desolation"],"picked":"FloweringNight","floor":33},{"not_picked":["Defy","Rearm","Alleviate+1"],"picked":"SKIP","floor":33},{"not_picked":["Defy","Rearm","Alleviate+1"],"picked":"SKIP","floor":33},{"not_picked":["FloweringNight","FlawlessForm"],"picked":"TheWorld","floor":35},{"not_picked":["Potential+1","Defy+1"],"picked":"GearUp+1","floor":37},{"not_picked":["Potential","StarChef+1","FastForward+1"],"picked":"SKIP","floor":37},{"not_picked":["ShatteredReality+1","Revamp","Spin+1"],"picked":"SKIP","floor":38},{"not_picked":["Unruled+1","Ricochet+1","FastForward+1"],"picked":"SKIP","floor":38},{"not_picked":["Replace+1","Rearm"],"picked":"TheWorld","floor":41},{"not_picked":["Barrier+1","Starlight+1"],"picked":"ShiftingGears+1","floor":41},{"not_picked":["Moonlight+1","FastForward+1"],"picked":"Ricochet+1","floor":41},{"not_picked":["Spin","Replace"],"picked":"Rewind+1","floor":42},{"not_picked":["Starlight+1","Revamp+1"],"picked":"Contraction","floor":44},{"not_picked":["Starlight+1","ForgedInTime","ShatteredReality+1"],"picked":"SKIP","floor":47},{"not_picked":["Ricochet","Moonlight"],"picked":"Deny","floor":48}],"player_experience":364798,"relics_obtained":[{"floor":4,"key":"Boot"},{"floor":7,"key":"Whetstone"},{"floor":9,"key":"Torii"},{"floor":10,"key":"WingedGreaves"},{"floor":15,"key":"Orichalcum"},{"floor":16,"key":"Ring of Peace"},{"floor":16,"key":"Ring of Fangs"},{"floor":25,"key":"Replay:Baseball"},{"floor":27,"key":"Replay:PocketPolymizer"},{"floor":42,"key":"Pet Ghost"},{"floor":44,"key":"Pocketwatch"},{"floor":45,"key":"Du-Vu Doll"},{"floor":47,"key":"Akabeko"},{"floor":48,"key":"Potion Belt"}],"event_choices":[],"is_beta":false,"boss_relics":[{"not_picked":["Replay:Drink Me","Busted Crown"],"picked":"Snecko Heart"},{"not_picked":["Black Star","Replay:Bronze Core"],"picked":"Replay:Grab Bag"},{"not_picked":["ReplayTheSpireMod:Onyx Gauntlets","Replay:Wanted Poster"],"picked":"Coffee Dripper"},{"not_picked":["Kintsugi","Pandora\u0027s Box"],"picked":"SacredBark"}],"items_purged_floors":[0],"is_endless":false,"potions_floor_spawned":[7,10,14,15,18,21,23,25,29,35,41,42,44,47],"ascension_level":0}}