{"host":"ziko4uwynam20dv9","time":1613139834,"event":{"mods":["Aspiration","BaseMod","BetterRewards","Downfall","Hubris","Infinite Spire","Minty Spire (QoL Compilation)","Remilia??????","Replay The Spire","Shop Mod","StSLib","The Animator","The Jungle"],"gold_per_floor":[112,112,112,130,144,178,193,207,257,257,274,199,199,219,219,293,293,307,307,150,166,166,166,200,200,225,238,238,238,267,292,292,366,366,380,395,395,409,420,420,420,116,166,182,192,211,211,221,221,221],"floor_reached":51,"language":"FRA","playtime":2882,"items_purged":["Injury"],"score":1165,"play_id":"76d2bca6-377e-4881-9879-d47d48d84997","local_time":"20210212152354","is_ascension_mode":true,"campfire_choices":[{"floor":10,"key":"REST"},{"data":"Draining Mist","floor":13,"key":"SMITH"},{"floor":15,"key":"DIG"},{"floor":23,"key":"REST"},{"floor":25,"key":"DIG"},{"data":"Neutralize","floor":29,"key":"SMITH"},{"data":"Glass Knife","floor":32,"key":"SMITH"},{"floor":40,"key":"DIG"},{"floor":47,"key":"DIG"},{"floor":49,"key":"DIG"}],"circlet_count":0,"master_deck":["AscendersBane","Strike_G","Strike_G+1","Strike_G","Strike_G","Strike_G+1","Defend_G","Defend_G","Defend_G","Defend_G+1","Defend_G+1","Survivor+1","Neutralize+1","Draining Mist+1","Hidden Blade+1","Cloak And Dagger+1","hubris:SlightOfHand+1","Glass Knife+1","Slice","Cloak And Dagger+1","Toxin Wave+1","Phantasmal Killer+1","Blade Dance+1","PiercingWail+1","Backflip+1","hubris:Sniper+1","Doppelganger+1","Bullet Time+1","Hidden Blade+1","Cloak And Dagger+1","Replay:Bag of Tricks+1"],"relics":["Ring of the Serpent","Bird Faced Urn","Pet Ghost","Toxic Egg 2","Replay:Bottled Snecko","infinitespire:PuzzleCube","Regal Pillow","theJungle:BirthdayCakeSlice","Medical Kit","Shovel","Whetstone","Pen Nib","Ancient Tea Set","aspiration:Lifesprig","Art of War","PreservedInsect","aspiration:RitualDagger","hubris:Towel","infinitespire:Bottled Soul","Oddly Smooth Stone","Happy Flower","Boot","Blue Doll","Simple Rune"],"acts_visited":["Exordium","Exordium","TheBeyond"],"potions_floor_usage":[6,8,16,16,35,38,50],"damage_taken":[{"damage":0,"enemies":"Jaw Worm","floor":1,"turns":6},{"damage":1,"enemies":"Small Slimes","floor":4,"turns":5},{"damage":5,"enemies":"Cultist","floor":5,"turns":4},{"damage":24,"enemies":"Gremlin Nob","floor":6,"turns":4},{"damage":1,"enemies":"Red Slaver","floor":7,"turns":4},{"damage":6,"enemies":"Exordium Thugs","floor":8,"turns":5},{"damage":3,"enemies":"Gremlin Gang","floor":11,"turns":5},{"damage":0,"enemies":"Exordium Wildlife","floor":14,"turns":2},{"damage":0,"enemies":"Hexaghost","floor":16,"turns":2},{"damage":2,"enemies":"Shell Parasite","floor":18,"turns":6},{"damage":4,"enemies":"theJungle:GiantWrat","floor":21,"turns":6},{"damage":22,"enemies":"theJungle:MamaSnecko","floor":24,"turns":7},{"damage":7,"enemies":"theJungle:SlimyTreeVines","floor":27,"turns":4},{"damage":0,"enemies":"theJungle:Cassacara","floor":30,"turns":5},{"damage":3,"enemies":"theJungle:FunGuy","floor":33,"turns":9},{"damage":45,"enemies":"3 Darklings","floor":35,"turns":7},{"damage":9,"enemies":"Orb Walker","floor":36,"turns":3},{"damage":38,"enemies":"Writhing Mass","floor":38,"turns":6},{"damage":9,"enemies":"Jaw Worm Horde","floor":39,"turns":3},{"damage":15,"enemies":"Maw","floor":44,"turns":5},{"damage":17,"enemies":"Sphere and 2 Shapes","floor":45,"turns":3},{"damage":29,"enemies":"Jaw Worm Horde","floor":46,"turns":4},{"damage":12,"enemies":"3 Darklings","floor":48,"turns":4},{"damage":87,"enemies":"infinitespire:MassOfShapes","floor":50,"turns":18}],"seed_played":"-4486184611737004832","potions_obtained":[{"floor":5,"key":"champ:CounterPotion"},{"floor":6,"key":"ColorlessPotion"},{"floor":7,"key":"infinitespire:BlackPotion"},{"floor":8,"key":"FearPotion"},{"floor":27,"key":"Milkshake"},{"floor":33,"key":"Dexterity Potion"},{"floor":35,"key":"sneckomod:MuddlingPotion"},{"floor":38,"key":"champ:CounterPotion"},{"floor":39,"key":"Energy Potion"},{"floor":45,"key":"EssenceOfSteel"},{"floor":46,"key":"LifebloodPotion"}],"is_trial":false,"path_per_floor":["M","?","?","M","M","E","M","M","T","R","M","$","R","M","R","B",null,"M","?","$","M","?","R","E","R","T","M","AVR","R","E","T","R","B",null,"M","M","?","M","M","R","?","$","T","M","M","M","R","M","R","B",null],"character_chosen":"THE_SILENT","items_purchased":["Pet Ghost","Medical Kit","Oddly Smooth Stone","Happy Flower"],"campfire_rested":2,"item_purchase_floors":[0,20,42,42],"current_hp_per_floor":[63,63,63,62,57,33,32,26,26,47,44,44,44,44,44,44,64,62,67,67,63,45,75,53,53,53,51,51,51,51,51,51,48,68,23,14,14,65,70,70,70,70,70,72,66,56,56,69,69,51],"gold":221,"neow_bonus":"","is_daily":false,"chose_seed":false,"campfire_upgraded":3,"win_rate":0.0,"timestamp":1613139834,"path_taken":["M","?","?","M","M","E","M","M","T","R","M","?","R","M","R","BOSS","M","?","$","M","?","R","E","R","T","M","AVR","R","E","?","R","BOSS","M","M","?","M","M","R","?","$","T","M","?","M","R","M","R","BOSS"],"items_purchased_type":["Relic","Relic","Relic","Relic"],"build_version":"2020-12-22","purchased_purges":1,"victory":true,"max_hp_per_floor":[70,70,70,70,70,70,70,70,70,70,70,70,70,70,70,70,70,70,75,75,75,75,75,75,75,75,75,75,75,75,75,75,75,75,75,75,75,75,75,75,72,72,72,72,72,72,72,72,72,72],"card_choices":[{"not_picked":["hubris:SlightOfHand","ReplayTheSpireMod:Exploit Weakness"],"picked":"Draining Mist","floor":1},{"not_picked":["Skewer","ReplayTheSpireMod:Speed Training+1"],"picked":"Hidden Blade+1","floor":4},{"not_picked":["Sucker Punch","Terror+1"],"picked":"Cloak And Dagger+1","floor":5},{"not_picked":["Deadly Poison+1","Prepared+1"],"picked":"hubris:SlightOfHand+1","floor":6},{"not_picked":["hubris:TrickCloak+1","Expertise+1"],"picked":"Glass Knife","floor":7},{"not_picked":["Fluid Movement","Poisoned Stab"],"picked":"Slice","floor":8},{"not_picked":["Bane","Acrobatics+1"],"picked":"Cloak And Dagger+1","floor":11},{"not_picked":["Prepared+1","Outmaneuver+1"],"picked":"Toxin Wave+1","floor":14},{"not_picked":["Burst+1","Die Die Die"],"picked":"Phantasmal Killer+1","floor":16},{"not_picked":["ReplayTheSpireMod:Scrap Shanks+1","Eviscerate"],"picked":"Blade Dance+1","floor":18},{"not_picked":["ReplayTheSpireMod:The Works+1","Bane"],"picked":"PiercingWail+1","floor":21},{"not_picked":["ReplayTheSpireMod:Necrosis+1","Deadly Poison+1"],"picked":"Backflip+1","floor":24},{"not_picked":["Slice","Deadly Poison+1"],"picked":"hubris:Sniper+1","floor":27},{"not_picked":["Underhanded Strike","Poisoned Stab"],"picked":"Doppelganger+1","floor":30},{"not_picked":["ReplayTheSpireMod:Necrosis+1","Doppelganger+1"],"picked":"Bullet Time+1","floor":33},{"not_picked":["Draining Mist+1","Backflip+1"],"picked":"Hidden Blade+1","floor":35},{"not_picked":["Slice","Outmaneuver+1","Caltrops"],"picked":"SKIP","floor":36},{"not_picked":["Catalyst+1","hubris:SlightOfHand+1","Endless Agony"],"picked":"SKIP","floor":38},{"not_picked":["Deadly Poison+1","Outmaneuver+1","Poisoned Stab"],"picked":"SKIP","floor":39},{"not_picked":["hubris:SlightOfHand+1","Flying Knee","Outmaneuver+1"],"picked":"SKIP","floor":44},{"not_picked":["Backflip+1","Slice"],"picked":"Cloak And Dagger+1","floor":45},{"not_picked":["All Out Attack+1","Dodge and Roll+1"],"picked":"Replay:Bag of Tricks+1","floor":46},{"not_picked":["Poisoned Stab","Quick Slash","Dodge and Roll+1"],"picked":"SKIP","floor":48}],"player_experience":999966,"relics_obtained":[{"floor":6,"key":"Replay:Bottled Snecko"},{"floor":9,"key":"infinitespire:PuzzleCube"},{"floor":15,"key":"Regal Pillow"},{"floor":24,"key":"Whetstone"},{"floor":25,"key":"Pen Nib"},{"floor":26,"key":"Ancient Tea Set"},{"floor":30,"key":"Art of War"},{"floor":31,"key":"PreservedInsect"},{"floor":40,"key":"infinitespire:Bottled Soul"},{"floor":43,"key":"Boot"},{"floor":47,"key":"Blue Doll"},{"floor":49,"key":"Simple Rune"}],"event_choices":[{"cards_removed":["Parasite"],"damage_healed":0,"gold_gain":0,"player_choice":"Removed Curses","damage_taken":0,"max_hp_gain":0,"max_hp_loss":0,"event_name":"Fountain of Cleansing","floor":41,"gold_loss":0}],"is_beta":false,"boss_relics":[{"not_picked":["hubris:BlackHole","hubris:HollowSoul"],"picked":"Ring of the Serpent"},{"not_picked":["Ring of Chaos","aspiration:WatcherSkillbook"],"picked":"aspiration:RitualDagger"}],"items_purged_floors":[12],"is_endless":false,"potions_floor_spawned":[5,6,7,8,27,33,35,38,39,45,46],"ascension_level":13}}