{"host":"znuunkttinnn1f17","time":1613130512,"event":{"mods":["BaseMod","Colored Map","Downfall","Minty Spire (QoL Compilation)","Replay The Spire","StSLib"],"gold_per_floor":[99,99,99,15,25,25,25,98,108,8,108,122,122,32,43,43,43,43],"floor_reached":16,"language":"ENG","playtime":874,"items_purged":["sneckomod:Strike"],"score":98,"play_id":"ca17dfd5-ef90-4f11-affc-f1dc413d7b3d","local_time":"20210212124832","is_ascension_mode":false,"campfire_choices":[{"data":"sneckomod:TailWhip","floor":1,"key":"SMITH"},{"floor":10,"key":"REST"},{"data":"sneckomod:SnekBeam","floor":13,"key":"SMITH"}],"circlet_count":0,"master_deck":["sneckomod:Strike","sneckomod:Strike","sneckomod:Defend","sneckomod:Defend","sneckomod:Defend","sneckomod:TailWhip+1","sneckomod:SnekBite","sneckomod:Unknown","sneckomod:Unknown","sneckomod:UnknownUncommonSkill","sneckomod:DiceCrush","sneckomod:UnknownCommonSkill","sneckomod:UnknownBlock","sneckomod:UnknownUncommonPower","sneckomod:SnekBeam+1","Writhe","sneckomod:UnknownStrike","sneckomod:UnknownBlock","sneckomod:UnknownDraw","sneckomod:Unknown1Cost"],"relics":["sneckomod:SneckoSoul","downfall:HeartsMalice","Ring of Hypnosis","ReplayTheSpireMod:Ring of Challenge","Pocketwatch","downfall:HeartBlessingBlue"],"acts_visited":["Exordium"],"potions_floor_usage":[8,16],"damage_taken":[{"damage":0,"enemies":"Small Slimes","floor":2,"turns":1},{"damage":0,"enemies":"2 Louse","floor":3,"turns":1},{"damage":0,"enemies":"downfall:FleeingMerchant","floor":4,"turns":1},{"damage":0,"enemies":"Cultist","floor":5,"turns":4},{"damage":68,"enemies":"Gremlin Nob","floor":8,"turns":6},{"damage":16,"enemies":"3 Louse","floor":9,"turns":2},{"damage":12,"enemies":"Exordium Thugs","floor":12,"turns":6},{"damage":0,"enemies":"downfall:FleeingMerchant","floor":14,"turns":4},{"damage":0,"enemies":"Blue Slaver","floor":15,"turns":2},{"damage":42,"enemies":"SI_SHIV_ARCHETYPE","floor":16,"turns":7}],"seed_played":"631660974056349083","potions_obtained":[{"floor":5,"key":"Dexterity Potion"},{"floor":8,"key":"SteroidPotion"},{"floor":12,"key":"sneckomod:DiceRollPotion"}],"is_trial":false,"path_per_floor":["R","M","M","$","M","?","T","E","M","R","?","M","R","$","M","B"],"character_chosen":"THE_SNECKO","items_purchased":["sneckomod:UnknownBlock","sneckomod:UnknownUncommonPower"],"campfire_rested":1,"item_purchase_floors":[4,4],"current_hp_per_floor":[90,90,90,90,90,90,90,22,6,46,46,34,34,34,34,0,0,0],"gold":43,"neow_bonus":"THREE_ENEMY_KILL","is_daily":false,"chose_seed":false,"campfire_upgraded":2,"win_rate":0.0,"timestamp":1613130512,"path_taken":["R","M","M","$","M","?","T","E","M","R","?","M","R","$","M","BOSS"],"items_purchased_type":["Card","Card"],"build_version":"2020-12-22","purchased_purges":1,"victory":false,"max_hp_per_floor":[90,90,90,90,90,90,90,90,90,100,100,100,100,100,100,100,100,100],"card_choices":[{"not_picked":["sneckomod:QuickBite","sneckomod:UnknownCommonAttack"],"picked":"sneckomod:UnknownUncommonSkill","floor":2},{"not_picked":["sneckomod:SlitherStrike","sneckomod:UnknownUncommonSkill"],"picked":"sneckomod:DiceCrush","floor":3},{"not_picked":["sneckomod:QuickBite","sneckomod:SoulCleanse"],"picked":"sneckomod:UnknownCommonSkill","floor":4},{"not_picked":["sneckomod:Unknown2Cost","sneckomod:IronFang"],"picked":"sneckomod:SnekBeam","floor":5},{"not_picked":["sneckomod:ImprovisedGuard","sneckomod:Cheat"],"picked":"sneckomod:UnknownStrike","floor":8},{"not_picked":["sneckomod:DiceBoulder","sneckomod:WideSting"],"picked":"sneckomod:UnknownBlock","floor":9},{"not_picked":["sneckomod:UnknownCommonSkill","sneckomod:QuickBite"],"picked":"sneckomod:UnknownDraw","floor":12},{"not_picked":["sneckomod:DiceBlock","sneckomod:UnknownStrike"],"picked":"sneckomod:Unknown1Cost","floor":14},{"not_picked":["sneckomod:SoulCleanse","sneckomod:DiceBoulder","sneckomod:RainOfDice"],"picked":"SKIP","floor":15}],"player_experience":227041,"relics_obtained":[{"floor":6,"key":"Ring of Hypnosis"},{"floor":6,"key":"ReplayTheSpireMod:Ring of Challenge"},{"floor":8,"key":"Pocketwatch"}],"event_choices":[],"is_beta":false,"boss_relics":[],"items_purged_floors":[14],"is_endless":false,"potions_floor_spawned":[5,8,12],"killed_by":"SI_SHIV_ARCHETYPE","ascension_level":0}}