{"host":"3n5xmnb54n2y5mb4","time":1613107033,"event":{"mods":["BaseMod","Colored Map","Colored Powertips","Downfall","Minty Spire (QoL Compilation)","Permanent Neow","StSLib","Unceasing Turn Reminder","everything is the same but u backflip on backflip"],"gold_per_floor":[111,14,24,99,99,99,134,134,134,134,150,183,183,196,196,297,297,309,38,50,50,50,50],"floor_reached":22,"language":"ENG","playtime":670,"items_purged":["Strike_B"],"score":323,"play_id":"c52da487-9b1b-495b-b73d-873f95adac25","local_time":"20210212001713","is_ascension_mode":true,"campfire_choices":[{"floor":6,"key":"REST"},{"floor":8,"key":"REST"},{"floor":10,"key":"REST"},{"floor":15,"key":"REST"}],"circlet_count":0,"master_deck":["AscendersBane","Strike_B","Defend_B","Defend_B","Defend_B","Defend_B","Zap","Dualcast","Chaos+1","Loop","Turbo","BootSequence","Sweeping Beam","Capacitor","Hologram","Creative AI","Redo","Coolheaded","Storm"],"relics":["Cracked Core","PreservedInsect","Pear","Ice Cream","DataDisk","Nuclear Battery","Strawberry"],"acts_visited":["Exordium","TheCity"],"potions_floor_usage":[12],"damage_taken":[{"damage":0,"enemies":"2 Louse","floor":1,"turns":1},{"damage":7,"enemies":"Small Slimes","floor":3,"turns":4},{"damage":39,"enemies":"Gremlin Nob","floor":7,"turns":4},{"damage":0,"enemies":"Jaw Worm","floor":11,"turns":4},{"damage":8,"enemies":"3 Sentries","floor":12,"turns":4},{"damage":40,"enemies":"Gremlin Gang","floor":14,"turns":4},{"damage":35,"enemies":"Hexaghost","floor":16,"turns":11},{"damage":35,"enemies":"Chosen","floor":18,"turns":5},{"damage":12,"enemies":"Shell Parasite","floor":20,"turns":5},{"damage":27,"enemies":"Snake Plant","floor":22,"turns":3}],"seed_played":"-7429657701352779677","potions_obtained":[{"floor":1,"key":"Explosive Potion"},{"floor":3,"key":"Strength Potion"},{"floor":11,"key":"Block Potion"},{"floor":18,"key":"EssenceOfSteel"}],"is_trial":false,"path_per_floor":["M","$","M","?","?","R","E","R","T","R","M","E","?","M","R","B",null,"M","$","M","?","M"],"character_chosen":"DEFECT","items_purchased":["Loop","Turbo","Coolheaded","Strawberry"],"campfire_rested":4,"item_purchase_floors":[2,2,19,19],"current_hp_per_floor":[50,50,43,32,32,54,15,37,47,72,72,64,57,17,42,7,66,31,38,26,26,0,0],"gold":50,"neow_bonus":"REMOVE_TWO","is_daily":false,"chose_seed":false,"campfire_upgraded":0,"win_rate":0.0,"timestamp":1613107033,"path_taken":["M","$","M","?","?","R","E","R","T","R","M","E","?","M","R","BOSS","M","$","M","?","M"],"items_purchased_type":["Card","Card","Card","Relic"],"build_version":"2020-12-22","purchased_purges":1,"victory":false,"max_hp_per_floor":[75,75,75,75,75,75,75,75,85,85,85,85,85,85,85,85,85,85,92,92,92,92,92],"card_choices":[{"not_picked":["Ball Lightning","Coolheaded"],"picked":"Chaos","floor":1},{"not_picked":["Sunder","Barrage","Sweeping Beam"],"picked":"SKIP","floor":3},{"not_picked":["Rebound","Ball Lightning"],"picked":"BootSequence","floor":7},{"not_picked":["Hologram","Beam Cell"],"picked":"Sweeping Beam","floor":11},{"not_picked":["All For One","BootSequence"],"picked":"Capacitor","floor":12},{"not_picked":["Streamline","Stack"],"picked":"Hologram","floor":14},{"not_picked":["Buffer","Thunder Strike"],"picked":"Creative AI","floor":16},{"not_picked":["Streamline","Hologram"],"picked":"Redo","floor":18},{"not_picked":["Tempest+1","Rebound"],"picked":"Storm","floor":20}],"player_experience":1054104,"relics_obtained":[{"floor":7,"key":"PreservedInsect"},{"floor":9,"key":"Pear"},{"floor":12,"key":"Ice Cream"}],"event_choices":[{"damage_healed":0,"gold_gain":75,"player_choice":"Gather Gold","damage_taken":11,"max_hp_gain":0,"max_hp_loss":0,"event_name":"World of Goop","floor":4,"gold_loss":0},{"damage_healed":0,"gold_gain":0,"player_choice":"Grow","damage_taken":0,"max_hp_gain":0,"max_hp_loss":0,"event_name":"Living Wall","floor":5,"gold_loss":0,"cards_upgraded":["Chaos"]},{"damage_healed":0,"gold_gain":0,"player_choice":"Success","damage_taken":7,"relics_obtained":["DataDisk"],"max_hp_gain":0,"max_hp_loss":0,"event_name":"Scrap Ooze","floor":13,"gold_loss":0}],"is_beta":false,"boss_relics":[{"not_picked":["Black Star","Snecko Eye"],"picked":"Nuclear Battery"}],"items_purged_floors":[19],"is_endless":false,"potions_floor_spawned":[1,3,11,18],"killed_by":"Snake Plant","ascension_level":11}}