{"host":"lv7etzzgwahaenh9","time":1613160283,"event":{"mods":["AchievementEnabler","BaseMod","Colored Map","Colored Powertips","Highlight Path","Minty Spire (QoL Compilation)","Permanent Neow","Quick Restart","Random Character Button","StSLib"],"gold_per_floor":[113,34,44,64,77,77,87,87,87,119,129,144,158,193,193,288,288,305,8,8,8,19,52,52,52,52,52,83,101,120,153,153,258,258,273,283,283,299,4,4,20,20,20,49,49,77,77,77,77,77,77,77,9,37,37],"floor_reached":56,"language":"ENG","playtime":2969,"items_purged":["Strike_B"],"score":2033,"play_id":"ce9c5a8f-c514-4f93-a690-38516b5f807d","local_time":"20210212120443","is_ascension_mode":true,"campfire_choices":[{"data":"Defragment","floor":6.0,"key":"SMITH"},{"data":"Dualcast","floor":8.0,"key":"SMITH"},{"data":"Electrodynamics","floor":15.0,"key":"SMITH"},{"data":"Echo Form","floor":24.0,"key":"SMITH"},{"data":"Defragment","floor":27.0,"key":"SMITH"},{"data":"Ghostly","floor":32,"key":"SMITH"},{"data":"Ghostly","floor":40,"key":"SMITH"},{"floor":42,"key":"RECALL"},{"floor":47,"key":"REST"},{"data":"Seek","floor":49,"key":"SMITH"},{"data":"Creative AI","floor":52,"key":"SMITH"}],"circlet_count":0,"master_deck":["AscendersBane","Defend_B","Defend_B","Defend_B","Defend_B","Zap+1","Dualcast+1","Cold Snap","Defragment+1","Steam","Glacier","Chill","Conserve Battery","Genetic Algorithm","Streamline","Compile Driver","Beam Cell","Electrodynamics+1","Echo Form+1","Ball Lightning","Defragment+1","Gash","Go for the Eyes","Ghostly+1","Ghostly+1","Ghostly","Ghostly","Ghostly","Cold Snap","Sweeping Beam+1","Electrodynamics","Turbo+1","Seek+1","Creative AI+1","Storm","Auto Shields","Self Repair","Static Discharge"],"relics":["Cracked Core","Happy Flower","Tiny Chest","Question Card","Nuclear Battery","Runic Capacitor","Blue Candle","Dead Branch","Toy Ornithopter","Torii","Busted Crown","Calipers","Incense Burner","Bottled Lightning","Darkstone Periapt","Letter Opener","Oddly Smooth Stone"],"acts_visited":["Exordium","TheCity","TheBeyond","TheEnding"],"potions_floor_usage":[55,55],"damage_taken":[{"damage":1.0,"enemies":"Cultist","floor":1.0,"turns":3.0},{"damage":2.0,"enemies":"Jaw Worm","floor":3.0,"turns":3.0},{"damage":12.0,"enemies":"Small Slimes","floor":4.0,"turns":3.0},{"damage":1.0,"enemies":"3 Louse","floor":5.0,"turns":4.0},{"damage":0.0,"enemies":"Gremlin Gang","floor":7.0,"turns":8.0},{"damage":4.0,"enemies":"Lagavulin","floor":10.0,"turns":8.0},{"damage":0.0,"enemies":"Looter","floor":11.0,"turns":5.0},{"damage":0.0,"enemies":"Red Slaver","floor":12.0,"turns":5.0},{"damage":0.0,"enemies":"Large Slime","floor":13.0,"turns":6.0},{"damage":10.0,"enemies":"Gremlin Nob","floor":14.0,"turns":3.0},{"damage":16.0,"enemies":"Hexaghost","floor":16.0,"turns":11.0},{"damage":0.0,"enemies":"Spheric Guardian","floor":18.0,"turns":3.0},{"damage":0.0,"enemies":"Chosen","floor":22.0,"turns":5.0},{"damage":2.0,"enemies":"Gremlin Leader","floor":23.0,"turns":9.0},{"damage":0.0,"enemies":"Book of Stabbing","floor":28.0,"turns":7.0},{"damage":0.0,"enemies":"3 Cultists","floor":29.0,"turns":5.0},{"damage":14.0,"enemies":"Snecko","floor":30.0,"turns":4.0},{"damage":0,"enemies":"Slavers","floor":31,"turns":3},{"damage":1,"enemies":"Automaton","floor":33,"turns":10},{"damage":10,"enemies":"3 Shapes","floor":35,"turns":3},{"damage":0,"enemies":"3 Darklings","floor":36,"turns":3},{"damage":1,"enemies":"Transient","floor":38,"turns":5},{"damage":0,"enemies":"Sphere and 2 Shapes","floor":41,"turns":4},{"damage":0,"enemies":"Giant Head","floor":44,"turns":7},{"damage":0,"enemies":"Nemesis","floor":46,"turns":7},{"damage":0,"enemies":"Donu and Deca","floor":50,"turns":7},{"damage":1,"enemies":"Shield and Spear","floor":54,"turns":5},{"damage":27,"enemies":"The Heart","floor":55,"turns":6}],"seed_played":"-5059679845687093479","potions_obtained":[{"floor":3.0,"key":"SpeedPotion"},{"floor":10.0,"key":"Fire Potion"},{"floor":11.0,"key":"Weak Potion"},{"floor":14.0,"key":"PowerPotion"},{"floor":16.0,"key":"Ancient Potion"},{"floor":22.0,"key":"Dexterity Potion"},{"floor":28.0,"key":"Strength Potion"},{"floor":29.0,"key":"EssenceOfSteel"},{"floor":35,"key":"Ancient Potion"},{"floor":38,"key":"Dexterity Potion"},{"floor":54,"key":"PowerPotion"}],"is_trial":false,"path_per_floor":["M","$","M","M","M","R","M","R","T","E","M","M","M","E","R","B",null,"M","$","?","?","M","E","R","T","T","R","E","M","M","E","R","B",null,"M","M","?","M","$","R","M","R","T","E","?","E","R","T","R","B",null,"R","$","E","B",null],"character_chosen":"DEFECT","items_purchased":["Defragment","Defragment","Runic Capacitor","Calipers","Static Discharge"],"campfire_rested":1,"item_purchase_floors":[2,19,19,39,53],"current_hp_per_floor":[67,67,65,53,52,52,52,52,52,48,48,48,48,38,38,22,62,62,62,62,37,37,35,35,35,35,35,35,35,23,23,23,22,33,23,23,23,22,22,22,22,22,22,22,22,22,33,33,33,37,37,37,37,37,12],"gold":37,"neow_bonus":"UPGRADE_CARD","is_daily":false,"chose_seed":false,"campfire_upgraded":9,"win_rate":0.0,"timestamp":1613160283,"path_taken":["M","$","M","M","M","R","M","R","T","E","?","M","M","E","R","BOSS","M","$","?","?","M","E","R","?","T","R","E","M","M","E","R","BOSS","M","M","?","M","$","R","?","R","T","E","?","E","R","?","R","BOSS","R","$","E","BOSS"],"items_purchased_type":["Card","Card","Relic","Relic","Card"],"build_version":"2020-12-22","purchased_purges":1,"victory":true,"max_hp_per_floor":[75,75,75,75,75,75,75,75,75,75,75,75,75,75,75,75,75,75,75,75,37,37,37,37,37,37,37,37,37,37,37,37,37,37,37,37,37,37,37,37,37,37,37,37,37,37,37,37,37,37,37,37,37,37,37],"card_choices":[{"not_picked":["Turbo","Undo"],"picked":"Cold Snap","floor":1.0},{"not_picked":["Hello World","Barrage"],"picked":"Steam","floor":3.0},{"not_picked":["Skim","Storm"],"picked":"Glacier","floor":4.0},{"not_picked":["Darkness","Lockon"],"picked":"Chill","floor":5.0},{"not_picked":["Go for the Eyes","Doom and Gloom"],"picked":"Conserve Battery","floor":7.0},{"not_picked":["Sweeping Beam","Double Energy"],"picked":"Genetic Algorithm","floor":10.0},{"not_picked":["Glacier","Lockon"],"picked":"Streamline","floor":11.0},{"not_picked":["Steam","Turbo"],"picked":"Compile Driver","floor":12.0},{"not_picked":["Streamline","Lockon"],"picked":"Beam Cell","floor":13.0},{"not_picked":["Coolheaded","Rebound"],"picked":"Electrodynamics","floor":14.0},{"not_picked":["Electrodynamics","Creative AI","Machine Learning"],"picked":"Echo Form","floor":16.0},{"not_picked":["Conserve Battery","Recycle+1","Genetic Algorithm+1"],"picked":"Ball Lightning","floor":18.0},{"not_picked":["Conserve Battery","Streamline","Rebound"],"picked":"Cold Snap","floor":22.0},{"not_picked":["Rebound","Stack+1","Compile Driver"],"picked":"Sweeping Beam+1","floor":23.0},{"not_picked":["Biased Cognition","Reboot","Gash+1"],"picked":"Electrodynamics","floor":28.0},{"not_picked":["Ball Lightning","Stack","Rebound"],"picked":"Turbo+1","floor":29.0},{"not_picked":["Streamline","Redo","Ball Lightning","Leap"],"picked":"SKIP","floor":30.0},{"not_picked":["Gash+1","Rip and Tear","Defragment"],"picked":"Seek","floor":31},{"not_picked":["Multi-Cast","Core Surge","Seek"],"picked":"Creative AI","floor":33},{"not_picked":["Ball Lightning+1"],"picked":"Storm","floor":35},{"not_picked":["Go for the Eyes","Sweeping Beam+1"],"picked":"SKIP","floor":36},{"not_picked":["Rebound","Leap+1"],"picked":"SKIP","floor":38},{"not_picked":["Sweeping Beam","Go for the Eyes"],"picked":"SKIP","floor":41},{"not_picked":["Rebound+1"],"picked":"Self Repair","floor":44},{"not_picked":["Coolheaded+1","Redo"],"picked":"SKIP","floor":46},{"not_picked":["Coolheaded","Scrape"],"picked":"SKIP","floor":54}],"player_experience":343148,"relics_obtained":[{"floor":9.0,"key":"Happy Flower"},{"floor":10.0,"key":"Tiny Chest"},{"floor":14.0,"key":"Question Card"},{"floor":23.0,"key":"Blue Candle"},{"floor":25.0,"key":"Dead Branch"},{"floor":28.0,"key":"Toy Ornithopter"},{"floor":31,"key":"Torii"},{"floor":43,"key":"Incense Burner"},{"floor":44,"key":"Bottled Lightning"},{"floor":46,"key":"Darkstone Periapt"},{"floor":48,"key":"Letter Opener"},{"floor":54,"key":"Oddly Smooth Stone"}],"event_choices":[{"damage_healed":0.0,"max_hp_gain":0.0,"max_hp_loss":0.0,"gold_gain":0.0,"cards_transformed":["Strike_B","Strike_B"],"event_name":"Drug Dealer","player_choice":"Became Test Subject","floor":20.0,"gold_loss":0.0,"damage_taken":0.0,"cards_obtained":["Gash","Go for the Eyes"]},{"damage_healed":0.0,"max_hp_gain":0.0,"max_hp_loss":38.0,"gold_gain":0.0,"event_name":"Ghosts","player_choice":"Became a Ghost","floor":21.0,"gold_loss":0.0,"damage_taken":0.0,"cards_obtained":["Ghostly","Ghostly","Ghostly","Ghostly","Ghostly"]},{"damage_healed":0,"gold_gain":0,"cards_transformed":["Strike_B"],"player_choice":"Transformed","damage_taken":0,"max_hp_gain":0,"max_hp_loss":0,"event_name":"Transmorgrifier","floor":37,"gold_loss":0,"cards_obtained":["Auto Shields"]},{"damage_healed":0,"gold_gain":0,"player_choice":"0 cards matched","damage_taken":0,"max_hp_gain":0,"max_hp_loss":0,"event_name":"Match and Keep!","floor":45,"gold_loss":0,"cards_obtained":[]}],"is_beta":false,"boss_relics":[{"not_picked":["Fusion Hammer","Empty Cage"],"picked":"Nuclear Battery"},{"not_picked":["SlaversCollar","Black Star"],"picked":"Busted Crown"}],"items_purged_floors":[19],"is_endless":false,"potions_floor_spawned":[3,10,11,14,16,22,28,29,35,38,41,54],"ascension_level":11}}