{"host":"9j0rsbn48qfskt9p","time":1613169334,"event":{"mods":["AchievementEnabler","BaseMod","Colored Map","DeckTracker","Highlight Path","Minty Spire (QoL Compilation)","StSLib","SuperFastMode"],"gold_per_floor":[13,13,28,28,28,62,62,95,147,171,171,204,204,204,204,334,334,359,373,392,392,392],"floor_reached":21,"language":"ENG","playtime":1758,"items_purged":[],"score":207,"play_id":"bf263b92-f223-49e8-97f4-624ee582d952","local_time":"20210212233534","is_ascension_mode":true,"campfire_choices":[{"floor":7,"key":"REST"},{"data":"Storm","floor":11,"key":"SMITH"},{"floor":13,"key":"REST"},{"data":"Machine Learning","floor":15,"key":"SMITH"}],"circlet_count":0,"master_deck":["Strike_B","Strike_B","Strike_B","Strike_B","Defend_B","Defend_B","Zap","Dualcast","Machine Learning+1","Storm+1","Injury","Leap","Leap","BootSequence","Hologram","Heatsinks","Lockon","Echo Form","Redo","Darkness+1"],"relics":["Cracked Core","Golden Idol","Smiling Mask","Gambling Chip","Anchor","Matryoshka","Inserter"],"acts_visited":["Exordium","TheCity"],"potions_floor_usage":[6,8,12,19,19],"damage_taken":[{"damage":10,"enemies":"2 Louse","floor":1,"turns":2},{"damage":8,"enemies":"Jaw Worm","floor":3,"turns":3},{"damage":24,"enemies":"Gremlin Nob","floor":6,"turns":4},{"damage":17,"enemies":"3 Sentries","floor":8,"turns":11},{"damage":0,"enemies":"Small Slimes","floor":10,"turns":4},{"damage":7,"enemies":"Lagavulin","floor":12,"turns":7},{"damage":44,"enemies":"Slime Boss","floor":16,"turns":12},{"damage":10,"enemies":"Spheric Guardian","floor":18,"turns":4},{"damage":32,"enemies":"3 Byrds","floor":19,"turns":5},{"damage":26,"enemies":"Sentry and Sphere","floor":20,"turns":11},{"damage":22,"enemies":"Snecko","floor":21,"turns":3}],"seed_played":"-4186762446984303650","potions_obtained":[{"floor":1,"key":"SkillPotion"},{"floor":3,"key":"LiquidMemories"},{"floor":6,"key":"SpeedPotion"},{"floor":10,"key":"Dexterity Potion"},{"floor":18,"key":"DuplicationPotion"},{"floor":19,"key":"FearPotion"}],"is_trial":false,"path_per_floor":["M","?","M","?","$","E","R","E","T","M","R","E","R","?","R","B",null,"M","M","M","M"],"character_chosen":"DEFECT","items_purchased":[],"campfire_rested":2,"item_purchase_floors":[],"current_hp_per_floor":[65,65,57,50,50,26,48,31,31,31,31,24,46,46,46,2,75,65,33,7,0,0],"gold":392,"neow_bonus":"THREE_RARE_CARDS","is_daily":false,"chose_seed":false,"campfire_upgraded":2,"win_rate":0.0,"timestamp":1613169334,"path_taken":["M","?","M","?","?","E","R","E","T","M","R","E","R","?","R","BOSS","M","M","?","M"],"items_purchased_type":[],"build_version":"2020-12-22","purchased_purges":0,"victory":false,"max_hp_per_floor":[75,75,75,75,75,75,75,75,75,75,75,75,75,75,75,75,75,75,75,75,75,75],"card_choices":[{"not_picked":["Seek","Rainbow"],"picked":"Machine Learning","floor":0},{"not_picked":["Coolheaded","Gash"],"picked":"Storm","floor":1},{"not_picked":["White Noise","Turbo"],"picked":"Leap","floor":3},{"not_picked":["Darkness","Steam"],"picked":"Leap","floor":6},{"not_picked":["Streamline","Double Energy"],"picked":"BootSequence","floor":8},{"not_picked":["Steam Power","Cold Snap"],"picked":"Hologram","floor":10},{"not_picked":["BootSequence","Meteor Strike"],"picked":"Heatsinks","floor":12},{"not_picked":["Hyperbeam","Seek"],"picked":"Echo Form","floor":16},{"not_picked":["Coolheaded+1","Compile Driver"],"picked":"Redo","floor":18},{"not_picked":["Rebound+1","Gash+1","Scrape+1"],"picked":"SKIP","floor":19},{"not_picked":["Redo","Melter+1"],"picked":"Darkness+1","floor":20}],"player_experience":204050,"relics_obtained":[{"floor":6,"key":"Smiling Mask"},{"floor":8,"key":"Gambling Chip"},{"floor":9,"key":"Anchor"},{"floor":12,"key":"Matryoshka"}],"event_choices":[{"damage_healed":0,"gold_gain":0,"player_choice":"Take Wound","damage_taken":0,"relics_obtained":["Golden Idol"],"max_hp_gain":0,"max_hp_loss":0,"event_name":"Golden Idol","floor":2,"gold_loss":0,"cards_obtained":["Injury"]},{"cards_removed":["Defend_B"],"damage_healed":0,"gold_gain":0,"player_choice":"Card Removal","damage_taken":7,"max_hp_gain":0,"max_hp_loss":0,"event_name":"Golden Wing","floor":4,"gold_loss":0},{"damage_healed":0,"gold_gain":0,"cards_transformed":["Defend_B"],"player_choice":"Transformed","damage_taken":0,"max_hp_gain":0,"max_hp_loss":0,"event_name":"Transmorgrifier","floor":14,"gold_loss":0,"cards_obtained":["Lockon"]}],"is_beta":false,"boss_relics":[{"not_picked":["Philosopher\u0027s Stone","SacredBark"],"picked":"Inserter"}],"items_purged_floors":[],"is_endless":false,"potions_floor_spawned":[1,3,6,10,18,19],"killed_by":"Snecko","ascension_level":1}}