{"host":"phy652c7lim9lcu2","time":1613122840,"event":{"mods":["BaseMod","Colored Powertips","Downfall","Googly Eyes","Minty Spire (QoL Compilation)","Relic Stats","Spicy Shops","StSLib","everything is the same but u backflip on backflip"],"gold_per_floor":[10,23,198,218,80,105,105,55,79,79,79,79,109,126,126,223,223,235,235,249,249,249],"floor_reached":21,"language":"ENG","playtime":697,"items_purged":["Doubt","Strike_P"],"score":329,"play_id":"942cd033-9fbf-4c71-8928-6fd98354653a","local_time":"20210212194040","is_ascension_mode":true,"campfire_choices":[{"data":"Eruption","floor":7,"key":"SMITH"},{"data":"PathToVictory","floor":10,"key":"SMITH"},{"data":"PathToVictory","floor":12,"key":"SMITH"},{"floor":15,"key":"RECALL"}],"circlet_count":0,"master_deck":["AscendersBane","Strike_P+1","Strike_P","Defend_P+1","Defend_P","Defend_P","Defend_P+1","Eruption+1","Vigilance+1","LessonLearned+1","PathToVictory+1","Wallop+1","TalkToTheHand","PathToVictory+1","Protect","ThirdEye+1","Establishment","FearNoEvil+1"],"relics":["PureWater","Smiling Mask","Whetstone","HornCleat","Black Star"],"acts_visited":["Exordium","TheCity"],"potions_floor_usage":[16,18],"damage_taken":[{"damage":0,"enemies":"Small Slimes","floor":1,"turns":2},{"damage":12,"enemies":"Jaw Worm","floor":2,"turns":4},{"damage":10,"enemies":"Cultist","floor":4,"turns":5},{"damage":20,"enemies":"Lagavulin","floor":6,"turns":5},{"damage":0,"enemies":"Gremlin Nob","floor":13,"turns":3},{"damage":0,"enemies":"Blue Slaver","floor":14,"turns":2},{"damage":13,"enemies":"The Guardian","floor":16,"turns":9},{"damage":0,"enemies":"Chosen","floor":18,"turns":4},{"damage":12,"enemies":"2 Thieves","floor":20,"turns":4},{"damage":35,"enemies":"3 Cultists","floor":21,"turns":4}],"seed_played":"4645581406044367349","potions_obtained":[{"floor":4,"key":"Fire Potion"},{"floor":6,"key":"SkillPotion"},{"floor":18,"key":"SteroidPotion"},{"floor":20,"key":"SkillPotion"}],"is_trial":false,"path_per_floor":["M","M","?","M","$","E","R","$","T","R","?","R","E","M","R","B",null,"M","?","M","M"],"character_chosen":"WATCHER","items_purchased":["PathToVictory"],"campfire_rested":0,"item_purchase_floors":[5],"current_hp_per_floor":[65,53,53,43,43,23,23,23,23,23,23,23,23,23,23,10,57,57,44,32,0,0],"gold":249,"neow_bonus":"THREE_RARE_CARDS","is_daily":false,"chose_seed":false,"campfire_upgraded":3,"win_rate":0.0,"timestamp":1613122840,"path_taken":["M","M","?","M","$","E","R","$","T","R","?","R","E","M","R","BOSS","M","?","M","M"],"items_purchased_type":["Card"],"build_version":"2020-12-22","purchased_purges":2,"victory":false,"max_hp_per_floor":[72,72,72,72,72,72,72,72,72,72,72,72,72,72,72,72,72,72,77,77,77,77],"relic_stats":{"counters":[10,42],"Black Star":0,"Whetstone":["LessonLearned","Wallop"],"Smiling Mask":50,"obtain_stats":[{"HornCleat":13,"Black Star":17,"Whetstone":9,"PureWater":0,"Smiling Mask":6},{"HornCleat":5,"Black Star":7,"Whetstone":4,"PureWater":0,"Smiling Mask":4},{"HornCleat":19,"Black Star":30,"Whetstone":16,"PureWater":0,"Smiling Mask":16}]},"card_choices":[{"not_picked":["Vault","MasterReality"],"picked":"LessonLearned","floor":0},{"not_picked":["JustLucky","DeceiveReality"],"picked":"PathToVictory","floor":1},{"not_picked":["WheelKick","CarveReality"],"picked":"Wallop","floor":2},{"not_picked":["WaveOfTheHand","Study"],"picked":"TalkToTheHand","floor":4},{"not_picked":["BattleHymn","ForeignInfluence"],"picked":"Protect","floor":6},{"not_picked":["Halt","FollowUp"],"picked":"ThirdEye","floor":13},{"not_picked":["FlurryOfBlows","FollowUp","WaveOfTheHand"],"picked":"SKIP","floor":14},{"not_picked":["DevaForm","Devotion"],"picked":"Establishment","floor":16},{"not_picked":["Worship","CrushJoints","FlyingSleeves"],"picked":"SKIP","floor":18},{"not_picked":["SashWhip","Crescendo"],"picked":"FearNoEvil+1","floor":20}],"player_experience":321664,"relics_obtained":[{"floor":6,"key":"Smiling Mask"},{"floor":9,"key":"Whetstone"},{"floor":13,"key":"HornCleat"}],"event_choices":[{"damage_healed":0,"gold_gain":175,"player_choice":"AGREE","damage_taken":0,"max_hp_gain":0,"max_hp_loss":0,"event_name":"Liars Game","floor":3,"gold_loss":0,"cards_obtained":["Doubt"]},{"cards_removed":["Strike_P"],"damage_healed":0,"gold_gain":0,"player_choice":"Purged","damage_taken":0,"max_hp_gain":0,"max_hp_loss":0,"event_name":"Purifier","floor":11,"gold_loss":0},{"damage_healed":0,"gold_gain":0,"player_choice":"Shed Blood","damage_taken":18,"max_hp_gain":5,"max_hp_loss":0,"event_name":"Forgotten Altar","floor":19,"gold_loss":0}],"is_beta":false,"boss_relics":[{"not_picked":["VioletLotus","Snecko Eye"],"picked":"Black Star"}],"items_purged_floors":[5,8],"is_endless":false,"potions_floor_spawned":[4,6,14,18,20],"killed_by":"3 Cultists","ascension_level":11}}