{"host":"smn2tb46ysgs1sad","time":1613098912,"event":{"mods":["AchievementEnabler","Aspiration","BaseMod","Colored Powertips","Downfall","Hermit","Minty Spire (QoL Compilation)","Replay The Spire","StSLib","The Cursed","The Disciple","The Hierophant"],"gold_per_floor":[99,109,109,19,119,144,169,183,83,109,109,126,126,145,159,261,261,261,261,261,274,374,374,374,385,404,472,541,557,577,603,617,617,617,617],"floor_reached":33,"language":"ENG","playtime":2026,"items_purged":["Guardian:Defend_Guardian"],"score":362,"play_id":"428ce50c-7500-4564-aa16-d03f68094542","local_time":"20210211190152","is_ascension_mode":true,"campfire_choices":[{"floor":1.0,"key":"RECALL"},{"floor":9.0,"key":"REST"},{"floor":13.0,"key":"REST"},{"data":"Guardian:BaubleBeam","floor":23,"key":"SMITH"}],"circlet_count":0,"master_deck":["Guardian:Strike_Guardian+1","Guardian:Strike_Guardian","Guardian:Strike_Guardian","Guardian:Strike_Guardian+1","Guardian:Defend_Guardian","Guardian:Defend_Guardian","Guardian:Defend_Guardian","Guardian:CurlUp","Guardian:TwinSlam","Guardian:Planning","Guardian:Recover","Guardian:PiercingHide","Guardian:RefractedBeam","Guardian:ShieldCharger","Guardian:Suspension","Guardian:PrimingBeam","Guardian:BaubleBeam+1","CurseOfTheBell","RitualDagger+1","Guardian:Clone+1","Guardian:SphericShield","Guardian:Reroute","Guardian:Gem_Green","Guardian:Gem_Green","Guardian:Gem_White","Guardian:StasisStrike","Guardian:EvasiveProtocol"],"relics":["Guardian:ModeShifter","Whetstone","downfall:HeartBlessingRed","Anchor","Calling Bell","Vajra","FossilizedHelix","Replay:Bottled Snecko","downfall:HeartBlessingBlue","downfall:GremlinWheel","downfall:CloakOfManyFaces","CultistMask","FaceOfCleric","NlothsMask","GremlinMask","SsserpentHead","TungstenRod"],"acts_visited":["Exordium","TheCity"],"potions_floor_usage":[18,31,33,33],"damage_taken":[{"damage":5.0,"enemies":"Small Slimes","floor":2.0,"turns":4.0},{"damage":0.0,"enemies":"downfall:FleeingMerchant","floor":4.0,"turns":4.0},{"damage":27.0,"enemies":"Gremlin Nob","floor":6.0,"turns":5.0},{"damage":0.0,"enemies":"Cultist","floor":8.0,"turns":3.0},{"damage":27.0,"enemies":"Lagavulin","floor":10.0,"turns":6.0},{"damage":0.0,"enemies":"2 Louse","floor":12.0,"turns":3.0},{"damage":0.0,"enemies":"Blue Slaver","floor":14.0,"turns":3.0},{"damage":2.0,"enemies":"Lots of Slimes","floor":15.0,"turns":4.0},{"damage":28.0,"enemies":"WA_ARCHETYPE_RETAIN","floor":16.0,"turns":10.0},{"damage":0,"floor":18,"turns":4},{"damage":0,"enemies":"Chosen","floor":19,"turns":1},{"damage":0,"enemies":"3 Byrds","floor":21,"turns":5},{"damage":14,"enemies":"downfall:FaceTrader","floor":22,"turns":11},{"damage":7,"enemies":"Snake Plant","floor":25,"turns":5},{"damage":8,"enemies":"Cultist and Chosen","floor":26,"turns":8},{"damage":10,"enemies":"Shelled Parasite and Fungi","floor":27,"turns":4},{"damage":0,"enemies":"Snecko","floor":28,"turns":3},{"damage":16,"enemies":"Snake Plant","floor":29,"turns":4},{"damage":16,"enemies":"Sentry and Sphere","floor":30,"turns":6},{"damage":0,"enemies":"Book of Stabbing","floor":31,"turns":5},{"damage":18,"enemies":"Centurion and Healer","floor":32,"turns":5},{"damage":14,"enemies":"SI_MIRROR_ARCHETYPE","floor":33,"turns":8}],"seed_played":"9084763172960334137","potions_obtained":[{"floor":6.0,"key":"Languid Potion"},{"floor":12.0,"key":"Regen Potion"},{"floor":15.0,"key":"CultistPotion"},{"floor":16.0,"key":"LiquidBronze"},{"floor":18,"key":"DuplicationPotion"},{"floor":20,"key":"CultistPotion"},{"floor":28,"key":"BlessingOfTheForge"},{"floor":32,"key":"SkillPotion"}],"is_trial":false,"path_per_floor":["R","M","?","$","?","E","T","M","R","E","?","M","R","M","M","B",null,"R","M","?","M","?","R","T","M","M","M","M","M","M","E","M","B"],"character_chosen":"GUARDIAN","items_purchased":[],"campfire_rested":2,"item_purchase_floors":[],"current_hp_per_floor":[80,75,75,75,75,48,48,48,72,45,45,45,69,69,67,54,80,90,90,90,90,76,76,76,70,63,54,55,40,25,26,9,0,0,0],"gold":617,"neow_bonus":"ONE_RANDOM_RARE_CARD","is_daily":false,"chose_seed":false,"campfire_upgraded":1,"win_rate":0.0,"timestamp":1613098912,"path_taken":["R","M","?","?","?","E","T","M","R","E","?","M","R","?","M","BOSS","R","M","?","M","?","R","T","M","M","?","?","M","M","E","M","BOSS"],"items_purchased_type":[],"build_version":"2020-12-22","purchased_purges":1,"victory":false,"max_hp_per_floor":[80,80,80,80,80,80,80,80,80,80,80,80,80,80,80,80,80,90,90,90,90,90,90,90,91,92,93,94,95,96,97,98,98,98,98],"card_choices":[{"not_picked":["Guardian:EvasiveProtocol","Guardian:Incinerate"],"picked":"Guardian:Planning","floor":2.0},{"not_picked":["Guardian:Recover","Guardian:Gem_Lightblue"],"picked":"Guardian:PiercingHide","floor":4.0},{"not_picked":["Guardian:Gem_Lightblue","Guardian:PrimingBeam"],"picked":"Guardian:Gem_Purple","floor":6.0},{"not_picked":["Guardian:ChargeCore","Guardian:WalkerClaw"],"picked":"Guardian:RefractedBeam","floor":8.0},{"not_picked":["Guardian:Gem_Crimson","Guardian:ChargeCore"],"picked":"Guardian:ShieldCharger","floor":10.0},{"not_picked":["Guardian:Harden","Guardian:RollAttack"],"picked":"Guardian:Suspension","floor":12.0},{"not_picked":["Guardian:Recover","Guardian:Gem_Lightblue"],"picked":"Guardian:PrimingBeam","floor":14.0},{"not_picked":["Guardian:TemporalShield","Guardian:Gem_White"],"picked":"Guardian:BaubleBeam","floor":15.0},{"not_picked":["Guardian:StasisField","Guardian:ExploitGems"],"picked":"Guardian:Gem_Orange","floor":16.0},{"not_picked":["Guardian:DonusPower","Guardian:Incinerate"],"picked":"Guardian:Gem_Red","floor":19},{"not_picked":["Guardian:TimeCapacitor","Guardian:Gem_Cyan"],"picked":"Guardian:Gem_Green","floor":21},{"not_picked":["Guardian:PrismaticBeam","Guardian:PolyBeam"],"picked":"Guardian:Clone+1","floor":22},{"not_picked":["Guardian:Gem_Cyan","Guardian:Incinerate"],"picked":"Guardian:SphericShield","floor":25},{"not_picked":["Guardian:Recover+1","Guardian:Preprogram"],"picked":"Guardian:Reroute","floor":26},{"not_picked":["Guardian:WalkerClaw","Guardian:Gem_Lightblue"],"picked":"Guardian:Gem_Green","floor":27},{"not_picked":["Guardian:PiercingHide+1","Guardian:Gem_Lightblue"],"picked":"Guardian:Gem_Green","floor":28},{"not_picked":["Guardian:Harden","Guardian:Reroute"],"picked":"Guardian:Gem_White","floor":29},{"not_picked":["Guardian:CrystalBeam","Guardian:Preprogram+1"],"picked":"Guardian:StasisStrike","floor":30},{"not_picked":["Guardian:Gem_White","Guardian:CrystalBeam+1","Guardian:Repulse"],"picked":"SKIP","floor":31},{"not_picked":["Guardian:TemporalShield","Guardian:Preprogram"],"picked":"Guardian:EvasiveProtocol","floor":32}],"player_experience":186614,"relics_obtained":[{"floor":6.0,"key":"Whetstone"},{"floor":10.0,"key":"Anchor"},{"floor":17,"key":"Vajra"},{"floor":17,"key":"FossilizedHelix"},{"floor":17,"key":"Replay:Bottled Snecko"},{"floor":18,"key":"downfall:GremlinWheel"},{"floor":22,"key":"downfall:CloakOfManyFaces"},{"floor":31,"key":"TungstenRod"}],"event_choices":[],"is_beta":false,"boss_relics":[{"not_picked":["Fusion Hammer","Velvet Choker"],"picked":"Calling Bell"}],"items_purged_floors":[4],"is_endless":false,"potions_floor_spawned":[6,12,15,16,18,22,26,27,28,32],"killed_by":"SI_MIRROR_ARCHETYPE","ascension_level":2}}