{"host":"cykg0g4pphyxjwkn","time":1613096380,"event":{"mods":["AchievementEnabler","BaseMod","Bestiary","Colored Map","Colored Powertips","Highlight Path","Minty Spire (QoL Compilation)","Relic Stats","SuperFastMode"],"gold_per_floor":[114,126,140,215,165,165,199,211,305,327,356,368,368],"floor_reached":12,"language":"ENG","playtime":407,"items_purged":[],"score":80,"play_id":"f2445bd9-2356-4d6c-beb9-04f19abc21c0","local_time":"20210211211940","is_ascension_mode":false,"campfire_choices":[{"data":"Pommel Strike","floor":6,"key":"SMITH"},{"data":"Cleave","floor":8,"key":"SMITH"}],"circlet_count":0,"master_deck":["Strike_R","Strike_R","Strike_R","Defend_R","Defend_R","Defend_R","Defend_R","Bash","True Grit","Pommel Strike+1","Metallicize","Cleave+1","Dual Wield","Headbutt"],"relics":["Burning Blood","MawBank","Letter Opener"],"acts_visited":["Exordium"],"potions_floor_usage":[],"damage_taken":[{"damage":0,"enemies":"Small Slimes","floor":1,"turns":3},{"damage":18,"enemies":"Jaw Worm","floor":2,"turns":5},{"damage":5,"enemies":"2 Louse","floor":3,"turns":3},{"damage":29,"enemies":"3 Sentries","floor":7,"turns":13},{"damage":8,"enemies":"2 Fungi Beasts","floor":10,"turns":3},{"damage":22,"enemies":"Exordium Thugs","floor":11,"turns":6},{"damage":0,"enemies":"Lagavulin","floor":12,"turns":1}],"seed_played":"-8734463233360967755","potions_obtained":[{"floor":7,"key":"FairyPotion"},{"floor":11,"key":"Weak Potion"}],"is_trial":false,"path_per_floor":["M","M","M","?","?","R","E","R","T","M","M","E"],"character_chosen":"IRONCLAD","items_purchased":[],"campfire_rested":0,"item_purchase_floors":[],"current_hp_per_floor":[80,68,69,58,58,58,35,35,35,33,17,17,17],"gold":368,"neow_bonus":"TRANSFORM_CARD","is_daily":false,"chose_seed":false,"campfire_upgraded":2,"win_rate":0.0,"timestamp":1613096380,"path_taken":["M","M","M","?","?","R","E","R","T","M","M","E"],"items_purchased_type":[],"build_version":"2020-12-22","purchased_purges":0,"victory":false,"max_hp_per_floor":[80,80,80,80,80,80,80,80,80,80,80,80,80],"relic_stats":{"counters":[7,34],"Letter Opener":[0],"MawBank":60,"obtain_stats":[{"Letter Opener":9,"MawBank":7,"Burning Blood":0},{"Letter Opener":4,"MawBank":4,"Burning Blood":0},{"Letter Opener":24,"MawBank":24,"Burning Blood":0}],"Burning Blood":30},"card_choices":[{"not_picked":["Sword Boomerang","Body Slam"],"picked":"Pommel Strike","floor":1},{"not_picked":["Warcry","Body Slam","Bloodletting"],"picked":"SKIP","floor":2},{"not_picked":["Disarm","Anger"],"picked":"Metallicize","floor":3},{"not_picked":["Searing Blow","Twin Strike"],"picked":"Cleave","floor":7},{"not_picked":["Warcry","Cleave"],"picked":"Dual Wield","floor":10},{"not_picked":["Thunderclap","Perfected Strike"],"picked":"Headbutt","floor":11}],"player_experience":40933,"relics_obtained":[{"floor":7,"key":"MawBank"},{"floor":9,"key":"Letter Opener"}],"event_choices":[{"damage_healed":0,"gold_gain":75,"player_choice":"Gather Gold","damage_taken":11,"max_hp_gain":0,"max_hp_loss":0,"event_name":"World of Goop","floor":4,"gold_loss":0},{"cards_removed":["Strike_R"],"damage_healed":0,"gold_gain":0,"player_choice":"Card Removal","damage_taken":0,"max_hp_gain":0,"max_hp_loss":0,"event_name":"The Cleric","floor":5,"gold_loss":50}],"is_beta":false,"boss_relics":[],"items_purged_floors":[],"is_endless":false,"potions_floor_spawned":[7,11],"killed_by":"Lagavulin","ascension_level":0}}