{"host":"cepa1iaiubs928mn","time":1613119934,"event":{"mods":["Bard","BaseMod","Conspire","Gremlin Mod","Hermit","Hero for Fun","Hubris","KinomotoSakuraMod(Ÿ Ò˝‹‚?)","Luminous","Mimic Mod","Minty Spire (QoL Compilation)","Quick Restart","Replay The Spire","Robot Space Explorer","Shop Mod","StSLib","The Alterego","The Bug Knight","The Construct","The Cursed","The Disciple","The Hierophant","The Marked","The Necromancer","The Poker Player","The Senshi","The Servant 0.9.4","The Spell Scribe","The Witch","Yuri Mod"],"gold_per_floor":[14,14,29,39,52,83,83,83,83,83,93,43,59,77,77,187,199,224,236,173,192,292,292,311,336,336,347,358,358,387,407,407,508,508,522,539,589,228,245,273,273,288,338,338,350,350,383,393,393,393],"floor_reached":51,"language":"KOR","playtime":945,"items_purged":["Yawn","Defend_Y"],"score":1203,"play_id":"71add9f1-263a-45f7-afa5-6272a8583b10","local_time":"20210212175214","is_ascension_mode":false,"campfire_choices":[{"data":"Consecutive_Normal_Punch","floor":7,"key":"SMITH"},{"data":"Defend_Y","floor":10,"key":"SMITH"},{"floor":15,"key":"DIG"},{"data":"Serious_Punch","floor":23,"key":"SMITH"},{"data":"Get_Hopes_Up","floor":32,"key":"SMITH"},{"data":"Serious_Side_Hops","floor":41,"key":"SMITH"},{"data":"Normal_Punch","floor":49,"key":"SMITH"}],"circlet_count":0,"master_deck":["Strike_Y","Strike_Y","Strike_Y","Strike_Y","Defend_Y","Defend_Y+1","Normal_Punch+1","Consecutive_Normal_Punch+1","Serious_Side_Hops+1","Serious_Punch+1","Get_Hopes_Up+1","Do_Nothing+1"],"relics":["Cape","NeowsBlessing","hubris:MysteriousPyramids","Pocketwatch","MawBank","hubris:Backtick","Brimstone","Regal Pillow","Replay:Baseball","MutagenicStrength","Oddly Smooth Stone","Replay:Drink Me","Bird Faced Urn","hubris:CrystalStatue","Replay:Accelerometer","Toy Ornithopter","hubris:Towel","conspire:DecoderRing"],"acts_visited":["Exordium","TheCity","TheBeyond"],"potions_floor_usage":[5],"damage_taken":[{"damage":0,"enemies":"Jaw Worm","floor":1,"turns":1},{"damage":0,"enemies":"Cultist","floor":3,"turns":1},{"damage":0,"enemies":"Small Slimes","floor":4,"turns":1},{"damage":0,"enemies":"Looter","floor":5,"turns":1},{"damage":0,"enemies":"Lagavulin","floor":6,"turns":1},{"damage":0,"enemies":"Exordium Thugs","floor":11,"turns":1},{"damage":0,"enemies":"Large Slime","floor":13,"turns":1},{"damage":0,"enemies":"3 Louse","floor":14,"turns":2},{"damage":0,"enemies":"Slime Boss","floor":16,"turns":1},{"damage":0,"enemies":"Chosen","floor":18,"turns":1},{"damage":0,"enemies":"2 Thieves","floor":21,"turns":1},{"damage":0,"enemies":"3 Cultists","floor":24,"turns":2},{"damage":0,"enemies":"Replay:Snechameleon","floor":25,"turns":1},{"damage":0,"enemies":"Sentry and Sphere","floor":27,"turns":1},{"damage":0,"enemies":"Cultist and Chosen","floor":28,"turns":1},{"damage":0,"enemies":"Gremlin Leader","floor":30,"turns":1},{"damage":0,"enemies":"Centurion and Healer","floor":31,"turns":1},{"damage":0,"enemies":"conspire:MysteriousRune","floor":33,"turns":1},{"damage":0,"enemies":"3 Darklings","floor":35,"turns":1},{"damage":0,"enemies":"Orb Walker","floor":36,"turns":1},{"damage":0,"enemies":"Mind Bloom Boss Battle","floor":37,"turns":1},{"damage":0,"enemies":"Maw","floor":39,"turns":1},{"damage":0,"enemies":"R_Hoarder","floor":40,"turns":1},{"damage":0,"enemies":"Writhing Mass","floor":42,"turns":1},{"damage":0,"enemies":"Spire Growth","floor":45,"turns":1},{"damage":0,"enemies":"HollowMod:StalkingDevout","floor":47,"turns":1},{"damage":0,"enemies":"3 Darklings","floor":48,"turns":1},{"damage":0,"enemies":"Awakened One","floor":50,"turns":2}],"seed_played":"-2829211334846081520","potions_obtained":[{"floor":4,"key":"PowerPotion"},{"floor":5,"key":"Fruit Juice"},{"floor":6,"key":"construct:ShiftPotion"},{"floor":13,"key":"Fire Potion"},{"floor":16,"key":"FairyPotion"},{"floor":24,"key":"EntropicBrew"}],"is_trial":false,"path_per_floor":["M","?","M","M","M","E","R","?","T","R","M","?","M","M","R","B",null,"M","?","$","M","?","R","M","E","T","M","M","?","E","M","R","B",null,"M","M","?","$","M","E","R","M","T","?","M","?","E","M","R","B",null],"character_chosen":"OPM","items_purchased":["hubris:CrystalStatue"],"campfire_rested":0,"item_purchase_floors":[38],"current_hp_per_floor":[999,999,999,999,1004,1004,1004,1004,1004,1004,1004,1004,1004,1004,1004,1004,1004,1004,1007,1007,1007,1007,1007,1007,1007,1007,1007,1007,1007,1007,1007,1007,1007,756,756,756,756,756,756,756,756,756,756,756,756,756,756,756,756,756],"gold":393,"neow_bonus":"THREE_ENEMY_KILL","is_daily":false,"chose_seed":false,"campfire_upgraded":6,"win_rate":0.0,"timestamp":1613119934,"path_taken":["M","?","M","?","M","E","R","?","T","R","M","?","M","M","R","BOSS","M","?","$","M","?","R","M","E","T","M","?","?","E","M","R","BOSS","M","M","?","$","M","E","R","M","T","?","M","?","E","M","R","BOSS"],"items_purchased_type":["Relic"],"build_version":"2020-12-22","purchased_purges":2,"victory":true,"max_hp_per_floor":[999,999,999,999,1004,1004,1004,1004,1004,1004,1004,1004,1004,1004,1004,1004,1004,1004,1007,1007,1007,1007,1007,1007,1007,1007,1007,1007,1007,1007,1007,1007,1007,756,756,756,756,756,756,756,756,756,756,756,756,756,756,756,756,756],"card_choices":[{"not_picked":["Hop","Toss_Stone"],"picked":"Normal_Punch","floor":1},{"not_picked":["Side_Hop","Normal_Punch"],"picked":"Consecutive_Normal_Punch","floor":3},{"not_picked":["Slap","Ignore"],"picked":"Wear_Disguise","floor":4},{"not_picked":["Side_Hop","Terrifying_Presence","Normal_Punch"],"picked":"SKIP","floor":5},{"not_picked":["Slap","Ignore"],"picked":"Serious_Side_Hops","floor":6},{"not_picked":["Consecutive_Normal_Punch","Hop"],"picked":"Yawn","floor":11},{"not_picked":["Slap","Consecutive_Normal_Punch","Side_Hop"],"picked":"SKIP","floor":13},{"not_picked":["Consecutive_Normal_Punch","Slap"],"picked":"Ignore","floor":14},{"not_picked":["Get_Hopes_Up","Hip_Strike"],"picked":"Serious_Punch","floor":16},{"not_picked":["Normal_Punch","Side_Hop","Hop"],"picked":"SKIP","floor":18},{"not_picked":["Hop","Side_Hop+1","Yawn"],"picked":"SKIP","floor":21},{"not_picked":["Toss_Stone","Consecutive_Normal_Punch","Side_Hop"],"picked":"SKIP","floor":24},{"not_picked":["Yawn","Normal_Punch","Toss_Stone+1"],"picked":"SKIP","floor":25},{"not_picked":["Yawn","Ignore","Side_Hop+1"],"picked":"SKIP","floor":27},{"not_picked":["Side_Hop","Yawn","Toss_Stone+1"],"picked":"SKIP","floor":28},{"not_picked":["Serious_Side_Hops","Slap"],"picked":"Get_Hopes_Up","floor":30},{"not_picked":["Hop+1","Wear_Disguise+1"],"picked":"Do_Nothing+1","floor":31},{"not_picked":["Side_Hop","Yawn+1","Ignore+1"],"picked":"SKIP","floor":35},{"not_picked":["Yawn","Consecutive_Normal_Punch+1","Ignore"],"picked":"SKIP","floor":36},{"not_picked":["Hop+1","Side_Hop","Ignore"],"picked":"SKIP","floor":39},{"not_picked":["Serious_Punch","Hop","Side_Hop"],"picked":"SKIP","floor":40},{"not_picked":["Consecutive_Normal_Punch","Toss_Stone","Wear_Disguise+1"],"picked":"SKIP","floor":42},{"not_picked":["Side_Hop+1","Normal_Punch+1","Hop"],"picked":"SKIP","floor":45},{"not_picked":["Normal_Punch+1","Yawn+1","Do_Nothing"],"picked":"SKIP","floor":47},{"not_picked":["Ignore","Yawn+1","Hop"],"picked":"SKIP","floor":48}],"player_experience":4372,"relics_obtained":[{"floor":6,"key":"hubris:MysteriousPyramids"},{"floor":9,"key":"Pocketwatch"},{"floor":15,"key":"MawBank"},{"floor":25,"key":"Regal Pillow"},{"floor":26,"key":"Replay:Baseball"},{"floor":30,"key":"Oddly Smooth Stone"},{"floor":37,"key":"Bird Faced Urn"},{"floor":40,"key":"Replay:Accelerometer"},{"floor":43,"key":"Toy Ornithopter"},{"floor":47,"key":"conspire:DecoderRing"}],"event_choices":[{"cards_removed":["Strike_Y"],"damage_healed":0,"gold_gain":0,"player_choice":"Offered Basic","damage_taken":0,"max_hp_gain":0,"max_hp_loss":0,"event_name":"Bonfire Elementals","floor":2,"gold_loss":0},{"damage_healed":0,"gold_gain":0,"player_choice":"Ignored","damage_taken":0,"max_hp_gain":0,"max_hp_loss":0,"event_name":"Liars Game","floor":8,"gold_loss":0},{"cards_removed":["Wear_Disguise"],"damage_healed":0,"gold_gain":0,"player_choice":"Card Removal","damage_taken":0,"max_hp_gain":0,"max_hp_loss":0,"event_name":"The Cleric","floor":12,"gold_loss":50},{"damage_healed":0,"gold_gain":100,"player_choice":"Pray","damage_taken":0,"max_hp_gain":0,"max_hp_loss":0,"event_name":"Golden Shrine","floor":22,"gold_loss":0},{"damage_healed":0,"gold_gain":0,"player_choice":"Inject Mutagens","damage_taken":0,"relics_obtained":["MutagenicStrength"],"max_hp_gain":0,"max_hp_loss":0,"event_name":"Drug Dealer","floor":29,"gold_loss":0},{"damage_healed":0,"gold_gain":0,"player_choice":"Fight","damage_taken":0,"max_hp_gain":0,"max_hp_loss":0,"event_name":"MindBloom","floor":37,"gold_loss":0},{"damage_healed":0,"gold_gain":0,"player_choice":"Leave","damage_taken":0,"max_hp_gain":0,"max_hp_loss":0,"event_name":"conspire:Investor","floor":46,"gold_loss":0}],"is_beta":false,"boss_relics":[{"not_picked":["hubris:CrackedHourglass","SlaversCollar"],"picked":"hubris:Backtick"},{"not_picked":["conspire:SpecialSausage","conspire:SlowCooker"],"picked":"Replay:Drink Me"}],"items_purged_floors":[20,38],"is_endless":false,"potions_floor_spawned":[4,5,6,13,16,24,27,31,39,40,42,45],"ascension_level":0}}