{"host":"adt9pv9dmmkchns7","time":1613137546,"event":{"mods":["AchievementEnabler","Aspiration","BaseMod","Beaked The Cultist","Better Third Choice","Curses Come First","Energized Spire","Minty Spire (QoL Compilation)","Permanent Neow","Potionbrewer","Quick Restart","Reliquary","Replay The Spire","Robot Space Explorer","Shade Mod","Spicy Shops","StSLib","The Blackbeard","The Cursed","The Forsaken","The Gatherer","The Necromancer","Wandering Minibosses"],"gold_per_floor":[20,20,40,60,73,101,101,114,141,153,167,197,6,33,33,129,129,140,158,168,168,168,199,199,212,212,243,255,287,40,65,65,168,168,185,198,198,210,210,242,242,253,280,291,322,340,340,367,367,367,367,367,62,87,87,87,87],"floor_reached":55,"language":"ENG","playtime":6157,"items_purged":["Doubt","Writhe","theForsaken:PlagueCurse"],"score":1053,"play_id":"830567a7-73a1-4bfa-8fa1-6f39d92bfde9","local_time":"20210212144546","is_ascension_mode":true,"campfire_choices":[{"floor":7,"key":"RECALL"},{"floor":15,"key":"REST"},{"floor":24,"key":"REST"},{"floor":32,"key":"DIG"},{"data":"blackbeard:CaptainsHat","floor":41,"key":"SMITH"},{"data":"blackbeard:Parrot","floor":47,"key":"SMITH"},{"data":"blackbeard:BrownPants","floor":49,"key":"SMITH"},{"data":"blackbeard:ChaoticDefense","floor":52,"key":"SMITH"}],"circlet_count":0,"master_deck":["blackbeard:BlackbeardStrike","blackbeard:BlackbeardStrike","blackbeard:BlackbeardStrike","blackbeard:BlackbeardStrike","blackbeard:IntimidatingStrike","blackbeard:BlackbeardDefend","blackbeard:BlackbeardDefend","blackbeard:BlackbeardDefend+1","blackbeard:BlackbeardDefend","blackbeard:Cutlass","ReplayTheSpireMod:Brewmster+1","blackbeard:Sword","blackbeard:Eyepatch","blackbeard:WiseDefense+1","blackbeard:Sword","blackbeard:BlindAttacks","wanderingMiniBosses:FinaleOfPromise","blackbeard:CloakAndCannonball","blackbeard:Parrot+1","blackbeard:Revenge","blackbeard:BeatUp","blackbeard:GoldenCannonball","blackbeard:GoldenStrike","blackbeard:CaptainsHat+1","blackbeard:Halberd","blackbeard:InfiniteBarrage+1","blackbeard:GoldenStrike+1","blackbeard:ChaoticDefense+1","blackbeard:BlindAttacks","blackbeard:DoubleBottom+1","blackbeard:GoldenRain","AbeCurse","blackbeard:BrownPants+1","blackbeard:PiratesWill","blackbeard:BeatUp+1","blackbeard:ArmorUp","blackbeard:GoldenDefense+1","blackbeard:RemoveScurvy","blackbeard:BeatUp+1","blackbeard:CaptainsCabin","blackbeard:BrownPants","blackbeard:GoldenDefense+1"],"relics":["blackbeard:LoadTheCannons","Snack Pack","wanderingMiniBosses:Blackblade","reliquary:PorcupineQuills","ClockworkSouvenir","blackbeard:PowderCan","aspiration:FutureDiary","aspiration:RitualStick","aspiration:FrozenJewel","Blood Vial","reliquary:PorcupineQuills","War Paint","aspiration:ChemicalBlood","Lee\u0027s Waffle","potionbrewer:RamsHorn","Smiling Mask","Abe\u0027s Treasure","theForsaken:PlagueMask","Mango","blackbeard:Spearhead","reliquary:WeakTea","reliquary:Sideboard","Strange Spoon","reliquary:TridentHead"],"acts_visited":["Exordium","TheCity","TheBeyond","TheEnding"],"potions_floor_usage":[3,4,4,5,5,5,5,5,5,6,6,6,6,6,6,6,8,8,8,8,8,8,8,11,11,12,14,14,14,14,14,14,16,16,18,18,19,19,23,23,23,25,25,25,27,27,29,31,31,31,31,31,33,33,33,33,33,33,33,36,36,38,40,40,40,42,45,46,46,48,48,50,50,54,54,55,55,55,55,55,55,55],"damage_taken":[{"damage":1,"enemies":"2 Louse","floor":1,"turns":2},{"damage":2,"enemies":"Cultist","floor":3,"turns":5},{"damage":2,"enemies":"Jaw Worm","floor":4,"turns":4},{"damage":7,"enemies":"Blue Slaver","floor":5,"turns":7},{"damage":19,"enemies":"3 Sentries","floor":6,"turns":10},{"damage":9,"enemies":"3 Louse","floor":8,"turns":7},{"damage":0,"enemies":"2 Fungi Beasts","floor":10,"turns":5},{"damage":6,"enemies":"Red Slaver","floor":11,"turns":2},{"damage":16,"enemies":"Gremlin Nob","floor":12,"turns":4},{"damage":0,"enemies":"Lagavulin","floor":14,"turns":4},{"damage":14,"enemies":"Slime Boss","floor":16,"turns":5},{"damage":12,"enemies":"Chosen","floor":18,"turns":3},{"damage":0,"enemies":"Shell Parasite","floor":19,"turns":2},{"damage":18,"enemies":"Snake Plant","floor":20,"turns":3},{"damage":14,"enemies":"Gremlin Leader","floor":23,"turns":5},{"damage":7,"enemies":"Centurion and Healer","floor":25,"turns":4},{"damage":5,"enemies":"Slavers","floor":27,"turns":4},{"damage":0,"enemies":"Snecko","floor":28,"turns":2},{"damage":22,"enemies":"Book of Stabbing","floor":29,"turns":3},{"damage":31,"enemies":"Slavers","floor":31,"turns":5},{"damage":31,"enemies":"Collector","floor":33,"turns":6},{"damage":0,"enemies":"Orb Walker","floor":35,"turns":2},{"damage":1,"enemies":"3 Darklings","floor":36,"turns":2},{"damage":6,"enemies":"Maw","floor":38,"turns":6},{"damage":5,"enemies":"Giant Head","floor":40,"turns":6},{"damage":4,"enemies":"Spire Growth","floor":42,"turns":4},{"damage":0,"enemies":"Jaw Worm Horde","floor":44,"turns":3},{"damage":4,"enemies":"Reptomancer","floor":45,"turns":4},{"damage":5,"enemies":"3 Darklings","floor":46,"turns":5},{"damage":23,"enemies":"Giant Head","floor":48,"turns":7},{"damage":48,"enemies":"Donu and Deca","floor":50,"turns":8},{"damage":31,"enemies":"Shield and Spear","floor":54,"turns":4},{"damage":117,"enemies":"The Heart","floor":55,"turns":6}],"seed_played":"3473311728338461186","potions_obtained":[{"floor":8,"key":"potionbrewer:DiscountPotion"},{"floor":10,"key":"BlessingOfTheForge"},{"floor":16,"key":"Energy Potion"},{"floor":18,"key":"SteroidPotion"},{"floor":19,"key":"Venom Potion"},{"floor":25,"key":"BlessingOfTheForge"},{"floor":29,"key":"Milkshake"},{"floor":31,"key":"potionbrewer:AcidPotion"},{"floor":33,"key":"SpeedPotion"},{"floor":36,"key":"potionbrewer:NoxiousPotion"},{"floor":39,"key":"potionbrewer:CleansingPotion"},{"floor":40,"key":"blackbeard:OrangeJuicePotion"}],"is_trial":false,"path_per_floor":["M","?","M","M","M","E","R","M","T","M","M","E","$","E","R","B",null,"M","M","M","?","?","E","R","M","T","E","M","E","$","E","R","B",null,"M","M","?","M","?","E","R","M","T","M","E","M","R","E","R","B",null,"R","$","E","B"],"character_chosen":"BLACKBEARD_CLASS","items_purchased":["ClockworkSouvenir","blackbeard:GoldenCannonball","Lee\u0027s Waffle","Strange Spoon","blackbeard:BrownPants","blackbeard:GoldenDefense+1"],"campfire_rested":2,"item_purchase_floors":[13,13,30,53,53,53],"current_hp_per_floor":[74,74,72,70,63,44,44,43,43,45,39,23,23,25,47,37,75,63,65,49,34,34,26,48,47,47,54,58,38,82,51,51,36,82,82,81,81,78,78,93,93,94,94,96,94,91,91,91,91,58,96,96,96,69,0,0,0],"gold":87,"neow_bonus":"RANDOM_COLORLESS_2","is_daily":false,"chose_seed":false,"campfire_upgraded":4,"win_rate":0.0,"timestamp":1613137546,"path_taken":["M","?","M","M","?","E","R","M","T","M","M","E","$","E","R","BOSS","M","M","M","?","?","E","R","M","T","E","M","E","$","E","R","BOSS","M","M","?","M","?","E","R","M","T","M","E","?","R","E","R","BOSS","R","$","E","BOSS"],"items_purchased_type":["Relic","Card","Relic","Relic","Card","Card"],"build_version":"2020-12-22","purchased_purges":3,"victory":false,"max_hp_per_floor":[75,75,75,75,75,75,75,75,75,75,75,75,75,75,75,75,75,75,75,75,75,75,75,75,75,75,75,75,75,82,82,82,82,82,82,82,82,82,82,96,96,96,96,96,96,96,96,96,96,96,96,96,96,96,96,96,96],"card_choices":[{"not_picked":["The Bomb","Chrysalis"],"picked":"ReplayTheSpireMod:Brewmster","floor":0},{"not_picked":["blackbeard:ChaoticDefense","blackbeard:DangerousBlow"],"picked":"blackbeard:Sword","floor":1},{"not_picked":["blackbeard:Fencing","blackbeard:SwordDance"],"picked":"blackbeard:Eyepatch","floor":3},{"not_picked":["blackbeard:SwordDance","blackbeard:AgileStrike"],"picked":"blackbeard:WiseDefense","floor":4},{"not_picked":["blackbeard:TacticalRetreat","blackbeard:Recklessness"],"picked":"blackbeard:Sword","floor":5},{"not_picked":["blackbeard:WoodenLeg","blackbeard:Shrapnel"],"picked":"blackbeard:BlindAttacks","floor":6},{"not_picked":[],"picked":"wanderingMiniBosses:FinaleOfPromise","floor":8},{"not_picked":["blackbeard:Fencing","blackbeard:Upgrade"],"picked":"blackbeard:CloakAndCannonball","floor":8},{"not_picked":["blackbeard:CloakAndCannonball","blackbeard:BlindAttacks"],"picked":"blackbeard:Parrot","floor":10},{"not_picked":["blackbeard:GoldenDefense","blackbeard:Sword"],"picked":"blackbeard:Revenge","floor":11},{"not_picked":["blackbeard:Boarding","blackbeard:Spear"],"picked":"blackbeard:BeatUp","floor":12},{"not_picked":["blackbeard:Sword","blackbeard:CloakAndCannonball"],"picked":"blackbeard:GoldenStrike","floor":14},{"not_picked":["blackbeard:Salvager","blackbeard:PowerHungry"],"picked":"blackbeard:CaptainsHat","floor":16},{"not_picked":["blackbeard:CloakAndCannonball","blackbeard:Sharpening+1","blackbeard:Recklessness"],"picked":"SKIP","floor":18},{"not_picked":["blackbeard:Toast","blackbeard:Dagger","blackbeard:CloakAndCannonball"],"picked":"SKIP","floor":19},{"not_picked":["blackbeard:SwordDance","blackbeard:WiseDefense+1"],"picked":"blackbeard:Halberd","floor":20},{"not_picked":["blackbeard:VengefulSpirit","blackbeard:Sharpening+1"],"picked":"blackbeard:InfiniteBarrage+1","floor":23},{"not_picked":["blackbeard:ArmorUp","blackbeard:Eyepatch+1"],"picked":"blackbeard:GoldenStrike+1","floor":25},{"not_picked":["blackbeard:Recklessness","blackbeard:VengefulSpirit","blackbeard:Scrap"],"picked":"SKIP","floor":27},{"not_picked":["blackbeard:SwordDance","blackbeard:DeadlyArsenal"],"picked":"blackbeard:ChaoticDefense","floor":28},{"not_picked":["blackbeard:Spear","blackbeard:WiseDefense"],"picked":"blackbeard:BlindAttacks","floor":29},{"not_picked":["blackbeard:AgileStrike+1","blackbeard:WoodenLeg"],"picked":"blackbeard:DoubleBottom+1","floor":31},{"not_picked":["blackbeard:MegaUpgrade","blackbeard:PirateStrength"],"picked":"blackbeard:GoldenRain","floor":33},{"not_picked":["blackbeard:Spear+1","blackbeard:FishingNets"],"picked":"blackbeard:BrownPants","floor":35},{"not_picked":["blackbeard:GoldenStrike","blackbeard:FishingNets+1"],"picked":"blackbeard:PiratesWill","floor":36},{"not_picked":["blackbeard:BlindAttacks+1","blackbeard:Fencing+1"],"picked":"blackbeard:BeatUp+1","floor":38},{"not_picked":["blackbeard:CloakAndCannonball","blackbeard:Shrapnel+1","blackbeard:BeatUp"],"picked":"SKIP","floor":40},{"not_picked":["blackbeard:BlindAttacks+1","blackbeard:Sword+1"],"picked":"blackbeard:ArmorUp","floor":42},{"not_picked":["blackbeard:DeadlyArsenal","blackbeard:DangerousBlow"],"picked":"blackbeard:GoldenDefense+1","floor":44},{"not_picked":["blackbeard:DangerousBlow+1","blackbeard:Sharpening"],"picked":"blackbeard:RemoveScurvy","floor":45},{"not_picked":["blackbeard:VengefulSpirit","blackbeard:Sharpening+1"],"picked":"blackbeard:BeatUp+1","floor":46},{"not_picked":["blackbeard:Spear","blackbeard:CannonBarrage"],"picked":"blackbeard:CaptainsCabin","floor":48},{"not_picked":["blackbeard:GoldenDefense","blackbeard:PirateEarring+1"],"picked":"blackbeard:ReapersScythe","floor":54}],"player_experience":913783,"relics_obtained":[{"floor":6,"key":"Snack Pack"},{"floor":8,"key":"wanderingMiniBosses:Blackblade"},{"floor":12,"key":"reliquary:PorcupineQuills"},{"floor":14,"key":"blackbeard:PowderCan"},{"floor":23,"key":"Blood Vial"},{"floor":26,"key":"reliquary:SculptingSteel"},{"floor":27,"key":"War Paint"},{"floor":29,"key":"aspiration:ChemicalBlood"},{"floor":31,"key":"potionbrewer:RamsHorn"},{"floor":32,"key":"Smiling Mask"},{"floor":40,"key":"Mango"},{"floor":43,"key":"blackbeard:Spearhead"},{"floor":45,"key":"reliquary:WeakTea"},{"floor":48,"key":"reliquary:Sideboard"},{"floor":54,"key":"reliquary:TridentHead"}],"event_choices":[{"damage_healed":0,"gold_gain":0,"player_choice":"Forge","damage_taken":0,"max_hp_gain":0,"max_hp_loss":0,"event_name":"Accursed Blacksmith","floor":2,"gold_loss":0,"cards_upgraded":["ReplayTheSpireMod:Brewmster"]},{"damage_healed":0,"gold_gain":0,"player_choice":"Opened","damage_taken":0,"relics_obtained":["aspiration:FrozenJewel"],"max_hp_gain":0,"max_hp_loss":0,"event_name":"The Mausoleum","floor":22,"gold_loss":0,"cards_obtained":["Writhe"]},{"damage_healed":0,"gold_gain":0,"player_choice":"Obtain Plague Curse","damage_taken":0,"max_hp_gain":0,"max_hp_loss":0,"event_name":"Plague Doctor","floor":37,"gold_loss":0,"cards_obtained":["theForsaken:PlagueCurse"]},{"damage_healed":0,"gold_gain":0,"player_choice":"Got Potions","damage_taken":0,"max_hp_gain":0,"max_hp_loss":0,"event_name":"Lab","floor":39,"gold_loss":0}],"is_beta":false,"boss_relics":[{"not_picked":["reliquary:Ember","Snecko Eye"],"picked":"aspiration:FutureDiary"},{"not_picked":["blackbeard:LoadTheGoldenCannons","energizedSpire:StickyHand"],"picked":"Abe\u0027s Treasure"}],"items_purged_floors":[13,30,53],"is_endless":false,"potions_floor_spawned":[3,8,10,12,16,18,19,25,29,33,36,38,40,46],"killed_by":"The Heart","ascension_level":4}}