{"host":"rq7gz685gkaokql0","time":1613101717,"event":{"mods":["BaseMod","Hubris","Infinite Spire","Minty Spire (QoL Compilation)","Replay The Spire","StSLib"],"gold_per_floor":[111,125,125,176,195,230,242,286,348,360,391,368,397,13,13,92,92,107,107,107,107,122,122,134,134,134],"floor_reached":25,"language":"ENG","playtime":637,"items_purged":[],"score":447,"play_id":"536d12b1-0556-4922-ae63-eac4f87eb0e1","local_time":"20210211174837","is_ascension_mode":true,"campfire_choices":[{"floor":7.0,"key":"REST"},{"floor":10.0,"key":"REST"},{"floor":15.0,"key":"REST"},{"data":"ReplayTheSpireMod:Black Plague","floor":23,"key":"SMITH"}],"circlet_count":0,"master_deck":["AscendersBane","Defend_R","Defend_R","Defend_R","Defend_R","Bash","Sword Boomerang","Sword Boomerang","Iron Wave","Seeing Red","Headbutt","Carnage","Limit Break","Inflame","Feed+1","Feed+1","Demon Form+1","Rage","Shame","ReplayTheSpireMod:Black Plague+1","Bite","Bite","Bite","Bite","Bite","Shockwave","Metallicize"],"relics":["Burning Blood","NeowsBlessing","hubris:Icosahedron","Snack Pack","MawBank","ReplayTheSpireMod:Spearhead","Blue Doll","Golden Egg","Snecko Heart","Shuriken","Strawberry"],"acts_visited":["Exordium","TheCity"],"potions_floor_usage":[16],"damage_taken":[{"damage":0.0,"enemies":"Small Slimes","floor":1.0,"turns":1.0},{"damage":0.0,"enemies":"Jaw Worm","floor":2.0,"turns":1.0},{"damage":0.0,"enemies":"2 Louse","floor":5.0,"turns":1.0},{"damage":57.0,"enemies":"Lagavulin","floor":6.0,"turns":6.0},{"damage":30.0,"enemies":"Gremlin Nob","floor":8.0,"turns":5.0},{"damage":13.0,"enemies":"Large Slime","floor":11.0,"turns":4.0},{"damage":31.0,"enemies":"Exordium Wildlife","floor":13.0,"turns":4.0},{"damage":73,"enemies":"Hexaghost","floor":16,"turns":8},{"damage":27,"enemies":"Shell Parasite","floor":18,"turns":4},{"damage":21,"enemies":"Chosen","floor":22,"turns":4},{"damage":26,"enemies":"Snake Plant","floor":24,"turns":3},{"damage":46,"enemies":"Book of Stabbing","floor":25,"turns":4}],"seed_played":"-2454392694326746178","potions_obtained":[{"floor":2.0,"key":"BloodPotion"},{"floor":4.0,"key":"SkillPotion"},{"floor":6.0,"key":"Adrenaline Potion"}],"is_trial":false,"path_per_floor":["M","M","?","?","M","E","R","E","T","R","M","?","M","$","R","B",null,"M","?","AVR","?","M","R","M","E"],"character_chosen":"IRONCLAD","items_purchased":["Golden Egg","Feed"],"campfire_rested":3,"item_purchase_floors":[14,14],"current_hp_per_floor":[74,75,75,75,75,31,53,33,33,55,50,68,45,45,67,23,62,41,41,48,48,46,46,36,0,0],"gold":134,"neow_bonus":"THREE_ENEMY_KILL","is_daily":false,"chose_seed":false,"campfire_upgraded":1,"win_rate":0.0,"timestamp":1613101717,"path_taken":["M","M","?","?","M","E","R","E","T","R","M","?","M","$","R","BOSS","M","?","AVR","?","M","R","?","E"],"items_purchased_type":["Relic","Card"],"build_version":"2020-12-22","purchased_purges":0,"victory":false,"max_hp_per_floor":[75,75,75,75,75,75,75,75,75,75,75,75,75,75,75,75,75,75,75,82,57,61,61,61,61,61],"card_choices":[{"not_picked":["Run Through","Headbutt"],"picked":"Sword Boomerang","floor":1.0},{"not_picked":["ReplayTheSpireMod:Strike From Hell","hubris:ReadiedAction"],"picked":"Sword Boomerang","floor":2.0},{"not_picked":["Battle Trance","Clash"],"picked":"Iron Wave","floor":4.0},{"not_picked":["Combust","Body Slam"],"picked":"Seeing Red","floor":5.0},{"not_picked":["Barricade","Second Wind"],"picked":"Headbutt","floor":6.0},{"not_picked":["Shrug It Off","Perfected Strike"],"picked":"Carnage","floor":8.0},{"not_picked":["ReplayReversal","hubris:ReadiedAction"],"picked":"Limit Break","floor":11.0},{"not_picked":["Perfected Strike","Thunderclap"],"picked":"Inflame","floor":13.0},{"not_picked":["Hemogenesis","Impervious"],"picked":"Demon Form","floor":16},{"not_picked":["Battle Trance","Havoc"],"picked":"Rage","floor":18},{"not_picked":["Headbutt","Twin Strike"],"picked":"Shockwave","floor":22},{"not_picked":["Brutality","Cleave"],"picked":"Metallicize","floor":24}],"player_experience":1280821,"relics_obtained":[{"floor":4.0,"key":"Snack Pack"},{"floor":6.0,"key":"MawBank"},{"floor":8.0,"key":"ReplayTheSpireMod:Spearhead"},{"floor":9.0,"key":"Blue Doll"}],"event_choices":[{"damage_healed":18.0,"max_hp_gain":0.0,"max_hp_loss":0.0,"gold_gain":0.0,"event_name":"The Cleric","player_choice":"Healed","floor":12.0,"gold_loss":35.0,"damage_taken":0.0},{"damage_healed":0,"gold_gain":0,"player_choice":"Stole Relic","damage_taken":0,"relics_obtained":["Shuriken"],"max_hp_gain":0,"max_hp_loss":0,"event_name":"Addict","floor":19,"gold_loss":0,"cards_obtained":["Shame"]},{"damage_healed":0,"gold_gain":0,"player_choice":"Became a vampire","damage_taken":0,"max_hp_gain":0,"max_hp_loss":25,"event_name":"Vampires","floor":21,"gold_loss":0,"cards_obtained":["Bite","Bite","Bite","Bite","Bite"]}],"is_beta":false,"boss_relics":[{"not_picked":["infinitespire:Cupcake","hubris:Stopwatch"],"picked":"Snecko Heart"}],"items_purged_floors":[],"is_endless":false,"potions_floor_spawned":[2,6,8],"killed_by":"Book of Stabbing","ascension_level":20}}