{"host":"xsuxkwaivmtd234a","time":1613170676,"event":{"mods":["BaseMod","Colored Map","Minty Spire (QoL Compilation)","Relic Stats","StSLib"],"gold_per_floor":[113,132,150,164,181,181,193,193,219,232,260,272,272,272],"floor_reached":13,"language":"ENG","playtime":909,"items_purged":[],"score":114,"play_id":"d7b6d9f3-8145-4626-9107-2caabf0d14ef","local_time":"20210212175756","is_ascension_mode":true,"campfire_choices":[{"data":"Bash","floor":6,"key":"SMITH"},{"data":"Rampage","floor":8,"key":"SMITH"}],"circlet_count":0,"master_deck":["Strike_R","Strike_R","Strike_R","Strike_R","Strike_R","Defend_R","Defend_R","Defend_R","Defend_R","Bash+1","Spot Weakness","Rampage+1","Disarm","Anger","Offering","Whirlwind","True Grit"],"relics":["Burning Blood","Ice Cream","Strawberry","The Courier"],"acts_visited":["Exordium"],"potions_floor_usage":[3,11,11],"damage_taken":[{"damage":1,"enemies":"Cultist","floor":1,"turns":3},{"damage":9,"enemies":"2 Louse","floor":2,"turns":4},{"damage":0,"enemies":"Jaw Worm","floor":3,"turns":4},{"damage":17,"enemies":"Blue Slaver","floor":4,"turns":5},{"damage":0,"enemies":"Large Slime","floor":5,"turns":4},{"damage":23,"enemies":"Lots of Slimes","floor":7,"turns":5},{"damage":10,"enemies":"Red Slaver","floor":10,"turns":2},{"damage":24,"enemies":"3 Sentries","floor":11,"turns":5},{"damage":6,"enemies":"Looter","floor":12,"turns":4},{"damage":27,"enemies":"Lagavulin","floor":13,"turns":5}],"seed_played":"-6560439183440560404","potions_obtained":[{"floor":1,"key":"LiquidMemories"},{"floor":2,"key":"SpeedPotion"},{"floor":5,"key":"SkillPotion"},{"floor":12,"key":"Explosive Potion"}],"is_trial":false,"path_per_floor":["M","M","M","M","M","R","M","R","T","M","E","M","E"],"character_chosen":"IRONCLAD","items_purchased":[],"campfire_rested":0,"item_purchase_floors":[],"current_hp_per_floor":[61,58,64,53,59,59,42,42,49,45,27,27,0,0],"gold":272,"neow_bonus":"ONE_RARE_RELIC","is_daily":false,"chose_seed":false,"campfire_upgraded":2,"win_rate":0.0,"timestamp":1613170676,"path_taken":["M","?","M","M","M","R","M","R","T","M","E","M","E"],"items_purchased_type":[],"build_version":"2020-12-22","purchased_purges":0,"victory":false,"max_hp_per_floor":[80,80,80,80,80,80,80,80,87,87,87,87,87,87],"relic_stats":{"counters":[10,41],"obtain_stats":[{"Ice Cream":0,"Strawberry":9,"The Courier":11,"Burning Blood":0},{"Ice Cream":0,"Strawberry":6,"The Courier":8,"Burning Blood":0},{"Ice Cream":0,"Strawberry":25,"The Courier":32,"Burning Blood":0}],"Burning Blood":54},"card_choices":[{"not_picked":["Clothesline","Iron Wave"],"picked":"Spot Weakness","floor":1},{"not_picked":["Blood for Blood","Warcry"],"picked":"Rampage","floor":2},{"not_picked":["Pommel Strike","Heavy Blade","Thunderclap"],"picked":"SKIP","floor":3},{"not_picked":["Cleave","Demon Form"],"picked":"Disarm","floor":4},{"not_picked":["Combust","Body Slam"],"picked":"Anger","floor":5},{"not_picked":["Twin Strike","Rampage"],"picked":"Offering","floor":7},{"not_picked":["True Grit","Shrug It Off"],"picked":"Whirlwind","floor":10},{"not_picked":["Anger","Sever Soul"],"picked":"True Grit","floor":11},{"not_picked":["Blood for Blood","Havoc","Sentinel"],"picked":"SKIP","floor":12}],"player_experience":1244299,"relics_obtained":[{"floor":9,"key":"Strawberry"},{"floor":11,"key":"The Courier"}],"event_choices":[],"is_beta":false,"boss_relics":[],"items_purged_floors":[],"is_endless":false,"potions_floor_spawned":[1,2,5,12],"killed_by":"Lagavulin","ascension_level":5}}