{"host":"0luxfixkkfk9wck3","time":1613163725,"event":{"mods":["BaseMod","DeckTracker","Downfall","Highlight Path","Minty Spire (QoL Compilation)","StSLib"],"gold_per_floor":[199,209,227,227,242,242,242,260,260,280,292,292,305,305,324,421,421,421,434,29,40,40,40,64,64,105,51,77,77,112,132,144,244,244,244,258,258,274,274,60,60,70,120,120,152,169,169,11,25,25],"floor_reached":51,"language":"ENG","playtime":71667,"items_purged":["Parasite","sneckomod:Strike"],"score":1219,"play_id":"5d1bdb67-e9f9-45ed-9c32-049cddfcae93","local_time":"20210212150205","is_ascension_mode":true,"campfire_choices":[{"data":"sneckomod:TailWhip","floor":1,"key":"SMITH"},{"floor":23,"key":"REST"},{"floor":29,"key":"REST"},{"data":"sneckomod:TrashToTreasure","floor":35,"key":"SMITH"},{"data":"Panache","floor":44,"key":"SMITH"}],"circlet_count":0,"master_deck":["AscendersBane","sneckomod:Defend","sneckomod:Defend","sneckomod:Defend","sneckomod:TailWhip+1","sneckomod:SnekBite+1","sneckomod:Unknown","sneckomod:Unknown","sneckomod:QuickMove","sneckomod:UnknownBlock","Panache+1","Guardian:StasisStrike","sneckomod:Unknown0Cost","sneckomod:Unknown1Cost","CurseOfTheBell","CurseOfTheBell","sneckomod:UnendingSupply","sneckomod:Unknown3Cost","bronze:SpaghettiCode","sneckomod:DangerNoodle","sneckomod:UnendingSupply+1","Guardian:BronzeOrb","sneckomod:UnknownVulnerable+1","sneckomod:MorePower","hexamod:FourthSeal","sneckomod:UnknownWeak+1","sneckomod:TrashToTreasure+1","sneckomod:UnknownClassTHE_BRONZE_AUTOMATON+1","sneckomod:CheapStock+1","sneckomod:UnlimitedRolls","sneckomod:UnknownBoss+1","sneckomod:UnknownRareAttack+1","sneckomod:TrashToTreasure","sneckomod:DangerNoodle","expansioncontent:PrepareCrush+1","sneckomod:Unknown0Cost+1","sneckomod:QuickBite","expansioncontent:Chronoboost","sneckomod:Unknown0Cost+1"],"relics":["sneckomod:SneckoSoul","Ginger","downfall:ExtraCursedBell","Centennial Puzzle","The Courier","Du-Vu Doll","sneckomod:SneckoTalon","Mummified Hand","Juzu Bracelet","Enchiridion","Bronze Scales","Bottled Lightning","Happy Flower","Unceasing Top","Cursed Key","FossilizedHelix","Bottled Tornado","CaptainsWheel","InkBottle"],"acts_visited":["Exordium","TheCity","TheBeyond"],"potions_floor_usage":[16,21,30,31],"damage_taken":[{"damage":8,"enemies":"2 Louse","floor":2,"turns":3},{"damage":9,"enemies":"Jaw Worm","floor":3,"turns":3},{"damage":3,"enemies":"Cultist","floor":5,"turns":4},{"damage":0,"enemies":"Blue Slaver","floor":8,"turns":5},{"damage":7,"enemies":"Gremlin Gang","floor":10,"turns":6},{"damage":12,"enemies":"Exordium Thugs","floor":11,"turns":6},{"damage":7,"enemies":"2 Fungi Beasts","floor":13,"turns":3},{"damage":13,"enemies":"Blue Slaver","floor":15,"turns":2},{"damage":41,"enemies":"WA_ARCHETYPE_RETAIN","floor":16,"turns":8},{"damage":9,"enemies":"3 Byrds","floor":19,"turns":4},{"damage":7,"enemies":"downfall:FleeingMerchant","floor":20,"turns":4},{"damage":0,"enemies":"Sentry and Sphere","floor":21,"turns":3},{"damage":22,"enemies":"Gremlin Leader","floor":26,"turns":6},{"damage":3,"enemies":"downfall:FleeingMerchant","floor":27,"turns":4},{"damage":5,"enemies":"Book of Stabbing","floor":28,"turns":3},{"damage":22,"enemies":"Slavers","floor":30,"turns":3},{"damage":4,"enemies":"3 Cultists","floor":31,"turns":3},{"damage":7,"enemies":"Centurion and Healer","floor":32,"turns":3},{"damage":23,"enemies":"IC_MUSHROOM_ARCHETYPE","floor":33,"turns":6},{"damage":32,"enemies":"3 Darklings","floor":36,"turns":5},{"damage":3,"enemies":"3 Shapes","floor":38,"turns":4},{"damage":20,"enemies":"downfall:FleeingMerchant","floor":40,"turns":3},{"damage":0,"enemies":"3 Darklings","floor":42,"turns":2},{"damage":1,"enemies":"3 Darklings","floor":43,"turns":3},{"damage":0,"enemies":"Giant Head","floor":45,"turns":6},{"damage":0,"enemies":"Spire Growth","floor":46,"turns":2},{"damage":0,"enemies":"Transient","floor":49,"turns":5},{"damage":0,"enemies":"SI_POISON_ARCHETYPE","floor":50,"turns":5}],"seed_played":"-5726910679486130309","potions_obtained":[{"floor":11,"key":"sneckomod:MuddlingPotion"},{"floor":13,"key":"Explosive Potion"},{"floor":28,"key":"sneckomod:OffclassReductionPotion"},{"floor":30,"key":"Regen Potion"},{"floor":30,"key":"Guardian:BlockOnCardUsePotion"},{"floor":31,"key":"champ:CounterPotion"},{"floor":36,"key":"Dexterity Potion"}],"is_trial":false,"path_per_floor":["R","M","M","?","M","R","T","M","R","M","M","?","M","?","M","B",null,"R","M","$","M","?","R","T","R","E","$","E","R","E","M","M","B",null,"R","M","?","M","?","$","T","M","?","R","E","M","?","?","M","B",null],"character_chosen":"THE_SNECKO","items_purchased":["Mummified Hand","Juzu Bracelet","AttackPotion","sneckomod:DangerNoodle","FossilizedHelix","Bottled Tornado","expansioncontent:Chronoboost"],"campfire_rested":2,"item_purchase_floors":[20,20,27,40,40,40,48],"current_hp_per_floor":[81,73,64,90,87,87,87,87,87,80,68,68,61,83,70,29,75,75,66,59,59,43,69,69,69,52,49,44,70,48,49,49,26,72,72,40,32,29,76,56,56,56,55,55,55,55,55,55,55,55],"gold":25,"neow_bonus":"HUNDRED_GOLD","is_daily":false,"chose_seed":false,"campfire_upgraded":3,"win_rate":0.0,"timestamp":1613163725,"path_taken":["R","M","M","?","M","R","T","M","R","M","M","?","M","?","M","BOSS","R","M","$","M","?","R","T","R","E","$","E","R","E","M","M","BOSS","R","M","?","M","?","$","T","M","?","R","E","M","?","?","M","BOSS"],"items_purchased_type":["Relic","Relic","Potion","Card","Relic","Relic","Card"],"build_version":"2020-12-22","purchased_purges":2,"victory":true,"max_hp_per_floor":[90,90,90,90,90,90,90,90,90,90,90,90,90,90,90,90,90,90,90,87,87,87,87,87,87,87,87,87,87,87,87,87,87,87,87,87,87,87,76,76,76,76,76,76,76,76,76,76,76,76],"card_choices":[{"not_picked":["sneckomod:SoulDraw","sneckomod:CheapStock"],"picked":"sneckomod:QuickMove","floor":2},{"not_picked":["sneckomod:RainOfDice","sneckomod:SlitherStrike"],"picked":"sneckomod:UnknownColorless","floor":3},{"not_picked":["sneckomod:SlitherStrike","sneckomod:Unknown1Cost"],"picked":"sneckomod:UnknownBlock","floor":5},{"not_picked":["sneckomod:UnknownVulnerable","sneckomod:DiceCrush"],"picked":"sneckomod:UnknownStrike","floor":8},{"not_picked":["sneckomod:UnknownBlock","sneckomod:QuickMove"],"picked":"sneckomod:Unknown0Cost","floor":10},{"not_picked":["sneckomod:CheapStock","sneckomod:DiceCrush"],"picked":"sneckomod:Unknown1Cost","floor":11},{"not_picked":["sneckomod:UnknownStrike","sneckomod:CheapStock"],"picked":"sneckomod:UnendingSupply","floor":13},{"not_picked":["sneckomod:Memorize","sneckomod:UnknownCommonSkill"],"picked":"sneckomod:UnknownRareSkill","floor":15},{"not_picked":["sneckomod:Mudshield","sneckomod:Restock"],"picked":"sneckomod:Unknown3Cost","floor":16},{"not_picked":["sneckomod:SoulCleanse","sneckomod:CheapStock"],"picked":"sneckomod:UnknownBlock","floor":19},{"not_picked":["sneckomod:SoulDraw","sneckomod:IronFang"],"picked":"sneckomod:DangerNoodle","floor":20},{"not_picked":["sneckomod:UnknownClassTHE_BRONZE_AUTOMATON+1","sneckomod:Unknown1Cost"],"picked":"sneckomod:UnendingSupply+1","floor":21},{"not_picked":["sneckomod:IronFang","sneckomod:Unknown1Cost"],"picked":"sneckomod:UnknownVulnerable+1","floor":26},{"not_picked":["sneckomod:SoulCleanse","sneckomod:Unknown1Cost","sneckomod:DiceCrush+1"],"picked":"SKIP","floor":27},{"not_picked":["sneckomod:Rotation","sneckomod:PureSnecko"],"picked":"sneckomod:MorePower","floor":28},{"not_picked":["hexamod:ThirdSeal","hexamod:SecondSeal"],"picked":"hexamod:FourthSeal","floor":28},{"not_picked":["sneckomod:UnknownX+1","sneckomod:UnknownDraw+1"],"picked":"sneckomod:UnknownWeak+1","floor":30},{"not_picked":["sneckomod:RainOfDice","sneckomod:Restock"],"picked":"sneckomod:TrashToTreasure","floor":30},{"not_picked":["sneckomod:SoulRoll","sneckomod:DiceBlock"],"picked":"sneckomod:UnknownClassTHE_BRONZE_AUTOMATON+1","floor":31},{"not_picked":["sneckomod:UnknownCommonAttack+1","sneckomod:DiceBlock"],"picked":"sneckomod:CheapStock+1","floor":32},{"not_picked":["sneckomod:UnknownRarePower","sneckomod:Unknown3Cost"],"picked":"sneckomod:UnlimitedRolls","floor":33},{"not_picked":["sneckomod:UnknownCommonAttack+1","sneckomod:Unknown3Cost+1"],"picked":"sneckomod:UnknownBoss+1","floor":33},{"not_picked":["sneckomod:UnknownClassHEXA_GHOST_PURPLE+1","sneckomod:UnknownUncommonSkill+1"],"picked":"sneckomod:UnknownRareAttack+1","floor":36},{"not_picked":["sneckomod:UnknownDraw+1","sneckomod:SoulRoll+1","sneckomod:UnknownCommonAttack+1"],"picked":"SKIP","floor":36},{"not_picked":["sneckomod:UnknownDraw+1","sneckomod:SoulRoll+1","sneckomod:UnknownCommonAttack+1"],"picked":"SKIP","floor":36},{"not_picked":["sneckomod:UnknownUncommonAttack+1","sneckomod:UnknownWeak+1"],"picked":"sneckomod:UnknownBoss+1","floor":38},{"not_picked":["sneckomod:SoulRoll","sneckomod:SoulCleanse+1"],"picked":"sneckomod:Memorize+1","floor":38},{"not_picked":["sneckomod:SoulCleanse+1","sneckomod:UnknownDraw"],"picked":"sneckomod:TrashToTreasure","floor":40},{"not_picked":["sneckomod:RainOfDice+1","sneckomod:Unknown2Cost","sneckomod:QuickBite"],"picked":"SKIP","floor":42},{"not_picked":["sneckomod:UnknownUncommonAttack+1","sneckomod:UnknownExhaust+1"],"picked":"sneckomod:Unknown0Cost+1","floor":45},{"not_picked":["sneckomod:ImprovisedAttack","sneckomod:UnknownDraw+1","sneckomod:UnknownWeak"],"picked":"SKIP","floor":45},{"not_picked":["sneckomod:UnknownClassTHE_BRONZE_AUTOMATON+1","sneckomod:SoulCleanse","sneckomod:UnknownStrike+1"],"picked":"SKIP","floor":46},{"not_picked":["sneckomod:UnknownDexterity+1","sneckomod:UnknownClassHEXA_GHOST_PURPLE+1"],"picked":"sneckomod:Unknown0Cost+1","floor":49},{"not_picked":["sneckomod:IronFang","sneckomod:UnknownWeak","sneckomod:SoulRoll+1"],"picked":"SKIP","floor":49}],"player_experience":11761119,"relics_obtained":[{"floor":7,"key":"Ginger"},{"floor":12,"key":"Centennial Puzzle"},{"floor":12,"key":"The Courier"},{"floor":12,"key":"Du-Vu Doll"},{"floor":22,"key":"Enchiridion"},{"floor":24,"key":"Bronze Scales"},{"floor":26,"key":"Bottled Lightning"},{"floor":28,"key":"Happy Flower"},{"floor":30,"key":"Unceasing Top"},{"floor":43,"key":"CaptainsWheel"},{"floor":45,"key":"InkBottle"}],"event_choices":[{"damage_healed":30,"gold_gain":0,"player_choice":"Banana","damage_taken":0,"max_hp_gain":0,"max_hp_loss":0,"event_name":"Big Fish","floor":4,"gold_loss":0},{"damage_healed":22,"gold_gain":0,"player_choice":"Healed and dodged fight","damage_taken":0,"max_hp_gain":0,"max_hp_loss":0,"event_name":"Mushrooms","floor":14,"gold_loss":0,"cards_obtained":["Parasite"]}],"is_beta":false,"boss_relics":[{"not_picked":["Runic Dome","Runic Pyramid"],"picked":"sneckomod:SneckoTalon"},{"not_picked":["SlaversCollar","bronze:MakeshiftBattery"],"picked":"Cursed Key"}],"items_purged_floors":[20,48],"is_endless":false,"potions_floor_spawned":[11,13,15,28,30,31,32,36,45,46],"ascension_level":11}}