{"host":"2mb887pelv9ua2b0","time":1613150613,"event":{"mods":["AchievementEnabler","BaseMod","Colored Map","Keyboard Shortcuts","Minty Spire (QoL Compilation)","Quick Restart","Relic Stats","StSLib","SuperFastMode","everything is the same but u backflip on backflip"],"gold_per_floor":[19,29,29,53,53,53,73,73,99,112,122,132,150,75,75,154,154,171,171,171],"floor_reached":19,"language":"KOR","playtime":414,"items_purged":["Defend_G"],"score":322,"play_id":"ed278e7a-5959-4b3d-9b02-5eb76925d8b4","local_time":"20210213022333","is_ascension_mode":true,"campfire_choices":[{"data":"Well Laid Plans","floor":8.0,"key":"SMITH"},{"floor":15.0,"key":"REST"}],"circlet_count":0,"master_deck":["AscendersBane","Strike_G","Strike_G","Strike_G","Strike_G","Defend_G","Defend_G","Defend_G","Defend_G","Survivor","Neutralize","Grand Finale","Well Laid Plans+1","Crippling Poison","Acrobatics","Prepared","Backflip","Escape Plan"],"relics":["Ring of the Snake","PreservedInsect","Pen Nib","Runic Dome"],"acts_visited":["Exordium","TheCity"],"potions_floor_usage":[],"damage_taken":[{"damage":3.0,"enemies":"Cultist","floor":1.0,"turns":5.0},{"damage":3.0,"enemies":"Jaw Worm","floor":2.0,"turns":4.0},{"damage":7.0,"enemies":"2 Louse","floor":7.0,"turns":3.0},{"damage":16.0,"enemies":"Lots of Slimes","floor":10.0,"turns":5.0},{"damage":13.0,"enemies":"Exordium Thugs","floor":11.0,"turns":7.0},{"damage":9.0,"enemies":"Exordium Wildlife","floor":12.0,"turns":6.0},{"damage":0.0,"enemies":"3 Louse","floor":13.0,"turns":2.0},{"damage":2.0,"enemies":"Slime Boss","floor":16.0,"turns":4.0},{"damage":2,"enemies":"3 Byrds","floor":18,"turns":3},{"damage":72,"enemies":"Chosen","floor":19,"turns":9}],"seed_played":"4555037629518880121","potions_obtained":[{"floor":1.0,"key":"Fruit Juice"},{"floor":6.0,"key":"PowerPotion"},{"floor":6.0,"key":"FearPotion"},{"floor":12.0,"key":"SteroidPotion"},{"floor":13.0,"key":"FearPotion"}],"is_trial":false,"path_per_floor":["M","M","$","T","?","?","M","R","T","M","M","M","M","$","R","B",null,"M","M"],"character_chosen":"THE_SILENT","items_purchased":[],"campfire_rested":1,"item_purchase_floors":[],"current_hp_per_floor":[56,53,53,53,46,51,44,44,44,28,15,6,6,6,27,25,60,58,0,0],"gold":171,"neow_bonus":"THREE_RARE_CARDS","is_daily":false,"chose_seed":false,"campfire_upgraded":1,"win_rate":0.0,"timestamp":1613150613,"path_taken":["M","M","$","?","?","?","M","R","T","M","?","M","M","$","R","BOSS","M","M"],"items_purchased_type":[],"build_version":"2020-12-22","purchased_purges":1,"victory":false,"max_hp_per_floor":[66,66,66,66,66,71,71,71,71,71,71,71,71,71,71,71,71,71,71,71],"relic_stats":{"counters":[10,48],"PreservedInsect":0,"Pen Nib":[5],"obtain_stats":[{"Runic Dome":17,"PreservedInsect":4,"Pen Nib":9,"Ring of the Snake":0},{"Runic Dome":8,"PreservedInsect":2,"Pen Nib":3,"Ring of the Snake":0},{"Runic Dome":36,"PreservedInsect":9,"Pen Nib":12,"Ring of the Snake":0}],"Ring of the Snake":[20]},"card_choices":[{"not_picked":["Die Die Die","Night Terror"],"picked":"Grand Finale","floor":0.0},{"not_picked":["Crippling Poison","Cloak And Dagger"],"picked":"Well Laid Plans","floor":1.0},{"not_picked":["Dagger Spray","Sucker Punch"],"picked":"Crippling Poison","floor":2.0},{"not_picked":["Poisoned Stab","PiercingWail","Flying Knee"],"picked":"SKIP","floor":7.0},{"not_picked":["Outmaneuver","Backstab"],"picked":"Acrobatics","floor":10.0},{"not_picked":["Acrobatics","Escape Plan"],"picked":"Prepared","floor":11.0},{"not_picked":["Flying Knee","Noxious Fumes"],"picked":"Backflip","floor":12.0},{"not_picked":["Venomology","Cloak And Dagger"],"picked":"Escape Plan","floor":13.0},{"not_picked":["Dagger Spray","Backstab","Blade Dance+1"],"picked":"SKIP","floor":18}],"player_experience":626723,"relics_obtained":[{"floor":4.0,"key":"PreservedInsect"},{"floor":9.0,"key":"Pen Nib"}],"event_choices":[{"cards_removed":["Strike_G"],"damage_healed":0.0,"max_hp_gain":0.0,"max_hp_loss":0.0,"gold_gain":0.0,"event_name":"Golden Wing","player_choice":"Card Removal","floor":5.0,"gold_loss":0.0,"damage_taken":7.0},{"damage_healed":0.0,"max_hp_gain":0.0,"max_hp_loss":0.0,"gold_gain":0.0,"event_name":"Lab","player_choice":"Got Potions","floor":6.0,"gold_loss":0.0,"damage_taken":0.0}],"is_beta":false,"boss_relics":[{"not_picked":["WristBlade","Coffee Dripper"],"picked":"Runic Dome"}],"items_purged_floors":[14],"is_endless":false,"potions_floor_spawned":[1,12,13],"killed_by":"Chosen","ascension_level":20}}