{"host":"lehz9p79pih88cc3","time":1613159879,"event":{"mods":["AchievementEnabler","Act Like it!","Aspiration","BaseMod","Better Match","Better Note","Better Skull","Better Third Choice","CapriCore","Defuse TimeMaze Blight","Disable Question Mark Monsters","Displayed Cursed Tome","Downfall","Emptier Cage","Infinite Spire","Koishi","Minty Spire (QoL Compilation)","Permanent Neow","Quick Restart","Reimu??????","Relic Stats","Reliquary","Replay The Spire","SacredBarkPlus","Shop Mod","StSLib","The Administrix","The Bug Knight","The Construct","The Immortal","The Mystic","The Runesmith","The Servant 0.9.4","Transform Curses","Uncapped","Yakumo Yukari mod","Yuyuko"],"gold_per_floor":[99,114,114,264,21,31,31,31,60,11,41,41,75,86,112,227,227,227,253,253,253,99,133,133,146,167,167,167,184,199,201,268,423,423,423,480,537,543,543,341,364,402,468,468,493,517,517,533,598,610],"floor_reached":51,"language":"ENG","playtime":2058,"items_purged":["downfall:Malfunctioning","Pain","champ:Strike","champ:Defend"],"score":939,"play_id":"6bad261e-e236-4ef2-8d08-b9e1d030239b","local_time":"20210212145759","is_ascension_mode":true,"campfire_choices":[{"data":"champ:Taunt","floor":1,"key":"SMITH"},{"data":"champ:StrikeOfGenius","floor":18,"key":"SMITH"},{"floor":28,"key":"REST"},{"floor":35,"key":"DIG"},{"floor":47,"key":"REST"}],"circlet_count":0,"master_deck":["champ:Strike","champ:Strike","champ:Strike","champ:Defend+1","champ:Defend","champ:Defend","champ:Execute","champ:Taunt+1","champ:Haymaker+1","downfall:Icky","champ:GutPunch","champ:BringItOn+1","champ:FlashCut","champ:FlashCut","champ:TornadoPunch","champ:StrikeOfGenius+1","champ:IronFortress+1","champ:Encircle","champ:GutPunch+1","champ:GutPunch","champ:FlashCut","champ:ShieldSigil","champ:PerfectedStrike","champ:VampiricStrike","champ:PerfectedStrike+1","champ:ShieldWall","champ:Haymaker+1","champ:FlashCut+1"],"relics":["reliquary:RedCape","Membership Card","PreservedInsect","Bronze Scales","infinitespire:Midas Blood","Singing Bowl","aspiration:BabyByrd","Prayer Wheel","champ:PowerArmor","WarpedTongs","Orrery","HollowMod:LifeEnderRelic","champ:SpectersHand","downfall:KnowingSkull","SacredBark","Torii","CeramicFish","MerchantsRug","Ginger","aspiration:HiddenCompartment","Dream Catcher"],"acts_visited":["Exordium","TheCity","TheBeyond"],"potions_floor_usage":[23,33,33,37,38,42,43,48,50,50,50,50,50],"damage_taken":[{"damage":15,"enemies":"Small Slimes","floor":2,"turns":3},{"damage":20,"enemies":"downfall:FleeingMerchant","floor":5,"turns":4},{"damage":0,"enemies":"2 Louse","floor":6,"turns":2},{"damage":20,"enemies":"3 Sentries","floor":9,"turns":6},{"damage":20,"enemies":"downfall:FleeingMerchant","floor":10,"turns":4},{"damage":13,"enemies":"Lagavulin","floor":11,"turns":4},{"damage":10,"enemies":"3 Sentries","floor":13,"turns":4},{"damage":0,"enemies":"Jaw Worm","floor":14,"turns":1},{"damage":16,"enemies":"Exordium Thugs","floor":15,"turns":4},{"damage":43,"enemies":"WA_ARCHETYPE_RETAIN","floor":16,"turns":7},{"damage":15,"enemies":"Shell Parasite","floor":19,"turns":4},{"damage":13,"enemies":"downfall:FleeingMerchant","floor":22,"turns":4},{"damage":17,"enemies":"Gremlin Leader","floor":23,"turns":4},{"damage":10,"enemies":"Spheric Guardian","floor":25,"turns":4},{"damage":33,"enemies":"3 Cultists","floor":26,"turns":4},{"damage":5,"enemies":"Centurion and Healer","floor":29,"turns":4},{"damage":14,"enemies":"Snecko","floor":30,"turns":4},{"damage":22,"enemies":"Shelled Parasite and Fungi","floor":32,"turns":3},{"damage":87,"enemies":"DF_ARCHETYPE_CLAW","floor":33,"turns":8},{"damage":12,"enemies":"Orb Walker","floor":36,"turns":3},{"damage":13,"enemies":"3 Darklings","floor":37,"turns":4},{"damage":38,"enemies":"downfall:FleeingMerchant","floor":38,"turns":3},{"damage":38,"enemies":"Spire Growth","floor":42,"turns":3},{"damage":42,"enemies":"Transient","floor":43,"turns":5},{"damage":19,"enemies":"Sphere and 2 Shapes","floor":46,"turns":4},{"damage":15,"enemies":"3 Darklings","floor":48,"turns":5},{"damage":9,"enemies":"Spire Growth","floor":49,"turns":4},{"damage":68,"enemies":"IC_BLOCK_ARCHETYPE","floor":50,"turns":8}],"seed_played":"-1116564870958111253","potions_obtained":[{"floor":11,"key":"FearPotion"},{"floor":13,"key":"Swift Potion"},{"floor":14,"key":"LiquidMemories"},{"floor":16,"key":"FairyPotion"},{"floor":29,"key":"BlessingOfTheForge"},{"floor":30,"key":"PowerPotion"},{"floor":33,"key":"Fruit Juice"},{"floor":37,"key":"Adrenaline Potion"},{"floor":42,"key":"Adrenaline Potion"},{"floor":43,"key":"LiquidMemories"},{"floor":49,"key":"Explosive Potion"}],"is_trial":false,"path_per_floor":["R","M","?","?","$","M","T","?","E","$","E","?","E","M","M","B",null,"R","M","?","?","$","E","T","M","M","?","R","M","M","?","M","B",null,"R","M","M","$","?","$","T","M","M","AVR","T","M","R","M","M","B",null],"character_chosen":"THE_CHAMP","items_purchased":["Membership Card","PreservedInsect","Orrery","champ:GutPunch","Torii","CeramicFish","Energy Potion","MerchantsRug","Ginger","champ:ShieldWall","Weak Potion"],"campfire_rested":2,"item_purchase_floors":[5,5,22,22,38,38,38,38,40,40,40],"current_hp_per_floor":[90,85,85,85,85,85,85,85,75,75,74,74,76,80,74,51,98,98,95,95,95,100,95,95,87,64,64,97,94,94,85,67,33,129,129,121,122,104,104,104,104,76,48,48,48,33,78,77,77,29],"gold":610,"neow_bonus":"BOSS_RELIC","is_daily":false,"chose_seed":false,"campfire_upgraded":2,"win_rate":0.0,"timestamp":1613159879,"path_taken":["R","M","?","?","?","?","T","?","E","$","E","?","E","M","M","BOSS","R","M","?","?","$","E","T","M","?","?","R","M","M","?","M","BOSS","R","M","?","?","?","$","T","M","M","AVR","?","M","R","M","M","BOSS"],"items_purchased_type":["Relic","Relic","Relic","Card","Relic","Relic","Potion","Relic","Relic","Card","Potion"],"build_version":"2020-12-22","purchased_purges":4,"victory":true,"max_hp_per_floor":[90,90,90,90,90,90,90,90,90,90,92,92,94,98,98,98,98,98,100,100,100,108,110,110,112,112,112,112,114,118,118,122,129,129,129,133,137,137,137,137,137,137,141,141,141,145,147,151,155,155],"relic_stats":{"Dream Catcher":1,"Singing Bowl":60,"Torii":3,"counters":[28,117],"Bronze Scales":[233],"CeramicFish":27,"Prayer Wheel":15,"PreservedInsect":187,"Ginger":[6],"obtain_stats":[{"MerchantsRug":38,"HollowMod:LifeEnderRelic":23,"Singing Bowl":11,"Torii":38,"SacredBark":34,"CeramicFish":38,"champ:ChampionCrown":0,"PreservedInsect":5,"Ginger":40,"reliquary:RedCape":0,"aspiration:HiddenCompartment":41,"champ:PowerArmor":17,"WarpedTongs":21,"Dream Catcher":45,"aspiration:BabyByrd":12,"Bronze Scales":7,"Orrery":22,"Prayer Wheel":13,"downfall:KnowingSkull":31,"Membership Card":5,"champ:SpectersHand":24,"infinitespire:Midas Blood":9},{"MerchantsRug":22,"HollowMod:LifeEnderRelic":13,"Singing Bowl":6,"Torii":22,"SacredBark":19,"CeramicFish":22,"champ:ChampionCrown":0,"PreservedInsect":2,"Ginger":22,"reliquary:RedCape":0,"aspiration:HiddenCompartment":22,"champ:PowerArmor":10,"WarpedTongs":11,"Dream Catcher":24,"aspiration:BabyByrd":6,"Bronze Scales":3,"Orrery":12,"Prayer Wheel":7,"downfall:KnowingSkull":17,"Membership Card":2,"champ:SpectersHand":13,"infinitespire:Midas Blood":4},{"MerchantsRug":88,"HollowMod:LifeEnderRelic":51,"Singing Bowl":23,"Torii":88,"SacredBark":78,"CeramicFish":88,"champ:ChampionCrown":0,"PreservedInsect":7,"Ginger":88,"reliquary:RedCape":0,"aspiration:HiddenCompartment":88,"champ:PowerArmor":39,"WarpedTongs":43,"Dream Catcher":96,"aspiration:BabyByrd":23,"Bronze Scales":9,"Orrery":47,"Prayer Wheel":27,"downfall:KnowingSkull":67,"Membership Card":7,"champ:SpectersHand":51,"infinitespire:Midas Blood":15}],"WarpedTongs":[74]},"card_choices":[{"not_picked":["champ:BladeFlurry","champ:AdrenalArmor"],"picked":"champ:Haymaker","floor":2},{"not_picked":["champ:Circumvent","champ:SetATrap"],"picked":"champ:GutPunch","floor":5},{"not_picked":["champ:ShieldSigil","champ:Circumvent"],"picked":"champ:BringItOn","floor":6},{"not_picked":["champ:FocusedDefense","champ:BringItOn"],"picked":"champ:FlashCut","floor":9},{"not_picked":["champ:HeartStrike","champ:Backstep","champ:BerserkerStyle"],"picked":"SKIP","floor":10},{"not_picked":["champ:CalledShot","champ:Parry","champ:AdrenalArmor"],"picked":"Singing Bowl","floor":11},{"not_picked":["champ:HeartStrike","champ:CrownThrow","champ:FancyFootwork"],"picked":"Singing Bowl","floor":13},{"not_picked":["champ:CrookedStrike","champ:RageSigil","champ:Endure"],"picked":"Singing Bowl","floor":14},{"not_picked":["champ:GutPunch","champ:CrownThrow","champ:Endure"],"picked":"Singing Bowl","floor":14},{"not_picked":["champ:ShieldWall","champ:EnGarde"],"picked":"champ:FlashCut","floor":15},{"not_picked":["champ:CalledShot","champ:FocusedDefense"],"picked":"champ:TornadoPunch","floor":15},{"not_picked":["champ:LastStand","champ:VampiricStrike"],"picked":"champ:StrikeOfGenius","floor":16},{"not_picked":["champ:FalseCounter","champ:DefensiveShout","champ:SwordSigil"],"picked":"Singing Bowl","floor":19},{"not_picked":["champ:TornadoPunch","champ:ArenaPreparation+1"],"picked":"champ:IronFortress+1","floor":19},{"not_picked":["champ:FocusedBerserking+1","champ:Circumvent","champ:Haymaker"],"picked":"Singing Bowl","floor":22},{"not_picked":["champ:Circumvent","champ:FancyFootwork","champ:ViciousMockery+1"],"picked":"Singing Bowl","floor":22},{"not_picked":["champ:EndlessRage","champ:BladeFlurry"],"picked":"champ:Encircle","floor":22},{"not_picked":["champ:EndlessRage","champ:FanOfKnives"],"picked":"champ:GutPunch+1","floor":22},{"not_picked":["champ:Haymaker+1","champ:ArenaPreparation+1","champ:ShieldWall+1"],"picked":"Singing Bowl","floor":22},{"not_picked":["champ:ShieldSigil","champ:FancyFootwork+1","champ:IgnorePain"],"picked":"Singing Bowl","floor":22},{"not_picked":["champ:DancingMaster","champ:DefensiveShout","champ:TornadoPunch"],"picked":"Singing Bowl","floor":23},{"not_picked":["champ:AdrenalArmor","champ:Circumvent","champ:Shatter"],"picked":"Singing Bowl","floor":25},{"not_picked":["champ:EnragedBash","champ:CalledShot"],"picked":"champ:FlashCut","floor":25},{"not_picked":["champ:RecklessLeap","champ:Shatter+1"],"picked":"champ:ShieldSigil","floor":26},{"not_picked":["champ:FlashCut","champ:BladeFlurry"],"picked":"champ:PerfectedStrike","floor":26},{"not_picked":["champ:Haymaker","champ:TornadoPunch+1","champ:AdrenalArmor"],"picked":"Singing Bowl","floor":29},{"not_picked":["champ:FanOfKnives","champ:Parry"],"picked":"champ:VampiricStrike","floor":29},{"not_picked":["champ:Haymaker","champ:BladeFlurry","champ:GutPunch+1"],"picked":"Singing Bowl","floor":30},{"not_picked":["champ:DancingMaster","champ:TornadoPunch+1","champ:Endure"],"picked":"Singing Bowl","floor":30},{"not_picked":["champ:Duel","champ:Backstep","champ:GutPunch"],"picked":"Singing Bowl","floor":32},{"not_picked":["champ:Backstep","champ:Haymaker","champ:FlashCut"],"picked":"Singing Bowl","floor":32},{"not_picked":["champ:LastStand","champ:EnchantShield","champ:MurderStrike"],"picked":"Singing Bowl","floor":33},{"not_picked":["champ:PreciseThrust","champ:BladeFlurry","champ:ViciousMockery+1"],"picked":"Singing Bowl","floor":36},{"not_picked":["champ:PreemptiveStrike+1","champ:BerserkersShout","champ:FocusedDefense+1"],"picked":"Singing Bowl","floor":36},{"not_picked":["champ:VampiricStrike","champ:Haymaker","champ:BringItOn"],"picked":"Singing Bowl","floor":37},{"not_picked":["champ:EnGarde","champ:Haymaker","champ:EnragedBash+1"],"picked":"Singing Bowl","floor":37},{"not_picked":["champ:CrownThrow+1","champ:Devastate"],"picked":"champ:PerfectedStrike+1","floor":38},{"not_picked":["champ:PerfectedStrike+1","champ:Circumvent+1"],"picked":"champ:Haymaker+1","floor":42},{"not_picked":["champ:Circumvent+1","champ:FanOfKnives+1"],"picked":"champ:FlashCut+1","floor":42},{"not_picked":["champ:FocusedDefense","champ:CalledShot","champ:DefensiveStyle"],"picked":"Singing Bowl","floor":43},{"not_picked":["champ:CrookedStrike+1","champ:BerserkerStyle+1","champ:DefensiveShout+1"],"picked":"Singing Bowl","floor":43},{"not_picked":["champ:DeathBlow","champ:BladeFlurry","champ:Haymaker"],"picked":"Singing Bowl","floor":46},{"not_picked":["champ:SkillfulDodge","champ:GutPunch+1","champ:PreciseThrust"],"picked":"Singing Bowl","floor":46},{"not_picked":["champ:AdrenalArmor","champ:CrookedStrike","champ:BladeFlurry+1"],"picked":"Singing Bowl","floor":47},{"not_picked":["champ:HeavySlash","champ:EnragedBash","champ:EnGarde"],"picked":"Singing Bowl","floor":48},{"not_picked":["champ:DefensiveStyle+1","champ:TornadoPunch","champ:CrownThrow"],"picked":"Singing Bowl","floor":48},{"not_picked":["champ:ShieldSigil","champ:PreciseThrust","champ:PreemptiveStrike+1"],"picked":"Singing Bowl","floor":49},{"not_picked":["champ:Endure+1","champ:RisingSlash+1","champ:Backstep"],"picked":"Singing Bowl","floor":49}],"player_experience":281631,"relics_obtained":[{"floor":7,"key":"Bronze Scales"},{"floor":9,"key":"infinitespire:Midas Blood"},{"floor":11,"key":"Singing Bowl"},{"floor":13,"key":"Prayer Wheel"},{"floor":23,"key":"HollowMod:LifeEnderRelic"},{"floor":24,"key":"champ:SpectersHand"},{"floor":41,"key":"aspiration:HiddenCompartment"},{"floor":45,"key":"Dream Catcher"}],"event_choices":[{"damage_healed":0,"gold_gain":0,"player_choice":"Rummage","damage_taken":0,"relics_obtained":["WarpedTongs"],"max_hp_gain":0,"max_hp_loss":0,"event_name":"Accursed Blacksmith","floor":21,"gold_loss":0,"cards_obtained":["Pain"]}],"is_beta":false,"boss_relics":[{"not_picked":["aspiration:RitualDagger","Fusion Hammer"],"picked":"champ:PowerArmor"},{"not_picked":["bronze:MakeshiftBattery","Replay:Wanted Poster"],"picked":"SacredBark"}],"items_purged_floors":[10,22,38,44],"is_endless":false,"potions_floor_spawned":[11,13,14,16,19,29,30,32,33,37,42,43,49],"ascension_level":3}}