{"host":"xsuxkwaivmtd234a","time":1613172054,"event":{"mods":["BaseMod","Colored Map","Filter the Spire","Minty Spire (QoL Compilation)","Relic Stats","StSLib"],"gold_per_floor":[10,21,21,21,36,71,71,101,101,23,23,23,61,21,21,146,146,162,180,199,249,174,210,210,210,210],"floor_reached":25,"language":"ENG","playtime":1206,"items_purged":["Strike_R"],"score":359,"play_id":"6add24c5-5964-4234-ac1f-1582a3778a4f","local_time":"20210212182054","is_ascension_mode":true,"campfire_choices":[{"data":"Inflame","floor":7.0,"key":"SMITH"},{"data":"Disarm","floor":15.0,"key":"SMITH"},{"floor":24,"key":"REST"}],"circlet_count":0,"master_deck":["Strike_R","Strike_R","Strike_R","Strike_R","Defend_R","Defend_R","Defend_R","Defend_R","Bash","Anger","Cleave","Intimidate","Inflame+1","Barricade","Feel No Pain","Disarm+1","Offering","Pommel Strike+1","Evolve","Clothesline+1","Double Tap"],"relics":["Burning Blood","FossilizedHelix","Bronze Scales","Champion Belt","Bottled Tornado","Golden Idol","White Beast Statue","Mark of Pain","Calipers"],"acts_visited":["TheCity"],"potions_floor_usage":[23,23,23,23,23,23,25],"damage_taken":[{"damage":6.0,"enemies":"Jaw Worm","floor":1.0,"turns":4.0},{"damage":0.0,"enemies":"Cultist","floor":2.0,"turns":3.0},{"damage":0.0,"enemies":"Small Slimes","floor":5.0,"turns":3.0},{"damage":10.0,"enemies":"Lagavulin","floor":6.0,"turns":5.0},{"damage":10.0,"enemies":"3 Sentries","floor":8.0,"turns":5.0},{"damage":47.0,"enemies":"Gremlin Nob","floor":13.0,"turns":5.0},{"damage":0.0,"enemies":"Hexaghost","floor":16.0,"turns":9.0},{"damage":11,"enemies":"Shell Parasite","floor":18,"turns":5},{"damage":12,"enemies":"Chosen","floor":19,"turns":5},{"damage":42,"enemies":"Sentry and Sphere","floor":20,"turns":6},{"damage":26,"enemies":"Gremlin Leader","floor":23,"turns":9},{"damage":51,"enemies":"Slavers","floor":25,"turns":3}],"seed_played":"6530660419868414956","potions_obtained":[{"floor":3.0,"key":"CultistPotion"},{"floor":3.0,"key":"EntropicBrew"},{"floor":3.0,"key":"CultistPotion"},{"floor":13.0,"key":"Fruit Juice"},{"floor":14.0,"key":"ElixirPotion"},{"floor":14.0,"key":"ElixirPotion"},{"floor":14.0,"key":"LiquidBronze"},{"floor":16.0,"key":"EntropicBrew"},{"floor":18,"key":"HeartOfIron"},{"floor":20,"key":"Strength Potion"},{"floor":23,"key":"Weak Potion"}],"is_trial":false,"path_per_floor":["M","M","?","$","M","E","R","E","T","$","?","$","E","?","R","B",null,"M","M","M","?","$","E","R","E"],"character_chosen":"IRONCLAD","items_purchased":["Feel No Pain"],"campfire_rested":1,"item_purchase_floors":[10],"current_hp_per_floor":[80,80,80,80,80,76,76,72,72,72,52,52,11,16,16,22,69,64,58,22,22,22,19,44,0,0],"gold":210,"neow_bonus":"ONE_RARE_RELIC","is_daily":false,"chose_seed":false,"campfire_upgraded":2,"win_rate":0.0,"timestamp":1613172054,"path_taken":["M","M","?","?","M","E","R","E","T","$","?","?","E","?","R","BOSS","M","M","?","?","$","E","R","E"],"items_purchased_type":["Card"],"build_version":"2020-12-22","purchased_purges":1,"victory":false,"max_hp_per_floor":[80,80,80,80,80,80,80,80,80,80,80,80,80,85,85,85,85,85,85,85,85,85,85,85,85,85],"relic_stats":{"counters":[12,62],"Golden Idol":51,"Bronze Scales":[143],"Champion Belt":[7],"obtain_stats":[{"Calipers":23,"Golden Idol":11,"Bronze Scales":6,"Mark of Pain":17,"Champion Belt":8,"Bottled Tornado":9,"Burning Blood":0,"FossilizedHelix":0,"White Beast Statue":13},{"Calipers":11,"Golden Idol":5,"Bronze Scales":4,"Mark of Pain":7,"Champion Belt":5,"Bottled Tornado":5,"Burning Blood":0,"FossilizedHelix":0,"White Beast Statue":6},{"Calipers":59,"Golden Idol":20,"Bronze Scales":15,"Mark of Pain":34,"Champion Belt":20,"Bottled Tornado":20,"Burning Blood":0,"FossilizedHelix":0,"White Beast Statue":25}],"Burning Blood":54},"card_choices":[{"not_picked":["Iron Wave","Blood for Blood"],"picked":"Anger","floor":1.0},{"not_picked":["Dropkick","Seeing Red"],"picked":"Cleave","floor":2.0},{"not_picked":["Armaments","Twin Strike"],"picked":"Intimidate","floor":5.0},{"not_picked":["Infernal Blade","Whirlwind"],"picked":"Inflame","floor":6.0},{"not_picked":["Shrug It Off","Perfected Strike"],"picked":"Barricade","floor":8.0},{"not_picked":["Combust","Infernal Blade"],"picked":"Disarm","floor":13.0},{"not_picked":["Barricade","Bludgeon"],"picked":"Offering","floor":16.0},{"not_picked":["Twin Strike","True Grit"],"picked":"Pommel Strike+1","floor":18},{"not_picked":["Twin Strike","Pummel"],"picked":"Evolve","floor":19},{"not_picked":["Cleave","Headbutt"],"picked":"Clothesline+1","floor":20},{"not_picked":["Havoc+1","Fire Breathing"],"picked":"Double Tap","floor":23}],"player_experience":1245208,"relics_obtained":[{"floor":6.0,"key":"Bronze Scales"},{"floor":8.0,"key":"Champion Belt"},{"floor":9.0,"key":"Bottled Tornado"},{"floor":13.0,"key":"White Beast Statue"},{"floor":23,"key":"Calipers"}],"event_choices":[{"damage_healed":0.0,"max_hp_gain":0.0,"max_hp_loss":0.0,"gold_gain":0.0,"event_name":"Lab","player_choice":"Got Potions","floor":3.0,"gold_loss":0.0,"damage_taken":0.0},{"damage_healed":0.0,"max_hp_gain":0.0,"max_hp_loss":0.0,"gold_gain":0.0,"event_name":"Golden Idol","player_choice":"Take Damage","floor":11.0,"gold_loss":0.0,"damage_taken":20.0,"relics_obtained":["Golden Idol"]},{"damage_healed":0.0,"max_hp_gain":0.0,"max_hp_loss":0.0,"gold_gain":0.0,"event_name":"The Woman in Blue","player_choice":"Bought 3 Potions","floor":14.0,"gold_loss":0.0,"damage_taken":0.0},{"damage_healed":0,"gold_gain":100,"player_choice":"Bet on Murderer","damage_taken":0,"max_hp_gain":0,"max_hp_loss":0,"event_name":"The Joust","floor":21,"gold_loss":50}],"is_beta":false,"boss_relics":[{"not_picked":["Empty Cage","Black Star"],"picked":"Mark of Pain"}],"items_purged_floors":[22],"is_endless":false,"potions_floor_spawned":[5,13,16,18,19,20,23],"killed_by":"Slavers","ascension_level":5}}