{"host":"2rbn7ywmirq5y689","time":1613150874,"event":{"mods":["BaseMod","Colored Map","Colored Powertips","Highlight Path","Minty Spire (QoL Compilation)","Rare Cards Sparkle","Relic Stats","StSLib"],"gold_per_floor":[114,132,132,148,164,164,194,72,72,86,86,97,97,22,22,120,120,135,35,0,17,17,45,56,56,56],"floor_reached":25,"language":"ENG","playtime":1104,"items_purged":["Strike_B","Strike_B"],"score":234,"play_id":"85185341-8ac1-483f-a4cc-171db99a74cc","local_time":"20210213012754","is_ascension_mode":true,"campfire_choices":[{"data":"Zap","floor":6,"key":"SMITH"},{"data":"Dualcast","floor":11,"key":"SMITH"},{"floor":15,"key":"REST"}],"circlet_count":0,"master_deck":["Strike_B","Defend_B","Defend_B","Defend_B","Defend_B","Zap+1","Dualcast+1","Cold Snap","Leap","Gash","Barrage","Cold Snap","Ball Lightning","Glacier","Capacitor","Fusion","Creative AI","CurseOfTheBell","Lockon","Gash+1","Barrage+1","Machine Learning"],"relics":["Cracked Core","NeowsBlessing","Juzu Bracelet","PreservedInsect","Calling Bell","Bronze Scales","Ornamental Fan","Bird Faced Urn","Darkstone Periapt"],"acts_visited":["Exordium","TheCity"],"potions_floor_usage":[16,23],"damage_taken":[{"damage":0,"enemies":"2 Louse","floor":1,"turns":1},{"damage":0,"enemies":"Jaw Worm","floor":2,"turns":1},{"damage":0,"enemies":"Small Slimes","floor":4,"turns":1},{"damage":14,"enemies":"Exordium Wildlife","floor":5,"turns":6},{"damage":22,"enemies":"Gremlin Nob","floor":7,"turns":4},{"damage":2,"enemies":"3 Louse","floor":10,"turns":4},{"damage":15,"enemies":"Exordium Thugs","floor":12,"turns":4},{"damage":17,"enemies":"Hexaghost","floor":16,"turns":10},{"damage":9,"enemies":"Chosen","floor":18,"turns":5},{"damage":16,"enemies":"2 Thieves","floor":20,"turns":4},{"damage":28,"enemies":"Cultist and Chosen","floor":21,"turns":6},{"damage":39,"enemies":"Gremlin Leader","floor":23,"turns":5},{"damage":17,"enemies":"Snecko","floor":24,"turns":6},{"damage":10,"enemies":"Sentry and Sphere","floor":25,"turns":2}],"seed_played":"1209485730429386329","potions_obtained":[{"floor":5,"key":"Strength Potion"},{"floor":7,"key":"BlessingOfTheForge"},{"floor":16,"key":"AttackPotion"},{"floor":24,"key":"ColorlessPotion"}],"is_trial":false,"path_per_floor":["M","M","?","M","M","R","E","$","T","M","R","M","?","$","R","B",null,"M","$","M","M","?","E","M","M"],"character_chosen":"DEFECT","items_purchased":["Ball Lightning","Glacier"],"campfire_rested":1,"item_purchase_floors":[8,8],"current_hp_per_floor":[75,75,75,75,61,61,39,39,39,37,37,22,22,22,44,27,75,72,72,64,46,46,17,6,0,0],"gold":56,"neow_bonus":"THREE_ENEMY_KILL","is_daily":false,"chose_seed":false,"campfire_upgraded":2,"win_rate":0.0,"timestamp":1613150874,"path_taken":["M","M","?","M","M","R","E","$","T","M","R","M","?","$","R","BOSS","M","$","M","M","?","E","M","M"],"items_purchased_type":["Card","Card"],"build_version":"2020-12-22","purchased_purges":2,"victory":false,"max_hp_per_floor":[75,75,75,75,75,75,75,75,75,75,75,75,75,75,75,75,75,75,75,75,75,75,75,75,75,75],"relic_stats":{"Darkstone Periapt":0,"counters":[14,59],"Ornamental Fan":[24],"Bronze Scales":[84],"Bird Faced Urn":[42],"PreservedInsect":48,"Juzu Bracelet":0,"obtain_stats":[{"Calling Bell":17,"Darkstone Periapt":23,"NeowsBlessing":0,"Ornamental Fan":17,"Bronze Scales":17,"Bird Faced Urn":17,"PreservedInsect":9,"Juzu Bracelet":7,"Cracked Core":0},{"Calling Bell":8,"Darkstone Periapt":12,"NeowsBlessing":0,"Ornamental Fan":8,"Bronze Scales":8,"Bird Faced Urn":8,"PreservedInsect":5,"Juzu Bracelet":5,"Cracked Core":0},{"Calling Bell":31,"Darkstone Periapt":51,"NeowsBlessing":0,"Ornamental Fan":31,"Bronze Scales":31,"Bird Faced Urn":31,"PreservedInsect":13,"Juzu Bracelet":13,"Cracked Core":0}]},"card_choices":[{"not_picked":["Compile Driver","Beam Cell"],"picked":"Cold Snap","floor":1},{"not_picked":["Rebound","Coolheaded"],"picked":"Leap","floor":2},{"not_picked":["FTL","Coolheaded"],"picked":"Gash","floor":4},{"not_picked":["Steam","Stack"],"picked":"Barrage","floor":5},{"not_picked":["Undo","Chaos"],"picked":"Cold Snap","floor":7},{"not_picked":["Cold Snap","Static Discharge","Leap"],"picked":"SKIP","floor":10},{"not_picked":["Beam Cell","Consume"],"picked":"Capacitor","floor":12},{"not_picked":["Thunder Strike","Echo Form"],"picked":"Creative AI","floor":16},{"not_picked":["Steam","Rebound"],"picked":"Lockon","floor":18},{"not_picked":["Leap","Compile Driver"],"picked":"Gash+1","floor":20},{"not_picked":["Leap","FTL"],"picked":"Barrage+1","floor":21},{"not_picked":["Doom and Gloom","Leap"],"picked":"Machine Learning","floor":23},{"not_picked":["Beam Cell","Go for the Eyes+1","Heatsinks"],"picked":"SKIP","floor":24}],"player_experience":227687,"relics_obtained":[{"floor":7,"key":"Juzu Bracelet"},{"floor":9,"key":"PreservedInsect"},{"floor":17,"key":"Bronze Scales"},{"floor":17,"key":"Ornamental Fan"},{"floor":17,"key":"Bird Faced Urn"},{"floor":23,"key":"Darkstone Periapt"}],"event_choices":[{"damage_healed":0,"gold_gain":0,"player_choice":"Ignored","damage_taken":0,"max_hp_gain":0,"max_hp_loss":0,"event_name":"Liars Game","floor":3,"gold_loss":0},{"damage_healed":0,"gold_gain":0,"cards_transformed":["Strike_B"],"player_choice":"Change","damage_taken":0,"max_hp_gain":0,"max_hp_loss":0,"event_name":"Living Wall","floor":13,"gold_loss":0,"cards_obtained":["Fusion"]},{"damage_healed":0,"gold_gain":0,"player_choice":"Ignored","damage_taken":0,"max_hp_gain":0,"max_hp_loss":0,"event_name":"Ghosts","floor":22,"gold_loss":0}],"is_beta":false,"boss_relics":[{"not_picked":["Fusion Hammer","SacredBark"],"picked":"Calling Bell"}],"items_purged_floors":[14,19],"is_endless":false,"potions_floor_spawned":[5,7,16,24],"killed_by":"Sentry and Sphere","ascension_level":1}}