{"host":"xltl1aroowo69o4n","time":1613109794,"event":{"mods":["BaseMod","Colored Map","Colored Powertips","Downfall","Marisa????????","Minty Spire (QoL Compilation)","Replay The Spire","StSLib","The Cursed","The Hierophant","The Mystic","The Necromancer","The Servant 0.9.4"],"gold_per_floor":[99,138,157,199,199,17,17,50,92,136,136,31,31,71,91,191,191,191,191,91,129,129,129,168,231,277,303,341,341,352,411,411,469,469,469],"floor_reached":34,"language":"ENG","playtime":2232,"items_purged":[],"score":346,"play_id":"35d51a64-8edb-4411-bee1-4b758154036c","local_time":"20210212010314","is_ascension_mode":false,"campfire_choices":[{"data":"HandOfGreed","floor":1,"key":"SMITH"},{"floor":11,"key":"REST"},{"data":"Replay:SS_hec_1","floor":13,"key":"SMITH"},{"floor":29,"key":"REST"}],"circlet_count":0,"master_deck":["TheCursedMod:Strike_TheCursed+1","TheCursedMod:Strike_TheCursed","TheCursedMod:Strike_TheCursed","TheCursedMod:Strike_TheCursed+1","TheCursedMod:Defend_TheCursed","TheCursedMod:Defend_TheCursed","TheCursedMod:Defend_TheCursed","TheCursedMod:Defend_TheCursed","TheCursedMod:CursedWand+1","TheCursedMod:CleanUpWorkshop","TheCursedMod:Dregs","Doubt","HandOfGreed+1","TheCursedMod:TroublousMinions","TheCursedMod:FleshFromBone","TheCursedMod:SpitefulStrike+1","Delirium","TheCursedMod:Grudge","Magnetism","TheCursedMod:CircleOfCorruption","TheCursedMod:Obscuration","TheCursedMod:AbyssShockwave","TheCursedMod:VoidForm","Replay:SS_hec_1+1","TheCursedMod:WearCloak","TheCursedMod:HellsGateOpen","TheCursedMod:ParallelWorld","TheCursedMod:BloodBarrier","TheCursedMod:TacticalStrike+1","TheCursedMod:HellfireBreathing+1","TheCursedMod:SpitefulPray","TheCursedMod:SmokeScreen+1","TheCursedMod:DoubleShield","TheCursedMod:RapidMovement+1","TheCursedMod:SaltUponWound+1"],"relics":["TheCursedMod:BlackMagic101","Whetstone","Replay:Bottled Flurry","Snecko Eye","downfall:HeartBlessingGreen","Lantern","Pear","Pet Ghost","Replay:Bottled Steam"],"acts_visited":["Exordium","TheCity"],"potions_floor_usage":[8,12,16,16,16,27,28,31,34],"damage_taken":[{"damage":4,"enemies":"Cultist","floor":2,"turns":4},{"damage":0,"enemies":"Small Slimes","floor":3,"turns":4},{"damage":1,"enemies":"Jaw Worm","floor":4,"turns":3},{"damage":0,"enemies":"downfall:FleeingMerchant","floor":6,"turns":4},{"damage":19,"enemies":"Lagavulin","floor":8,"turns":5},{"damage":2,"enemies":"Exordium Thugs","floor":9,"turns":6},{"damage":0,"enemies":"Blue Slaver","floor":10,"turns":2},{"damage":0,"enemies":"downfall:FleeingMerchant","floor":12,"turns":4},{"damage":0,"enemies":"Lots of Slimes","floor":14,"turns":4},{"damage":0,"enemies":"3 Louse","floor":15,"turns":1},{"damage":57,"enemies":"DF_ARCHETYPE_STREAMLINE","floor":16,"turns":12},{"damage":15,"enemies":"Spheric Guardian","floor":21,"turns":4},{"damage":0,"enemies":"Chosen","floor":24,"turns":3},{"damage":19,"enemies":"Sentry and Sphere","floor":25,"turns":4},{"damage":55,"enemies":"Gremlin Leader","floor":27,"turns":9},{"damage":6,"enemies":"Cultist and Chosen","floor":28,"turns":7},{"damage":15,"enemies":"Snake Plant","floor":30,"turns":4},{"damage":4,"enemies":"Book of Stabbing","floor":31,"turns":7},{"damage":9,"enemies":"3 Cultists","floor":33,"turns":5},{"damage":6,"enemies":"Sentry and Sphere","floor":34,"turns":3}],"seed_played":"453304612759923745","potions_obtained":[{"floor":4,"key":"PowerPotion"},{"floor":10,"key":"TheCursedMod:DregsPotion"},{"floor":14,"key":"SpeedPotion"},{"floor":15,"key":"Fruit Juice"},{"floor":20,"key":"FairyPotion"},{"floor":20,"key":"Elixir"},{"floor":24,"key":"Swift Potion"},{"floor":27,"key":"Guardian:BlockOnCardUsePotion"},{"floor":30,"key":"FearPotion"},{"floor":33,"key":"Energy Potion"}],"is_trial":false,"path_per_floor":["R_BF","M","M","M","?","$","T","E","M","M","R","$","R","M","M","B",null,"PTL","PTL","R_BF","M","?","?","M","M","T","E","M","R","M","E","T","M","M"],"character_chosen":"THE_CURSED","items_purchased":["Magnetism","Replay:SS_hec_1"],"campfire_rested":2,"item_purchase_floors":[6,12],"current_hp_per_floor":[75,71,71,70,70,70,70,51,49,49,71,71,71,71,71,19,80,80,80,80,65,65,50,50,31,31,11,5,33,18,14,14,5,0,0],"gold":469,"neow_bonus":"RANDOM_COLORLESS_2","is_daily":false,"chose_seed":false,"campfire_upgraded":2,"win_rate":0.0,"timestamp":1613109794,"path_taken":["R_BF","M","?","?","?","$","T","E","M","M","R","?","R","M","M","BOSS","PTL","PTL","R_BF","M","?","?","M","M","T","E","M","R","?","E","?","M","M"],"items_purchased_type":["Card","Card"],"build_version":"2020-12-13","purchased_purges":0,"victory":false,"max_hp_per_floor":[75,75,75,75,75,75,75,75,75,75,75,75,75,75,75,80,80,80,80,80,80,80,85,85,85,85,95,95,95,95,95,95,95,95,95],"card_choices":[{"not_picked":["Midas Touch","Metamorphosis"],"picked":"HandOfGreed","floor":0.0},{"not_picked":["TheCursedMod:VitalStrike","TheCursedMod:Mangle"],"picked":"TheCursedMod:TroublousMinions","floor":2},{"not_picked":["TheCursedMod:EmpowerCircles","TheCursedMod:Hemoplague"],"picked":"TheCursedMod:FleshFromBone","floor":3},{"not_picked":["TheCursedMod:Mangle","TheCursedMod:VitalStrike"],"picked":"TheCursedMod:SpitefulStrike","floor":4},{"not_picked":["TheCursedMod:Wield","TheCursedMod:HellsGateOpen"],"picked":"TheCursedMod:Grudge","floor":6},{"not_picked":["TheCursedMod:HellsGateOpen","TheCursedMod:VitalStrike"],"picked":"TheCursedMod:CircleOfCorruption","floor":8},{"not_picked":["TheCursedMod:CursedShiv","TheCursedMod:SmokeScreen"],"picked":"TheCursedMod:Obscuration","floor":9},{"not_picked":["TheCursedMod:Torture","TheCursedMod:RapidMovement"],"picked":"TheCursedMod:AbyssShockwave","floor":10},{"not_picked":["TheCursedMod:CursedBoomerang","TheCursedMod:CursedStaff"],"picked":"TheCursedMod:VoidForm","floor":12},{"not_picked":["TheCursedMod:Stretching","TheCursedMod:RapidMovement"],"picked":"TheCursedMod:WearCloak","floor":14},{"not_picked":["TheCursedMod:RapidMovement","TheCursedMod:CircleOfCorruption"],"picked":"TheCursedMod:HellsGateOpen","floor":15},{"not_picked":["TheCursedMod:DarkBarrier","TheCursedMod:CollectTribute"],"picked":"TheCursedMod:ParallelWorld","floor":16},{"not_picked":["TheCursedMod:CursedBoomerang+1","TheCursedMod:TacticalStrike"],"picked":"TheCursedMod:BloodBarrier","floor":21},{"not_picked":["TheCursedMod:SpitefulStrike","TheCursedMod:SoulReap"],"picked":"TheCursedMod:TacticalStrike+1","floor":24},{"not_picked":["TheCursedMod:SpitefulPlan+1","TheCursedMod:Obscuration"],"picked":"TheCursedMod:HellfireBreathing+1","floor":25},{"not_picked":["TheCursedMod:CursedStaff","TheCursedMod:AbyssShockwave"],"picked":"TheCursedMod:SpitefulPray","floor":27},{"not_picked":["TheCursedMod:CursedBlade+1","TheCursedMod:CursedAmulet"],"picked":"TheCursedMod:SmokeScreen+1","floor":28},{"not_picked":["TheCursedMod:CircleOfFlame+1","TheCursedMod:SmokeScreen"],"picked":"TheCursedMod:DoubleShield","floor":30},{"not_picked":["TheCursedMod:Stretching","TheCursedMod:CursedMace"],"picked":"TheCursedMod:RapidMovement+1","floor":31},{"not_picked":["TheCursedMod:RavingStaff","TheCursedMod:CursedShiv+1"],"picked":"TheCursedMod:SaltUponWound+1","floor":33}],"player_experience":183947,"relics_obtained":[{"floor":7,"key":"Whetstone"},{"floor":8,"key":"Replay:Bottled Flurry"},{"floor":26,"key":"Lantern"},{"floor":27,"key":"Pear"},{"floor":31,"key":"Pet Ghost"},{"floor":32,"key":"Replay:Bottled Steam"}],"event_choices":[{"damage_healed":0,"gold_gain":0,"player_choice":"Ignored","damage_taken":0,"max_hp_gain":0,"max_hp_loss":0,"event_name":"Vampires","floor":22,"gold_loss":0}],"is_beta":false,"boss_relics":[{"not_picked":["Runic Dome","SacredBark"],"picked":"Snecko Eye"}],"items_purged_floors":[],"is_endless":false,"potions_floor_spawned":[4,10,14,15,24,27,30,33],"killed_by":"Sentry and Sphere","ascension_level":0}}