{"host":"dr5t8qsew5rvjx1s","time":1613121861,"event":{"mods":["100% Spire Juice","Act Like it!","BaseMod","Colored Powertips","Minty Spire (QoL Compilation)","Pale of the Ancients","Railgun Mod","Replay The Spire","StSLib","The Jungle","The Servant 0.9.4","Waifu the Spire"],"gold_per_floor":[119,45,60,124,136,136,161,161,161,161,179,197,244,4,4,99,99,116,116,136,147,102,102,127,127,154,154,154],"floor_reached":27,"language":"ENG","playtime":1684,"items_purged":[],"score":309,"play_id":"5e0d1462-27c3-4e00-afe3-ddd35a6da78e","local_time":"20210212102421","is_ascension_mode":true,"campfire_choices":[{"floor":6.0,"key":"REST"},{"data":"Defy","floor":8.0,"key":"SMITH"},{"data":"Contraction","floor":10.0,"key":"SMITH"},{"floor":15.0,"key":"REST"},{"data":"FlawlessForm","floor":23,"key":"SMITH"},{"floor":25,"key":"REST"}],"circlet_count":0,"master_deck":["Strike_S","Strike_S","Strike_S","Strike_S","Defend_S+1","Defend_S","Defend_S","Defend_S","KidneyShot","Exchange","Ricochet","Snipe","Moonlight","DoubleEdge","Contraction+1","Defy+1","SilverBlades","Rewind+1","Luminosity","SoulSculpture","FlawlessForm+1","Contraction","Rearm","MurderousAura"],"relics":["Uniform","ReplayFunnel","White Beast Statue","Quantum Egg","Oddly Smooth Stone","Replay:Grab Bag","Philosopher\u0027s Stone","MysterySword","Black Star","Blood Vial","War Paint","Art of War"],"acts_visited":["Exordium","TheCity"],"potions_floor_usage":[20,24],"damage_taken":[{"damage":0.0,"enemies":"Jaw Worm","floor":1.0,"turns":5.0},{"damage":14.0,"enemies":"Small Slimes","floor":3.0,"turns":4.0},{"damage":5.0,"enemies":"2 Louse","floor":5.0,"turns":4.0},{"damage":6.0,"enemies":"Replay:BlueRogue","floor":7.0,"turns":6.0},{"damage":0.0,"enemies":"Looter","floor":11.0,"turns":3.0},{"damage":29.0,"enemies":"Exordium Thugs","floor":12.0,"turns":5.0},{"damage":0.0,"enemies":"Hexaghost","floor":16.0,"turns":10.0},{"damage":1.0,"enemies":"Spheric Guardian","floor":18.0,"turns":5.0},{"damage":19,"enemies":"2 Thieves","floor":20,"turns":4},{"damage":0,"enemies":"Centurion and Healer","floor":21,"turns":5},{"damage":42,"enemies":"Gremlin Leader","floor":24,"turns":11},{"damage":25,"enemies":"3 Cultists","floor":27,"turns":5}],"seed_played":"510255733775974942","potions_obtained":[{"floor":4.0,"key":"SmokeBomb"},{"floor":4.0,"key":"Doom Potion"},{"floor":4.0,"key":"SneckoOil"},{"floor":7.0,"key":"Swift Potion"},{"floor":11.0,"key":"LifebloodPotion"},{"floor":12.0,"key":"DistilledChaos"},{"floor":16.0,"key":"LifebloodPotion"},{"floor":20,"key":"PowerPotion"},{"floor":24,"key":"Weak Potion"}],"is_trial":false,"path_per_floor":["M","$","M","?","M","R","E","R","T","R","M","M","T","$","R","B",null,"M","$","M","M","$","R","E","R","T","M"],"character_chosen":"THE_SERVANT","items_purchased":["Snipe","Luminosity","SoulSculpture","Rearm"],"campfire_rested":3,"item_purchase_floors":[2,14,14,22],"current_hp_per_floor":[65,65,51,35,30,49,43,43,43,43,43,14,14,14,33,33,65,64,64,45,45,45,45,3,22,22,0,0],"gold":154,"neow_bonus":"RANDOM_COMMON_RELIC","is_daily":false,"chose_seed":false,"campfire_upgraded":3,"win_rate":0.0,"timestamp":1613121861,"path_taken":["M","$","M","?","M","R","E","R","T","R","M","M","?","?","R","BOSS","M","$","M","M","$","R","E","R","T","M"],"items_purchased_type":["Card","Card","Card","Card"],"build_version":"2020-12-22","purchased_purges":0,"victory":false,"max_hp_per_floor":[65,65,65,65,65,65,65,65,65,65,65,65,65,65,65,65,65,65,65,65,65,65,65,65,65,65,65,65],"card_choices":[{"not_picked":["Potential","Revamp"],"picked":"Ricochet","floor":1.0},{"not_picked":["Defy","Read"],"picked":"Moonlight","floor":3.0},{"not_picked":["Foresight","FastForward"],"picked":"DoubleEdge","floor":4.0},{"not_picked":["Collapse","Starlight"],"picked":"Contraction","floor":5.0},{"not_picked":["StarChef","Alleviate"],"picked":"Defy","floor":7.0},{"not_picked":["Sabotage","Advance"],"picked":"SilverBlades","floor":11.0},{"not_picked":["BottledTime","FanOfKnives"],"picked":"Rewind","floor":12.0},{"not_picked":["Deny","MurderousAura"],"picked":"FlawlessForm","floor":16.0},{"not_picked":["TimeWarp+1","Replace+1","Starlight"],"picked":"SKIP","floor":18},{"not_picked":["Defy+1","Comet"],"picked":"Contraction","floor":20},{"not_picked":["Alleviate+1","Rewind+1","Unruled"],"picked":"SKIP","floor":21},{"not_picked":["Replace","Spin+1"],"picked":"MurderousAura","floor":24}],"player_experience":722430,"relics_obtained":[{"floor":7.0,"key":"White Beast Statue"},{"floor":9.0,"key":"Quantum Egg"},{"floor":13.0,"key":"Oddly Smooth Stone"},{"floor":24,"key":"Blood Vial"},{"floor":24,"key":"War Paint"},{"floor":26,"key":"Art of War"}],"event_choices":[],"is_beta":false,"boss_relics":[{"not_picked":["ChewingGum","Replay:Drink Me"],"picked":"Replay:Grab Bag"},{"not_picked":["Fusion Hammer","ReplayTheSpireMod:DimensionalGlitch"],"picked":"Philosopher\u0027s Stone"},{"not_picked":["Painkiller Herb","ReplayTheSpireMod:Onyx Gauntlets"],"picked":"MysterySword"},{"not_picked":["Ring of Chaos","Pandora\u0027s Box"],"picked":"Black Star"}],"items_purged_floors":[],"is_endless":false,"potions_floor_spawned":[7,11,12,16,18,20,21,24],"killed_by":"3 Cultists","ascension_level":2}}