{"host":"3e3mwsgb9gfqiuxm","time":1613122064,"event":{"mods":["Act Like it!","BaseMod","BetterRewards","Colored Map","Colored Powertips","Downfall","Gensokyo","Hallownest","Hermit","Hubris","Infinite Spire","Jorbs\u0027s Wanderer Trilogy","Koishi","Marisa????????","Minty Spire (QoL Compilation)","Quick Restart","Rare Cards Sparkle","Reimu??????","Remilia??????","Replay The Spire","StSLib","SuperFastMode","Td1madao Mod","The Bug Knight","The Cursed","The Hierophant","The Jungle","The Servant 0.9.4","everything is the same but u backflip on backflip","slay the spire mod where everything is the same but ironclad has a cowboy hat"],"gold_per_floor":[111,111,17,0,0,0,30,30,78,3,56,96,156,192,192,192,192],"floor_reached":16,"language":"ENG","playtime":362,"items_purged":["Strike_MRS"],"score":133,"play_id":"628f46d3-6493-41c0-a089-e034c9e65059","local_time":"20210212042744","is_ascension_mode":true,"campfire_choices":[{"data":"WitchOfGreed","floor":6.0,"key":"SMITH"},{"data":"MasterSpark","floor":8.0,"key":"SMITH"},{"data":"FinalSpark","floor":15,"key":"SMITH"}],"circlet_count":0,"master_deck":["Strike_MRS","Strike_MRS","Defend_MRS","Defend_MRS","Defend_MRS","MasterSpark+1","UpSweep","AsteroidBelt","WitchOfGreed+1","WitchLeyline+1","WitchLeyline+1","SuperPerseids","DoubleSpark","FinalSpark+1","GasGiant"],"relics":["MiniHakkero","hubris:Icosahedron","hubris:TenFootPole","Bag of Preparation","WingedGreaves","Pen Nib","Replay:Bottled Eggs","Garlic"],"acts_visited":["Hallownest:Greenpath"],"potions_floor_usage":[16],"damage_taken":[{"damage":7.0,"enemies":"Hallownest:2_Baldur","floor":1.0,"turns":3.0},{"damage":24.0,"enemies":"Hallownest:eliteCrystalGuardian","floor":7.0,"turns":5.0},{"damage":7.0,"enemies":"Hallownest:eliteVengeflyKing","floor":11.0,"turns":4.0},{"damage":0,"enemies":"2_ Uuma","floor":12,"turns":3},{"damage":1,"enemies":"Hallownest:eliteCrystalGuardian","floor":13,"turns":3},{"damage":1,"enemies":"Hallownest:2_Tiktiks_and_1_Crawlid","floor":14,"turns":4},{"damage":14,"enemies":"Hallownest:BossHornet","floor":16,"turns":3}],"seed_played":"8880017138107971043","potions_obtained":[{"floor":12,"key":"Explosive Potion"},{"floor":12,"key":"Swift Potion"},{"floor":13,"key":"Weak Potion"},{"floor":14,"key":"Explosive Potion"}],"is_trial":false,"path_per_floor":["M","?","$","?","T","R","E","R","T","$","E","M","E","M","R","B"],"character_chosen":"MARISA","items_purchased":["WitchOfGreed","WitchLeyline"],"campfire_rested":0,"item_purchase_floors":[3,3],"current_hp_per_floor":[47,47,47,47,47,47,23,23,23,23,16,16,15,14,14,0,0],"gold":192,"neow_bonus":"REMOVE_TWO","is_daily":false,"chose_seed":false,"campfire_upgraded":3,"win_rate":0.0,"timestamp":1613122064,"path_taken":["M","?","$","?","?","R","E","R","T","$","E","M","E","M","R","BOSS"],"items_purchased_type":["Card","Card"],"build_version":"2020-12-22","purchased_purges":1,"victory":false,"max_hp_per_floor":[75,75,75,75,75,75,75,75,75,75,75,75,75,75,75,75,75],"card_choices":[{"not_picked":["MachineGunSpark","NonDirectionalLaser"],"picked":"AsteroidBelt","floor":1.0},{"not_picked":["6A","AsteroidBelt"],"picked":"WitchLeyline","floor":7.0},{"not_picked":["WitchOfGreed","StarlightTyphoon"],"picked":"SuperPerseids","floor":11},{"not_picked":["NonDirectionalLaser","IllusionStar"],"picked":"DoubleSpark","floor":12},{"not_picked":["WitchOfGreed","Acceleration"],"picked":"FinalSpark","floor":13},{"not_picked":["MagicAbsorber","WitchOfGreed"],"picked":"GasGiant","floor":14}],"player_experience":1371468,"relics_obtained":[{"floor":5.0,"key":"Bag of Preparation"},{"floor":7.0,"key":"WingedGreaves"},{"floor":9.0,"key":"Pen Nib"},{"floor":11,"key":"Replay:Bottled Eggs"},{"floor":13,"key":"Garlic"}],"event_choices":[],"is_beta":false,"boss_relics":[],"items_purged_floors":[10],"is_endless":false,"potions_floor_spawned":[12],"killed_by":"Hallownest:BossHornet","ascension_level":4}}