{"host":"aovbmu76o5toxav1","time":1613167339,"event":{"mods":["BaseMod","Downfall","Minty Spire (QoL Compilation)","StSLib"],"gold_per_floor":[99,114,106,106,125,125,151,167,192,92,109,127,170,184,207,320,320,120,147,169,269,288,288,342,397,429,441,472,502,514,266,286,286,286,286],"floor_reached":33,"language":"ENG","playtime":3822,"items_purged":["Regret"],"score":325,"play_id":"7a15df49-c349-41cc-8776-816e6c8c5a33","local_time":"20210212170219","is_ascension_mode":false,"campfire_choices":[{"data":"hexamod:Float","floor":1.0,"key":"SMITH"},{"floor":6.0,"key":"RECALL"},{"data":"hexamod:HauntingEcho","floor":10.0,"key":"SMITH"},{"data":"hexamod:SoulSteal","floor":18,"key":"SMITH"},{"data":"hexamod:FastForward","floor":27,"key":"SMITH"},{"floor":30,"key":"REST"}],"circlet_count":0,"master_deck":["hexamod:Strike+1","hexamod:Strike+1","hexamod:Defend+1","hexamod:Defend+1","hexamod:Defend+1","hexamod:Sear","hexamod:Float+1","hexamod:PhantomFireball","hexamod:FirstSeal","hexamod:SecondSeal","hexamod:FourthSeal","hexamod:InspiringFlames+1","hexamod:HauntingEcho+1","hexamod:SpectersWail+1","hexamod:NightmareGuise+1","hexamod:SoulSteal+1","hexamod:SixthSeal","hexamod:Incineration+1","hexamod:FastForward+1","J.A.X.+1","hexamod:NightmareGuise","hexamod:HauntingEcho","hexamod:GhostflameBarrier+1","hexamod:TimeWarp+1","hexamod:AdvancingGuard","hexamod:Hexaguard","hexamod:ThirdSeal","hexamod:TimeWarp","hexamod:AdvancingGuard+1"],"relics":["hexamod:SpiritBrand","downfall:HeartBlessingRed","War Paint","Cursed Key","downfall:HeartBlessingGreen","downfall:HeartBlessingBlue","MutagenicStrength","MawBank","Potion Belt"],"acts_visited":["Exordium","TheCity"],"potions_floor_usage":[15,16,16,19,25,29,31,32,33,33,33],"damage_taken":[{"damage":1.0,"enemies":"Jaw Worm","floor":2.0,"turns":3.0},{"damage":4.0,"enemies":"2 Louse","floor":5.0,"turns":3.0},{"damage":3.0,"enemies":"Cultist","floor":8.0,"turns":5.0},{"damage":25.0,"enemies":"Gremlin Gang","floor":9.0,"turns":7.0},{"damage":3.0,"enemies":"3 Louse","floor":11.0,"turns":2.0},{"damage":5,"enemies":"Exordium Thugs","floor":12,"turns":3},{"damage":29,"enemies":"3 Sentries","floor":13,"turns":9},{"damage":0,"enemies":"Blue Slaver","floor":14,"turns":3},{"damage":4,"enemies":"Exordium Thugs","floor":15,"turns":5},{"damage":13,"enemies":"IC_STATUS_ARCHETYPE","floor":16,"turns":9},{"damage":16,"enemies":"3 Byrds","floor":19,"turns":6},{"damage":11,"enemies":"Sentry and Sphere","floor":20,"turns":4},{"damage":17,"enemies":"downfall:Augmenter","floor":21,"turns":5},{"damage":7,"enemies":"Snecko","floor":22,"turns":6},{"damage":1,"enemies":"Book of Stabbing","floor":25,"turns":5},{"damage":20,"enemies":"Centurion and Healer","floor":26,"turns":6},{"damage":1,"enemies":"Snake Plant","floor":28,"turns":4},{"damage":36,"enemies":"3 Cultists","floor":29,"turns":5},{"damage":5,"enemies":"downfall:FleeingMerchant","floor":31,"turns":4},{"damage":11,"enemies":"Cultist and Chosen","floor":32,"turns":6},{"damage":37,"enemies":"SI_MIRROR_ARCHETYPE","floor":33,"turns":7}],"seed_played":"-1505441151625560319","potions_obtained":[{"floor":2.0,"key":"BlessingOfTheForge"},{"floor":5.0,"key":"SpeedPotion"},{"floor":8.0,"key":"Block Potion"},{"floor":9.0,"key":"Dexterity Potion"},{"floor":13,"key":"Guardian:BlockOnCardUsePotion"},{"floor":13,"key":"Block Potion"},{"floor":15,"key":"CultistPotion"},{"floor":16,"key":"Weak Potion"},{"floor":19,"key":"BlessingOfTheForge"},{"floor":19,"key":"SkillPotion"},{"floor":21,"key":"hexamod:InfernoChargePotion"},{"floor":22,"key":"Energy Potion"},{"floor":25,"key":"Slimebound:ThreeZeroPotion"},{"floor":26,"key":"SpeedPotion"},{"floor":28,"key":"Fire Potion"},{"floor":29,"key":"Slimebound:ThreeZeroPotion"},{"floor":32,"key":"Ancient Potion"},{"floor":32,"key":"AttackPotion"}],"is_trial":false,"path_per_floor":["R","M","?","?","M","R","T","M","M","R","M","M","E","M","M","B",null,"R","M","M","?","M","?","T","E","M","R","M","M","R","$","M","B"],"character_chosen":"THE_SPIRIT","items_purchased":["hexamod:ThirdSeal","hexamod:TimeWarp"],"campfire_rested":1,"item_purchase_floors":[31,31],"current_hp_per_floor":[77,76,69,69,72,72,72,69,44,44,41,43,21,28,31,18,77,87,78,74,64,64,47,47,53,40,40,39,10,37,39,35,0,0,0],"gold":286,"neow_bonus":"TEN_PERCENT_HP_BONUS","is_daily":false,"chose_seed":false,"campfire_upgraded":4,"win_rate":0.0,"timestamp":1613167339,"path_taken":["R","M","?","?","M","R","T","M","M","R","?","M","E","?","M","BOSS","R","M","M","?","M","?","T","E","M","R","M","M","R","$","M","BOSS"],"items_purchased_type":["Card","Card"],"build_version":"2020-12-22","purchased_purges":1,"victory":false,"max_hp_per_floor":[77,77,77,77,77,77,77,77,77,77,77,77,77,77,77,77,77,87,87,87,87,87,92,92,92,92,92,92,92,92,92,92,92,92,92],"card_choices":[{"not_picked":["hexamod:SecondSeal","hexamod:Hexaguard"],"picked":"hexamod:PhantomFireball","floor":2.0},{"not_picked":["hexamod:HeatMetal","hexamod:NightmareGuise"],"picked":"hexamod:InspiringFlames","floor":5.0},{"not_picked":["hexamod:NightmareStrike","hexamod:BacktrackSmack"],"picked":"hexamod:HauntingEcho","floor":8.0},{"not_picked":["hexamod:GhostShield","hexamod:BurningTouch"],"picked":"hexamod:SpectersWail","floor":9.0},{"not_picked":["hexamod:SkipABeat","hexamod:SwordOfDarkness"],"picked":"hexamod:NightmareGuise","floor":11.0},{"not_picked":["hexamod:SwordOfDarkness","hexamod:RecurringNightmare","hexamod:RetreatToShadows"],"picked":"SKIP","floor":12},{"not_picked":["hexamod:FourthSeal","hexamod:NightmareGuise"],"picked":"hexamod:SoulSteal","floor":13},{"not_picked":["hexamod:SwordOfDarkness","hexamod:SpectersWail","hexamod:GhostOfSpirePresent"],"picked":"SKIP","floor":14},{"not_picked":["hexamod:SwordOfDarkness","hexamod:CatchUp","hexamod:InspiringFlames"],"picked":"SKIP","floor":15},{"not_picked":["hexamod:TimeWarp","hexamod:WildfireWeapon"],"picked":"hexamod:SixthSeal","floor":16},{"not_picked":["hexamod:HauntingEcho","hexamod:HeatCrush"],"picked":"hexamod:Incineration","floor":19},{"not_picked":["hexamod:SwordOfDarkness","hexamod:ThermalTransfer+1"],"picked":"hexamod:FastForward","floor":20},{"not_picked":[],"picked":"J.A.X.","floor":21},{"not_picked":["hexamod:ShieldOfDarkness","hexamod:FastForward"],"picked":"hexamod:GhostflameBarrier","floor":22},{"not_picked":["hexamod:Firestarter","hexamod:ThermalTransfer"],"picked":"hexamod:TimeWarp","floor":25},{"not_picked":["hexamod:Again+1","hexamod:ExtraCrispy"],"picked":"hexamod:AdvancingGuard","floor":26},{"not_picked":["hexamod:AdvancingGuard+1","hexamod:NightmareStrike+1"],"picked":"hexamod:Hexaguard","floor":28},{"not_picked":["hexamod:HeatCrush","hexamod:SkipABeat","hexamod:GhostflameBarrier"],"picked":"SKIP","floor":29},{"not_picked":["hexamod:AdvancingGuard","hexamod:ParanormalForm","hexamod:Incineration"],"picked":"SKIP","floor":31},{"not_picked":["hexamod:ShieldOfDarkness","hexamod:Haunt"],"picked":"hexamod:AdvancingGuard+1","floor":32},{"not_picked":["hexamod:Firestarter","hexamod:HeatCrush","hexamod:GhostLash"],"picked":"SKIP","floor":32}],"player_experience":124957,"relics_obtained":[{"floor":13,"key":"War Paint"},{"floor":21,"key":"MutagenicStrength"},{"floor":24,"key":"MawBank"},{"floor":25,"key":"Potion Belt"}],"event_choices":[],"is_beta":false,"boss_relics":[{"not_picked":["Sozu","Runic Dome"],"picked":"Cursed Key"}],"items_purged_floors":[31],"is_endless":false,"potions_floor_spawned":[2,5,13,15,19,22,28,32],"killed_by":"SI_MIRROR_ARCHETYPE","ascension_level":0}}