{"host":"g0zlq7spi0ykrc8e","time":1613154495,"event":{"mods":["BaseMod","Colored Powertips","Friendly Minions","Kiyohime（清姬）","Lobotomy","Minty Spire (QoL Compilation)","Nova Terra(诺娃・泰拉)","Prisma Mod","Quick Restart","Remilia（蕾米莉亚）","StSLib","UnlockEverythingMod","WarShipGirlsR/战舰少女R mod","Yakumo Yukari mod"],"gold_per_floor":[118,135,152,171,141,166,179,28,28,42,59,10,25,37,37,132,132,148,164,164,180,180,180,180,180],"floor_reached":24,"language":"ZHS","playtime":1789,"items_purged":["PrismaMod:IllyaCommonAttack"],"score":204,"play_id":"024cbe9e-48f7-4c6b-a81b-b97bcccfad27","local_time":"20210213022815","is_ascension_mode":false,"campfire_choices":[{"data":"PrismaMod:IllyaUncommonDefend","floor":15,"key":"SMITH"},{"data":"PrismaMod:IllyaCommonEvoke","floor":23,"key":"SMITH"}],"circlet_count":0,"master_deck":["PrismaMod:IllyaUncommonAttack","PrismaMod:IllyaUncommonDefend+1","PrismaMod:IllyaBride","PrismaMod:IllyaCheapChannelDefend","PrismaMod:IllyaPoisoningPhantasm","PrismaMod:IllyaSaphire","PrismaMod:IllyaHassanGift","PrismaMod:IllyaDualEvoke","PrismaMod:IllyaStunPoison","PrismaMod:IllyaUncommonAOEAttack","PrismaMod:IllyaHassanGift","PrismaMod:IllyaSaphire","PrismaMod:IllyaBoysLove","PrismaMod:IllyaHassanGift","PrismaMod:IllyaRussianRoulette","PrismaMod:IllyaInstallCaster","PrismaMod:IllyaCheapChannelDefend","PrismaMod:IllyaTestament","PrismaMod:IllyaFeed","PrismaMod:IllyaStunPoison","PrismaMod:IllyaCommonEvoke+1","PrismaMod:IllyaPoisonBlock","PrismaMod:IllyaCarnivalOrbs","PrismaMod:IllyaInstallAvenger","PrismaMod:IllyaDetonatingBlow","PrismaMod:IllyaFriendMaker","PrismaMod:IllyaUberPoisonBlock","PrismaMod:IllyaSaphire"],"relics":["PrismaMod:PrismaRuby","Gremlin Horn","Art of War","Pandora\u0027s Box"],"acts_visited":["Exordium","TheCity"],"potions_floor_usage":[16,18,21,21,24],"damage_taken":[{"damage":2.0,"enemies":"Cultist","floor":1.0,"turns":7.0},{"damage":0.0,"enemies":"2 Louse","floor":2.0,"turns":4.0},{"damage":0.0,"enemies":"Small Slimes","floor":3.0,"turns":4.0},{"damage":2.0,"enemies":"Blue Slaver","floor":4.0,"turns":5.0},{"damage":20.0,"enemies":"Lagavulin","floor":6.0,"turns":10.0},{"damage":8.0,"enemies":"2 Fungi Beasts","floor":7.0,"turns":8.0},{"damage":0,"enemies":"Exordium Wildlife","floor":10,"turns":6},{"damage":10,"enemies":"Gremlin Gang","floor":11,"turns":5},{"damage":2,"enemies":"2 Fungi Beasts","floor":13,"turns":5},{"damage":6,"enemies":"3 Louse","floor":14,"turns":4},{"damage":9,"enemies":"Slime Boss","floor":16,"turns":8},{"damage":19,"enemies":"3 Byrds","floor":18,"turns":4},{"damage":7,"enemies":"2 Thieves","floor":19,"turns":4},{"damage":46,"enemies":"Snake Plant","floor":21,"turns":5},{"damage":74,"enemies":"Slavers","floor":24,"turns":4}],"seed_played":"-938883442586398682","potions_obtained":[{"floor":1.0,"key":"Fruit Juice"},{"floor":4.0,"key":"FearPotion"},{"floor":5.0,"key":"DistilledChaos"},{"floor":5.0,"key":"DuplicationPotion"},{"floor":16,"key":"Block Potion"},{"floor":18,"key":"ColorlessPotion"},{"floor":21,"key":"ColorlessPotion"}],"is_trial":false,"path_per_floor":["M","M","M","M","?","E","M","$","T","M","M","$","M","M","R","B",null,"M","M","?","M","?","R","E"],"character_chosen":"ILLYA","items_purchased":["PrismaMod:IllyaUncommonAOEAttack","PrismaMod:IllyaBoysLove"],"campfire_rested":0,"item_purchase_floors":[8,12],"current_hp_per_floor":[78,78,78,76,76,56,48,48,48,48,38,38,36,30,30,21,80,71,79,64,33,61,61,0,0],"gold":180,"neow_bonus":"THREE_CARDS","is_daily":false,"chose_seed":false,"campfire_upgraded":2,"win_rate":0.0,"timestamp":1613154495,"path_taken":["M","M","M","?","?","E","M","$","T","M","M","$","M","M","R","BOSS","M","?","?","M","?","R","E"],"items_purchased_type":["Card","Card"],"build_version":"2020-12-22","purchased_purges":1,"victory":false,"max_hp_per_floor":[80,80,80,80,80,80,80,80,80,80,80,80,80,80,80,80,80,80,80,85,85,85,85,85,85],"card_choices":[{"not_picked":["PrismaMod:IllyaBerserCAR","PrismaMod:IllyaReinForce"],"picked":"PrismaMod:IllyaBride","floor":0.0},{"not_picked":["PrismaMod:IllyaTestament","PrismaMod:IllyaUncommonAttack"],"picked":"PrismaMod:IllyaCheapChannelDefend","floor":1.0},{"not_picked":["PrismaMod:IllyaUncommonEvoke","PrismaMod:IllyaBerserCAR"],"picked":"PrismaMod:IllyaPoisoningPhantasm","floor":2.0},{"not_picked":["PrismaMod:IllyaGrailKun","PrismaMod:IllyaStunPoison"],"picked":"PrismaMod:IllyaSaphire","floor":3.0},{"not_picked":["PrismaMod:IllyaEvokeAll","PrismaMod:IllyaStunPoison"],"picked":"PrismaMod:IllyaHassanGift","floor":4.0},{"not_picked":["PrismaMod:IllyaFriendMaker","PrismaMod:IllyaMinorRapidFire"],"picked":"PrismaMod:IllyaDualEvoke","floor":6.0},{"not_picked":["PrismaMod:IllyaDevil","PrismaMod:IllyaUberDefendChannel"],"picked":"PrismaMod:IllyaStunPoison","floor":7.0},{"not_picked":["PrismaMod:IllyaPartialInstallAssassin","PrismaMod:IllyaPoisonTippedWeapons"],"picked":"PrismaMod:IllyaHassanGift","floor":10},{"not_picked":["PrismaMod:IllyaRubysPotion","PrismaMod:IllyaInstallBerserker"],"picked":"PrismaMod:IllyaSaphire","floor":11},{"not_picked":["PrismaMod:IllyaPoisonTippedWeapons","PrismaMod:IllyaEvokeAll"],"picked":"PrismaMod:IllyaHassanGift","floor":13},{"not_picked":["PrismaMod:IllyaCommonEvoke","PrismaMod:IllyaStunPoison"],"picked":"PrismaMod:IllyaRussianRoulette","floor":14},{"not_picked":["PrismaMod:IllyaInstallSaber","PrismaMod:IllyaInstallRuler"],"picked":"PrismaMod:IllyaInstallCaster","floor":16},{"not_picked":["PrismaMod:IllyaRubysPotion","PrismaMod:IllyaCheapChannelAttack"],"picked":"PrismaMod:IllyaFriendMaker","floor":18},{"not_picked":["PrismaMod:IllyaUncommonAttack","PrismaMod:IllyaFriendMaker+1"],"picked":"PrismaMod:IllyaUberPoisonBlock","floor":19},{"not_picked":["PrismaMod:IllyaRapidFire","PrismaMod:IllyaAssassinRevenge"],"picked":"PrismaMod:IllyaSaphire","floor":21}],"player_experience":140678,"relics_obtained":[{"floor":6.0,"key":"Gremlin Horn"},{"floor":9.0,"key":"Art of War"}],"event_choices":[{"damage_healed":0.0,"max_hp_gain":0.0,"max_hp_loss":0.0,"gold_gain":0.0,"event_name":"The Woman in Blue","player_choice":"Bought 2 Potions","floor":5.0,"gold_loss":0.0,"damage_taken":0.0},{"damage_healed":0,"gold_gain":0,"player_choice":"Shed Blood","damage_taken":20,"max_hp_gain":5,"max_hp_loss":0,"event_name":"Forgotten Altar","floor":20,"gold_loss":0},{"damage_healed":28,"gold_gain":0,"player_choice":"Heal","damage_taken":0,"max_hp_gain":0,"max_hp_loss":0,"event_name":"The Library","floor":22,"gold_loss":0}],"is_beta":false,"boss_relics":[{"not_picked":["Runic Pyramid","Empty Cage"],"picked":"Pandora\u0027s Box"}],"items_purged_floors":[8],"is_endless":false,"potions_floor_spawned":[1,4,6,16,18,21],"killed_by":"Slavers","ascension_level":0}}