{"host":"avq773cl9g5msfol","time":1613101794,"event":{"mods":["100% Spire Juice","AchievementEnabler","Act Like it!","Ascension Unlocker","Aspiration","Astrologer","Bard","Bartender","BaseMod","Better Altar","Better Third Choice","BetterRewards","CapriCore","ChefMod","Colored Map","Colored Powertips","Conspire","Dio Mod","Downfall","Elementarium","Energized Spire","Gensokyo","GifTheSpireLib","Hallownest","Hermit","Highlight Path","Hubris","Humility","Infinite Spire","Jorbs\u0027s Wanderer Trilogy","Koishi","Magitek Elite","Marisa????????","Marked Mod","Menagerie","Minty Spire (QoL Compilation)","Pale of the Ancients","Potionbrewer","Quarter Circle Forward PUNCH!","Rare Cards Sparkle","Reimu??????","Relic Stats","Reliquary","Remilia??????","Replay The Spire","Robot Space Explorer","SacredBarkPlus","Shade Mod","Somnambulant","Spicy Shops","Spire Arcade","StSLib","The Blue Laboratory","The Bug Knight","The Construct","The Cursed","The Disciple","The Dragon Tamer","The Exalted","The Hayseed","The Hierophant","The Hydrologist","The Immortal","The Marked","The Mystic","The Problem Sleuth","The Runesmith","The Senshi","The Vixen","The Wild Card","TheFirefly","Wandering Minibosses","Wide Potions","vexMod"],"gold_per_floor":[111,111,111,128,128,160,171,171,171,188,203,233,233,258,258,331,331,351,246,262,262,262,290,290,322,347,361,361,361,361,106,118,136,136,215,215,458,912,991,686,686,686,756,756,756,830,830,902,989,1070,1070,1070,1070],"floor_reached":54,"language":"ENG","playtime":3036,"items_purged":["Perfected Strike+1","Massacre+1","Injury","Armaments"],"score":2775,"play_id":"d52a5925-17fc-4c0d-aefb-a86b4030bf5a","local_time":"20210212104954","is_ascension_mode":true,"campfire_choices":[{"data":"Shrug It Off","floor":13,"key":"SMITH"},{"data":"Warcry","floor":13,"key":"SMITH"},{"data":"Hemokinesis","floor":15,"key":"SMITH"},{"data":"Bash","floor":15,"key":"SMITH"},{"data":"Flame Barrier","floor":24,"key":"SMITH"},{"data":"Clothesline","floor":34,"key":"SMITH"},{"data":"Gensokyo:LochNessMonster","floor":42,"key":"SMITH"},{"data":"Seeing Red","floor":42,"key":"SMITH"},{"data":"ReplayTheSpireMod:Stacked","floor":51,"key":"SMITH"}],"circlet_count":0,"master_deck":["AscendersBane","Bash+1","Fiend Fire+1","Thunderclap+1","Berserk+1","Heavy Blade+1","Offering+1","Cleave+1","Feel No Pain+1","Iron Wave+1","Power Through+1","Inflame+1","ReplayTheSpireMod:Muscle Training+1","ReplayTheSpireMod:Muscle Training+1","True Grit+1","Armaments+1","Bloodletting+1","Rupture+1","Trip+1","Pommel Strike+1","Double Tap+1","Uppercut+1","hubris:EnhanceAbility+1","ReplayTheSpireMod:LeadingStrike+1","Warcry+1","Wild Strike+1","Shrug It Off+1","Hemokinesis+1","Berserk+1","Spot Weakness+1","infinitespire:TheBestDefense+1","Flame Barrier+1","Eclipse+1","Metallicize+1","Clothesline+1","Barricade+1","Seeing Red+1","Gensokyo:SevenSchoolMysteries+1","Gensokyo:LochNessMonster+1","Demonic Infusion+1","ReplayTheSpireMod:Stacked+1"],"relics":["Burning Blood","Golden Egg","Quantum Egg","OrangePellets","White_Cape","Another Sword","reliquary:Tamtam","reliquary:Crutches","potionbrewer:Keyblade","Replay:Arrowhead","ClockworkSouvenir","Charon\u0027s Ashes","Lizard Tail","hubris:FunFungus","Ancient Tea Set","Frozen Egg 2","potionbrewer:RamsHorn","qcfpunch:Broken_Tusk","Silver_Glasses","aspiration:RunicSpoon","Unceasing Top","vexMod:Dragonfruit","Regal Pillow","King of Hearts","infinitespire:EvilPickle","Busted Crown","wanderingMiniBosses:LockLocket","Medical Kit","TentaclePot:ReiMu","Gensokyo:TheCrow","reliquary:PrincelyHelmet","Garlic","reliquary:Stiletto","Bag of Preparation"],"acts_visited":["Menagerie:Menagerie","TheCity","Gensokyo:Gensokyoest"],"potions_floor_usage":[24,38,38,38,38,43],"damage_taken":[{"damage":8,"enemies":"Menagerie:WhisperingWraith","floor":1,"turns":3},{"damage":0,"enemies":"Menagerie:StygianBoar","floor":4,"turns":2},{"damage":6,"enemies":"Menagerie:Hydra","floor":6,"turns":2},{"damage":5,"enemies":"Menagerie:2_RABBITS","floor":7,"turns":1},{"damage":10,"enemies":"Menagerie:Hexasnake","floor":10,"turns":2},{"damage":6,"enemies":"Menagerie:RedMage","floor":11,"turns":1},{"damage":12,"enemies":"Menagerie:VoidReaper","floor":12,"turns":2},{"damage":0,"enemies":"Menagerie:Hydra","floor":14,"turns":3},{"damage":31,"enemies":"Menagerie:Suneater","floor":16,"turns":4},{"damage":9,"enemies":"Shell Parasite","floor":18,"turns":2},{"damage":8,"enemies":"2 Thieves","floor":20,"turns":2},{"damage":3,"enemies":"Slavers","floor":23,"turns":2},{"damage":3,"enemies":"conspire:SneckoGhost","floor":25,"turns":2},{"damage":0,"enemies":"Snecko","floor":27,"turns":2},{"damage":1,"enemies":"Centurion and Healer","floor":32,"turns":2},{"damage":0,"enemies":"Chosen and Byrds","floor":33,"turns":2},{"damage":19,"enemies":"Pondfish","floor":35,"turns":4},{"damage":7,"enemies":"Gensokyo:3_Bats","floor":37,"turns":1},{"damage":17,"enemies":"Gensokyo:3_Boulders","floor":38,"turns":5},{"damage":8,"enemies":"Gensokyo:Sharpion","floor":39,"turns":2},{"damage":3,"enemies":"Gensokyo:Doremy","floor":43,"turns":1},{"damage":12,"enemies":"Gensokyo:Kasen","floor":46,"turns":1},{"damage":2,"enemies":"Gensokyo:Dusk_and_Dawn","floor":48,"turns":3},{"damage":2,"enemies":"Gensokyo:Marisa","floor":49,"turns":3},{"damage":1,"enemies":"Gensokyo:3_Boulders","floor":50,"turns":3},{"damage":0,"enemies":"Gensokyo:Scarlet_Devils","floor":52,"turns":3},{"damage":21,"enemies":"Gensokyo:Shinki","floor":53,"turns":5}],"seed_played":"5709883431214517625","potions_obtained":[{"floor":33,"key":"sneckomod:MuddlingPotion"},{"floor":46,"key":"AttackPotion"},{"floor":50,"key":"blueLaboratory:HorrorPotion"}],"is_trial":false,"path_per_floor":["M","?","?","M","?","E","M","?","T","M","M","E","R","E","R","B",null,"M","$","M","AVR","?","E","R","E","T","M","PTL","PTL","?","$","M","M","R","B",null,"M","M","M","COS","?","R","E","?","T","E","?","M","E","M","R","B","B",null],"character_chosen":"IRONCLAD","items_purchased":["OrangePellets","White_Cape","Feel No Pain","Iron Wave","Power Through+1","Massacre","Inflame","ReplayTheSpireMod:Muscle Training","Another Sword","True Grit","Armaments","Bloodletting","Rupture","reliquary:Tamtam","Trip","reliquary:Crutches","blueLaboratory:SmithPotion","potionbrewer:Keyblade","Pommel Strike","Double Tap","Replay:Arrowhead","ClockworkSouvenir","Charon\u0027s Ashes","Uppercut","Lizard Tail","hubris:FunFungus","qcfpunch:Challenger_Coin","hubris:EnhanceAbility","Spot Weakness","Metallicize+1","King of Hearts"],"campfire_rested":0,"item_purchase_floors":[0,0,0,0,0,0,0,0,0,0,0,0,0,0,0,0,0,0,0,0,0,0,0,0,0,0,0,0,19,31,31],"current_hp_per_floor":[67,67,71,75,75,75,75,75,75,73,73,67,67,73,73,49,69,66,66,64,64,54,73,73,76,76,80,80,80,80,80,80,80,80,73,78,77,78,80,80,80,80,80,80,80,74,78,80,80,80,80,80,68],"gold":1070,"neow_bonus":"","is_daily":false,"chose_seed":false,"campfire_upgraded":9,"win_rate":0.0,"timestamp":1613101794,"path_taken":["M","?","?","?","?","E","M","?","T","M","M","E","R","E","R","BOSS","M","$","M","AVR","?","E","R","E","T","M","PTL","PTL","?","$","M","?","R","BOSS","M","M","M","COS","?","R","E","?","T","E","?","M","E","M","R","BOSS","BOSS"],"items_purchased_type":["Relic","Relic","Card","Card","Card","Card","Card","Card","Relic","Card","Card","Card","Card","Relic","Card","Relic","Potion","Relic","Card","Card","Relic","Relic","Relic","Card","Relic","Relic","Potion","Card","Card","Card","Relic"],"build_version":"2020-12-22","purchased_purges":4,"victory":true,"max_hp_per_floor":[75,75,75,75,75,75,75,75,75,75,75,75,75,75,75,75,75,75,75,75,75,75,80,80,80,80,80,80,80,80,80,80,80,80,80,80,80,80,80,80,80,80,80,80,80,80,80,80,80,80,80,80,80],"relic_stats":{"OrangePellets":[12],"Lizard Tail":0,"Regal Pillow":0,"Busted Crown":40,"counters":[108,366],"aspiration:RunicSpoon":[83],"Charon\u0027s Ashes":[438],"Bag of Preparation":[6],"Medical Kit":[0],"obtain_stats":[{"theSenshi:CutieMoonRodRelic":0,"Golden Egg":1,"infinitespire:BottledMercury":30,"downfall:HeartBlessingGreen":27,"TheSimpletonMod:WoodChipper":28,"wanderingMiniBosses:OtherGremlinHorn":2,"reliquary:Tamtam":0,"Ring of Searing":2,"Ribbon":0,"MealTicket":2,"hubris:MobiusCoin":2,"DemoMod:OrangeGuonStone":44,"Gensokyo:TheCrow":41,"TentaclePot:ReiMu":40,"hubris:SphereOfDissonance":0,"HollowMod:JonisBlessing":0,"infinitespire:EvilPickle":35,"SlaversCollar":17,"theSenshi:TransformationBroochRelic":0,"qcfpunch:Broken_Tusk":14,"Pandora\u0027s Box":10,"aspiration:SilentSkillbook":34,"Unceasing Top":21,"Bromod:ArcaneFury":28,"Regal Pillow":29,"King of Hearts":31,"Bag of Preparation":49,"hubris:EmptyBottle":12,"theSenshi:ChokerRelic":0,"Power_Wrist":29,"White_Cape":0,"Ancient Tea Set":6,"hubris:EvacipatedBox":1,"Burning Blood":0,"Cleaning_Rag":41,"Replay:Rubber Ducky":0,"Silver_Glasses":17,"hubris:FunFungus":0,"wanderingMiniBosses:LockLocket":38,"Potion Belt":10,"downfall:HeartBlessingRed":27,"qcfpunch:Black_Training_Shirt":8,"Ring of Greed":2,"hubris:Towel":46,"Frozen Egg 2":8,"Replay:Arrowhead":10,"reliquary:Crutches":0,"Busted Crown":36,"reliquary:Ember":34,"Garlic":45,"potionbrewer:BottledElixir":25,"Toy Ornithopter":28,"hubris:BottledRain":40,"DemoMod:GlassGuonStoneRelic":8,"sneckomod:SneckoSoul":0,"RedLine:ReiMu":34,"potionbrewer:RamsHorn":12,"Lizard Tail":0,"HornCleat":0,"DemoMod:MonsterBlood":47,"theSenshi:RoseRelic":0,"Prayer Wheel":1,"DemoMod:ClearGuonStone":0,"conspire:Dentures":0,"Dead Branch":3,"Charon\u0027s Ashes":0,"Replay:Kaleidoscope":52,"War Paint":15,"potionbrewer:ToyAutogyro":0,"Question Card":1,"OrangePellets":53,"Replay:Baseball":25,"Onion Ring":24,"infinitespire:EmpoweringShard":23,"reliquary:WritOfMandamus":17,"aspiration:HatOfInfinitePower":23,"theSenshi:CosmicHeartCompactRelic":0,"Darkstone Periapt":6,"Hallownest:StagBellRelic1":20,"reliquary:PrincelyHelmet":43,"Juzu Bracelet":0,"ClockworkSouvenir":0,"Frozen Eye":8,"Mummified Hand":21,"downfall:HeartBlessingBlue":27,"Slimebound:StickyStick":0,"Genji_Glove":0,"TheVixenMod:UmbreonRelic":42,"DemoMod:JetPack":43,"Replay:Towering Pillar of Hats":43,"aspiration:FetidBarrel":23,"Quantum Egg":1,"aspiration:RunicSpoon":21,"vexMod:FocusSash":21,"Orichalcum":48,"Medical Kit":40,"vexMod:Dragonfruit":23,"Anchor":12,"wanderingMiniBosses:CarrionFlame":18,"ChewingGum":17,"Another Sword":0,"reliquary:Stiletto":46,"Bag of Marbles":38,"Membership Card":0,"potionbrewer:Keyblade":0,"hubris:Potato":8,"RuthlessExorcism:ReiMu":0},{"theSenshi:CutieMoonRodRelic":52,"Golden Egg":0,"infinitespire:BottledMercury":71,"downfall:HeartBlessingGreen":15,"TheSimpletonMod:WoodChipper":69,"wanderingMiniBosses:OtherGremlinHorn":1,"reliquary:Tamtam":81,"Ring of Searing":31,"Ribbon":30,"MealTicket":31,"hubris:MobiusCoin":31,"DemoMod:OrangeGuonStone":48,"Gensokyo:TheCrow":76,"TentaclePot:ReiMu":101,"hubris:SphereOfDissonance":52,"HollowMod:JonisBlessing":52,"infinitespire:EvilPickle":98,"SlaversCollar":38,"theSenshi:TransformationBroochRelic":30,"qcfpunch:Broken_Tusk":89,"Pandora\u0027s Box":5,"aspiration:SilentSkillbook":20,"Unceasing Top":92,"Bromod:ArcaneFury":43,"Regal Pillow":17,"King of Hearts":95,"Bag of Preparation":105,"hubris:EmptyBottle":7,"theSenshi:ChokerRelic":52,"Power_Wrist":17,"White_Cape":52,"Ancient Tea Set":84,"hubris:EvacipatedBox":0,"Burning Blood":81,"Cleaning_Rag":23,"Replay:Rubber Ducky":52,"Silver_Glasses":90,"hubris:FunFungus":81,"wanderingMiniBosses:LockLocket":100,"Potion Belt":5,"downfall:HeartBlessingRed":15,"qcfpunch:Black_Training_Shirt":4,"Ring of Greed":31,"hubris:Towel":25,"Frozen Egg 2":85,"Replay:Arrowhead":5,"reliquary:Crutches":81,"Busted Crown":98,"reliquary:Ember":73,"Garlic":102,"potionbrewer:BottledElixir":15,"Toy Ornithopter":16,"hubris:BottledRain":76,"DemoMod:GlassGuonStoneRelic":4,"sneckomod:SneckoSoul":0,"RedLine:ReiMu":44,"potionbrewer:RamsHorn":88,"Lizard Tail":81,"HornCleat":30,"DemoMod:MonsterBlood":25,"theSenshi:RoseRelic":30,"Prayer Wheel":0,"DemoMod:ClearGuonStone":30,"conspire:Dentures":30,"Dead Branch":2,"Charon\u0027s Ashes":81,"Replay:Kaleidoscope":29,"War Paint":9,"potionbrewer:ToyAutogyro":30,"Question Card":0,"OrangePellets":29,"Replay:Baseball":67,"Onion Ring":14,"infinitespire:EmpoweringShard":14,"reliquary:WritOfMandamus":62,"aspiration:HatOfInfinitePower":66,"theSenshi:CosmicHeartCompactRelic":30,"Darkstone Periapt":34,"Hallownest:StagBellRelic1":39,"reliquary:PrincelyHelmet":102,"Juzu Bracelet":30,"ClockworkSouvenir":30,"Frozen Eye":4,"Mummified Hand":12,"downfall:HeartBlessingBlue":15,"Slimebound:StickyStick":52,"Genji_Glove":30,"TheVixenMod:UmbreonRelic":23,"DemoMod:JetPack":47,"Replay:Towering Pillar of Hats":24,"aspiration:FetidBarrel":42,"Quantum Egg":0,"aspiration:RunicSpoon":92,"vexMod:FocusSash":12,"Orichalcum":26,"Medical Kit":101,"vexMod:Dragonfruit":93,"Anchor":36,"wanderingMiniBosses:CarrionFlame":39,"ChewingGum":10,"Another Sword":81,"reliquary:Stiletto":103,"Bag of Marbles":22,"Membership Card":30,"potionbrewer:Keyblade":81,"hubris:Potato":35,"RuthlessExorcism:ReiMu":52},{"theSenshi:CutieMoonRodRelic":211,"Golden Egg":0,"infinitespire:BottledMercury":268,"downfall:HeartBlessingGreen":39,"TheSimpletonMod:WoodChipper":264,"wanderingMiniBosses:OtherGremlinHorn":2,"reliquary:Tamtam":302,"Ring of Searing":114,"Ribbon":112,"MealTicket":114,"hubris:MobiusCoin":114,"DemoMod:OrangeGuonStone":195,"Gensokyo:TheCrow":286,"TentaclePot:ReiMu":348,"hubris:SphereOfDissonance":211,"HollowMod:JonisBlessing":211,"infinitespire:EvilPickle":340,"SlaversCollar":143,"theSenshi:TransformationBroochRelic":112,"qcfpunch:Broken_Tusk":318,"Pandora\u0027s Box":12,"aspiration:SilentSkillbook":72,"Unceasing Top":326,"Bromod:ArcaneFury":171,"Regal Pillow":43,"King of Hearts":332,"Bag of Preparation":355,"hubris:EmptyBottle":19,"theSenshi:ChokerRelic":211,"Power_Wrist":43,"White_Cape":211,"Ancient Tea Set":309,"hubris:EvacipatedBox":0,"Burning Blood":302,"Cleaning_Rag":76,"Replay:Rubber Ducky":211,"Silver_Glasses":322,"hubris:FunFungus":302,"wanderingMiniBosses:LockLocket":346,"Potion Belt":12,"downfall:HeartBlessingRed":39,"qcfpunch:Black_Training_Shirt":8,"Ring of Greed":114,"hubris:Towel":81,"Frozen Egg 2":310,"Replay:Arrowhead":12,"reliquary:Crutches":302,"Busted Crown":340,"reliquary:Ember":278,"Garlic":349,"potionbrewer:BottledElixir":39,"Toy Ornithopter":42,"hubris:BottledRain":286,"DemoMod:GlassGuonStoneRelic":8,"sneckomod:SneckoSoul":0,"RedLine:ReiMu":174,"potionbrewer:RamsHorn":315,"Lizard Tail":302,"HornCleat":112,"DemoMod:MonsterBlood":81,"theSenshi:RoseRelic":112,"Prayer Wheel":0,"DemoMod:ClearGuonStone":112,"conspire:Dentures":112,"Dead Branch":3,"Charon\u0027s Ashes":302,"Replay:Kaleidoscope":99,"War Paint":24,"potionbrewer:ToyAutogyro":112,"Question Card":0,"OrangePellets":99,"Replay:Baseball":255,"Onion Ring":37,"infinitespire:EmpoweringShard":37,"reliquary:WritOfMandamus":243,"aspiration:HatOfInfinitePower":252,"theSenshi:CosmicHeartCompactRelic":112,"Darkstone Periapt":122,"Hallownest:StagBellRelic1":148,"reliquary:PrincelyHelmet":349,"Juzu Bracelet":112,"ClockworkSouvenir":112,"Frozen Eye":7,"Mummified Hand":32,"downfall:HeartBlessingBlue":39,"Slimebound:StickyStick":211,"Genji_Glove":112,"TheVixenMod:UmbreonRelic":76,"DemoMod:JetPack":191,"Replay:Towering Pillar of Hats":78,"aspiration:FetidBarrel":161,"Quantum Egg":0,"aspiration:RunicSpoon":326,"vexMod:FocusSash":32,"Orichalcum":87,"Medical Kit":348,"vexMod:Dragonfruit":328,"Anchor":135,"wanderingMiniBosses:CarrionFlame":148,"ChewingGum":26,"Another Sword":302,"reliquary:Stiletto":350,"Bag of Marbles":74,"Membership Card":112,"potionbrewer:Keyblade":302,"hubris:Potato":126,"RuthlessExorcism:ReiMu":211}],"Burning Blood":112,"Unceasing Top":[12]},"card_choices":[{"not_picked":["Iron Wave","Burning Pact"],"picked":"ReplayTheSpireMod:LeadingStrike","floor":1},{"not_picked":["Anger","Fire Breathing","Iron Wave"],"picked":"SKIP","floor":4},{"not_picked":["Havoc","Hemogenesis"],"picked":"Warcry","floor":6},{"not_picked":["hubris:SharpeningStone","hubris:CleavingFinish"],"picked":"Wild Strike","floor":7},{"not_picked":["Flex","Reckless Charge","Whirlwind"],"picked":"SKIP","floor":10},{"not_picked":["ReplayTheSpireMod:Strike From Hell","conspire:Charge"],"picked":"Shrug It Off","floor":11},{"not_picked":["conspire:Charge","Anger","conspire:HitWhereItHurts"],"picked":"SKIP","floor":12},{"not_picked":["Disarm","Sentinel"],"picked":"Hemokinesis","floor":14},{"not_picked":["Hemogenesis","Demonic Infusion"],"picked":"Berserk+1","floor":16},{"not_picked":["Thunderclap","Heavy Blade","Sword Boomerang"],"picked":"SKIP","floor":18},{"not_picked":["Clash","Spot Weakness+1","ReplayTheSpireMod:LeadingStrike"],"picked":"SKIP","floor":20},{"not_picked":["Evolve+1","Battle Trance"],"picked":"Flame Barrier","floor":23},{"not_picked":["Battle Trance","Rupture+1","Run Through"],"picked":"SKIP","floor":25},{"not_picked":["Clothesline+1","Thunderclap"],"picked":"Eclipse","floor":27},{"not_picked":["Warcry","Anger"],"picked":"Clothesline","floor":32},{"not_picked":["ReplayTheSpireMod:LeadingStrike","conspire:ExplosiveBarrier","hubris:CleavingFinish"],"picked":"SKIP","floor":33},{"not_picked":["Replay:Many Hands","Demonic Infusion"],"picked":"Barricade+1","floor":35},{"not_picked":["Searing Blow+1"],"picked":"SKIP","floor":37},{"not_picked":["Warcry"],"picked":"SKIP","floor":38},{"not_picked":[],"picked":"Seeing Red","floor":39},{"not_picked":["Evolve+1"],"picked":"SKIP","floor":43},{"not_picked":[],"picked":"ReplayTheSpireMod:Stacked","floor":46},{"not_picked":["Thunderclap+1"],"picked":"SKIP","floor":48},{"not_picked":["Searing Blow"],"picked":"SKIP","floor":49},{"not_picked":["Clash+1"],"picked":"SKIP","floor":50}],"player_experience":1431908,"relics_obtained":[{"floor":6,"key":"Ancient Tea Set"},{"floor":12,"key":"potionbrewer:RamsHorn"},{"floor":14,"key":"qcfpunch:Broken_Tusk"},{"floor":23,"key":"vexMod:Dragonfruit"},{"floor":26,"key":"Regal Pillow"},{"floor":38,"key":"wanderingMiniBosses:LockLocket"},{"floor":43,"key":"reliquary:PrincelyHelmet"},{"floor":45,"key":"Garlic"},{"floor":46,"key":"reliquary:Stiletto"},{"floor":49,"key":"Bag of Preparation"}],"event_choices":[{"damage_healed":0,"gold_gain":0,"player_choice":"Forge","damage_taken":0,"max_hp_gain":0,"max_hp_loss":0,"event_name":"Accursed Blacksmith","floor":2,"gold_loss":0,"cards_upgraded":["ReplayTheSpireMod:LeadingStrike"]},{"damage_healed":0,"gold_gain":0,"player_choice":"Lion","damage_taken":0,"relics_obtained":["Frozen Egg 2"],"max_hp_gain":0,"max_hp_loss":0,"event_name":"Menagerie:ThreeAnimals","floor":8,"gold_loss":0,"cards_obtained":["Injury"]},{"damage_healed":0,"gold_gain":0,"cards_transformed":["Second Wind"],"player_choice":"Transformed","damage_taken":0,"max_hp_gain":0,"max_hp_loss":0,"event_name":"Transmorgrifier","floor":30,"gold_loss":0,"cards_obtained":["Armaments"]}],"is_beta":false,"boss_relics":[{"not_picked":["infinitespire:Burning Sword","vexMod:BigBerry"],"picked":"Silver_Glasses"},{"not_picked":["Pandora\u0027s Box","conspire:SeveredTorchhead"],"picked":"Busted Crown"}],"items_purged_floors":[0,0,19,31],"is_endless":false,"potions_floor_spawned":[11,12,16,20,25,33,35,43,46,49,50],"ascension_level":20,"is_humility":true}}