{"host":"yqw1zpryoutrnocq","time":1613151982,"event":{"mods":["2.2 Compatiblity","AchievementEnabler","BaseMod","Colored Map","Custom Start","DeckTracker","Minty Spire (QoL Compilation)","StSLib","SuperFastMode"],"gold_per_floor":[112,66,241,255,255,287,287,317,317,4,4,18,31,45,45,144,144,163,145,9,21,32,32,32,32],"floor_reached":24,"language":"KOR","playtime":616,"items_purged":["Strike_B"],"score":338,"play_id":"1b3803d9-d09d-48cc-adc0-75bdc885df9f","local_time":"20210212114622","is_ascension_mode":true,"campfire_choices":[{"data":"Zap","floor":7,"key":"SMITH"},{"data":"Rainbow","floor":11,"key":"SMITH"},{"data":"Genetic Algorithm","floor":15,"key":"SMITH"},{"data":"Seek","floor":23,"key":"SMITH"}],"circlet_count":0,"master_deck":["Strike_B","Strike_B","Defend_B","Defend_B","Defend_B","Defend_B","Zap+1","Dualcast","Coolheaded","Coolheaded","Doubt","Genetic Algorithm+1","Cold Snap","Lockon","Rainbow+1","Redo","Loop+1","Seek+1","Hologram+1","BootSequence+1","Self Repair+1","Storm+1","Self Repair+1","Capacitor+1","Hello World+1"],"relics":["Cracked Core","NeowsBlessing","Singing Bowl","The Courier","Frozen Egg 2","Membership Card","Ancient Tea Set","Tiny Chest","Black Star"],"acts_visited":["Exordium","TheCity"],"potions_floor_usage":[8,16,16,21,24,24],"damage_taken":[{"damage":0.0,"enemies":"Cultist","floor":1.0,"turns":1.0},{"damage":0.0,"enemies":"Jaw Worm","floor":4.0,"turns":1.0},{"damage":0,"enemies":"Gremlin Nob","floor":6,"turns":1},{"damage":20,"enemies":"3 Sentries","floor":8,"turns":7},{"damage":5,"enemies":"2 Louse","floor":12,"turns":2},{"damage":10,"enemies":"Exordium Wildlife","floor":13,"turns":4},{"damage":9,"enemies":"3 Louse","floor":14,"turns":3},{"damage":37,"enemies":"Slime Boss","floor":16,"turns":8},{"damage":5,"enemies":"Chosen","floor":18,"turns":5},{"damage":22,"enemies":"2 Thieves","floor":19,"turns":4},{"damage":12,"enemies":"Centurion and Healer","floor":21,"turns":9},{"damage":27,"enemies":"Snake Plant","floor":22,"turns":4},{"damage":57,"enemies":"Book of Stabbing","floor":24,"turns":5}],"seed_played":"1018475149019343917","potions_obtained":[{"floor":4.0,"key":"PowerPotion"},{"floor":6,"key":"FairyPotion"},{"floor":8,"key":"Explosive Potion"},{"floor":13,"key":"DistilledChaos"},{"floor":19,"key":"Regen Potion"},{"floor":21,"key":"GamblersBrew"},{"floor":22,"key":"ColorlessPotion"}],"is_trial":false,"path_per_floor":["M","$","?","M","?","E","R","E","T","$","R","M","M","M","R","B",null,"M","M","$","M","M","R","E"],"character_chosen":"DEFECT","items_purchased":["Coolheaded","Membership Card","Rainbow","Ancient Tea Set","Tiny Chest","Self Repair+1","Storm+1","Self Repair+1","Capacitor+1","Hello World+1"],"campfire_rested":0,"item_purchase_floors":[2,10,10,10,10,20,20,20,20,20],"current_hp_per_floor":[68,68,68,68,68,68,68,50,50,50,50,45,37,28,28,14,63,58,36,36,61,56,56,0,0],"gold":32,"neow_bonus":"THREE_ENEMY_KILL","is_daily":false,"chose_seed":false,"campfire_upgraded":4,"win_rate":0.0,"timestamp":1613151982,"path_taken":["M","$","?","M","?","E","R","E","T","$","R","M","M","M","R","BOSS","M","M","$","M","M","R","E"],"items_purchased_type":["Card","Relic","Card","Relic","Relic","Card","Card","Card","Card","Card"],"build_version":"2020-12-22","purchased_purges":1,"victory":false,"max_hp_per_floor":[75,75,75,75,75,75,75,77,77,77,77,77,79,79,79,79,79,79,79,79,81,83,83,83,83],"card_choices":[{"not_picked":["Leap","Rebound"],"picked":"Coolheaded","floor":1.0},{"not_picked":["Rip and Tear","Double Energy"],"picked":"Genetic Algorithm","floor":4.0},{"not_picked":["Gash","Ball Lightning"],"picked":"Lockon","floor":6},{"not_picked":["Cold Snap","Chaos","Turbo"],"picked":"Singing Bowl","floor":8},{"not_picked":["Cold Snap","Heatsinks+1"],"picked":"Redo","floor":12},{"not_picked":["Streamline","White Noise","Genetic Algorithm"],"picked":"Singing Bowl","floor":13},{"not_picked":["Force Field","Hologram"],"picked":"Loop+1","floor":14},{"not_picked":["Meteor Strike","Thunder Strike"],"picked":"Seek","floor":16},{"not_picked":["Go for the Eyes","Turbo"],"picked":"Hologram+1","floor":18},{"not_picked":["Reprogram+1","Redo+1"],"picked":"BootSequence+1","floor":19},{"not_picked":["Reprogram","Chill","Redo+1"],"picked":"Singing Bowl","floor":21},{"not_picked":["Redo","Darkness","Rebound"],"picked":"Singing Bowl","floor":22}],"player_experience":332278,"relics_obtained":[{"floor":6,"key":"Singing Bowl"},{"floor":8,"key":"The Courier"},{"floor":9,"key":"Frozen Egg 2"}],"event_choices":[{"damage_healed":0.0,"max_hp_gain":0.0,"max_hp_loss":0.0,"gold_gain":175.0,"event_name":"Liars Game","player_choice":"AGREE","floor":3.0,"gold_loss":0.0,"damage_taken":0.0,"cards_obtained":["Doubt"]},{"damage_healed":0,"gold_gain":0,"cards_transformed":["Strike_B"],"player_choice":"Transformed","damage_taken":0,"max_hp_gain":0,"max_hp_loss":0,"event_name":"Transmorgrifier","floor":5,"gold_loss":0,"cards_obtained":["Cold Snap"]}],"is_beta":false,"boss_relics":[{"not_picked":["Runic Dome","FrozenCore"],"picked":"Black Star"}],"items_purged_floors":[10],"is_endless":false,"potions_floor_spawned":[4,6,8,13,14,19,21,22],"killed_by":"Book of Stabbing","ascension_level":9}}