{"host":"7k2a2omxz3voj5ax","time":1613110596,"event":{"mods":["BaseMod","Marisa£¨ìFÓê¡¡Ä§ÀíÉ³£©","Minty Spire (QoL Compilation)","Quick Restart","Spicy Shops","StSLib","Starting Relic: Pandora\u0027s Box","Yakumo Yukari mod","¡¾ÒÅÎï¿¨ÅÆ¡¿REMEMod","óô»ðÖ¸ÄÏ"],"gold_per_floor":[132,132,132,147,185,274,274,407,407,407,485,485,485,563,563,620,702,777,456,640,640,685,685,685,797,115,294,294,294,294],"floor_reached":29,"language":"ZHS","playtime":1317,"items_purged":["MasterSpark","6A","UpSweep"],"score":453,"play_id":"41e1120d-9854-403f-b99f-1ccee5f87f84","local_time":"20210212151636","is_ascension_mode":true,"campfire_choices":[{"data":"Human_Monster_Realm_purple","floor":7.0,"key":"SMITH"},{"data":"EarthLightRay","floor":9.0,"key":"SMITH"},{"data":"BlazeAway","floor":28,"key":"SMITH"}],"circlet_count":0,"master_deck":["AsteroidBelt+1","WitchOfGreed+1","6A","OortCloud","Human_Monster_Realm_purple+1","EarthLightRay+1","Singularity","Robbery","BlazeAway+1","UltimateShortwave","PowerUp","SatelliteIllusion+1","MilkyWay"],"relics":["MiniHakkero","REME_ComplimentaryCards","NeowsBlessing","Pantograph","Thread and Needle","Question Card","Ancient Tea Set","Sundial","Golden Idol","PreservedInsect","Frozen Egg 2","Empty Cage","Enchiridion","Medical Kit","Orrery","Potion Belt"],"acts_visited":["Exordium","TheCity"],"potions_floor_usage":[27],"damage_taken":[{"damage":1.0,"enemies":"Small Slimes","floor":1.0,"turns":2.0},{"damage":0.0,"enemies":"Jaw Worm","floor":4.0,"turns":1.0},{"damage":0.0,"enemies":"2 Louse","floor":5.0,"turns":3.0},{"damage":9.0,"enemies":"Red Slaver","floor":6.0,"turns":5.0},{"damage":14.0,"enemies":"Lagavulin","floor":8.0,"turns":7.0},{"damage":0.0,"enemies":"3 Sentries","floor":11.0,"turns":10.0},{"damage":0.0,"enemies":"Exordium Wildlife","floor":14.0,"turns":6.0},{"damage":0.0,"enemies":"Looter","floor":16.0,"turns":4.0},{"damage":0.0,"enemies":"Gremlin Nob","floor":17.0,"turns":5.0},{"damage":12.0,"enemies":"3 Louse","floor":18.0,"turns":5.0},{"damage":9.0,"enemies":"Slime Boss","floor":20.0,"turns":14.0},{"damage":1,"enemies":"Spheric Guardian","floor":22,"turns":5},{"damage":14,"enemies":"Chosen","floor":25,"turns":6},{"damage":26,"enemies":"Centurion and Healer","floor":27,"turns":7},{"damage":39,"enemies":"Slavers","floor":29,"turns":2}],"seed_played":"2379545473580970712","potions_obtained":[{"floor":1.0,"key":"GamblersBrew"},{"floor":1.0,"key":"Explosive Potion"},{"floor":5.0,"key":"Explosive Potion"},{"floor":6.0,"key":"Strength Potion"},{"floor":8.0,"key":"EssenceOfSteel"},{"floor":8.0,"key":"Block Potion"},{"floor":11.0,"key":"SteroidPotion"},{"floor":11.0,"key":"Block Potion"},{"floor":16.0,"key":"Energy Potion"},{"floor":17.0,"key":"BlessingOfTheForge"},{"floor":17.0,"key":"GamblersBrew"},{"floor":20.0,"key":"DuplicationPotion"},{"floor":22,"key":"Strength Potion"},{"floor":25,"key":"BottledSpark"},{"floor":27,"key":"FearPotion"},{"floor":27,"key":"Fire Potion"}],"is_trial":false,"path_per_floor":["M","?","?","M","M","M","R","E","R","T","E","T","T","M","?","M","E","M","R","B",null,"M","?","?","M","$","M","R","E"],"character_chosen":"MARISA","items_purchased":["Frozen Egg 2","Medical Kit","Orrery","Potion Belt"],"campfire_rested":0,"item_purchase_floors":[19,26,26,26],"current_hp_per_floor":[67,52,52,60,68,63,63,53,53,53,59,59,59,65,47,53,65,59,59,66,73,74,58,58,50,50,30,30,0,0],"gold":294,"neow_bonus":"THREE_ENEMY_KILL","is_daily":false,"chose_seed":false,"campfire_upgraded":3,"win_rate":0.0,"timestamp":1613110596,"path_taken":["M","?","?","M","?","M","R","E","R","?","E","T","T","M","?","M","E","M","R","BOSS","M","?","?","M","$","M","R","E"],"items_purchased_type":["Relic","Relic","Relic","Relic"],"build_version":"2020-12-22","purchased_purges":3,"victory":false,"max_hp_per_floor":[75,75,75,75,75,75,75,75,75,75,75,75,75,75,75,75,75,75,75,75,75,75,75,75,75,75,75,75,75,75],"card_choices":[{"not_picked":["UnstableBomb","AsteroidBelt"],"picked":"EarthLightRay","floor":1.0},{"not_picked":["SporeBomb","GravityBeat"],"picked":"Singularity","floor":4.0},{"not_picked":["Acceleration","Singularity"],"picked":"Robbery","floor":5.0},{"not_picked":["GasGiant","Robbery","GravityBeat"],"picked":"SKIP","floor":6.0},{"not_picked":["SprinkleStarSeal","ShootingEcho","UnstableBomb"],"picked":"SKIP","floor":8.0},{"not_picked":["CasketOfStar","MagicChant","WitchOfGreed","FairyDestructionRay"],"picked":"SKIP","floor":11.0},{"not_picked":["AsteroidBelt","SporeBomb","MachineGunSpark","GasGiant"],"picked":"SKIP","floor":14.0},{"not_picked":["WitchOfGreed","MilkyWay","NonDirectionalLaser","GrandCross"],"picked":"SKIP","floor":16.0},{"not_picked":["StarBarrage","ChargingUp","DC"],"picked":"BlazeAway","floor":17.0},{"not_picked":["AsteroidBelt","GalacticHalo","WitchLeyline","ChargeUpSpray"],"picked":"SKIP","floor":18.0},{"not_picked":["SatelliteIllusion+1","BlazingStar","EscapeVelocity+1"],"picked":"UltimateShortwave","floor":20.0},{"not_picked":["ChargingUp","PowerUp","WitchOfGreed+1","PropBag"],"picked":"SKIP","floor":22},{"not_picked":["GrandCross","ChargeUpSpray","Acceleration","LuminesStrike"],"picked":"SKIP","floor":25},{"not_picked":["GrandCross","ChargeUpSpray","Acceleration","LuminesStrike"],"picked":"SKIP","floor":25},{"not_picked":["DC","WitchLeyline","GrandCross"],"picked":"SatelliteIllusion+1","floor":26},{"not_picked":["OneTimeOff+1","6A","PowerUp"],"picked":"MilkyWay","floor":27}],"player_experience":300660,"relics_obtained":[{"floor":8.0,"key":"Thread and Needle"},{"floor":10.0,"key":"Question Card"},{"floor":11.0,"key":"Ancient Tea Set"},{"floor":13.0,"key":"Sundial"},{"floor":17.0,"key":"PreservedInsect"},{"floor":23,"key":"Enchiridion"}],"event_choices":[{"damage_healed":0.0,"max_hp_gain":0.0,"max_hp_loss":0.0,"gold_gain":0.0,"event_name":"Shining Light","player_choice":"Entered Light","floor":2.0,"gold_loss":0.0,"damage_taken":15.0,"cards_upgraded":["AsteroidBelt","WitchOfGreed"]},{"cards_removed":["DarkMatter"],"damage_healed":0.0,"max_hp_gain":0.0,"max_hp_loss":0.0,"gold_gain":0.0,"event_name":"WeMeetAgain","player_choice":"Gave Card","floor":3.0,"gold_loss":0.0,"damage_taken":0.0,"relics_obtained":["Pantograph"]},{"damage_healed":0.0,"max_hp_gain":0.0,"max_hp_loss":0.0,"gold_gain":0.0,"event_name":"Golden Idol","player_choice":"Take Damage","floor":15.0,"gold_loss":0.0,"damage_taken":18.0,"relics_obtained":["Golden Idol"]},{"damage_healed":0,"gold_gain":0,"player_choice":"Obtained Book","damage_taken":16,"max_hp_gain":0,"max_hp_loss":0,"event_name":"Cursed Tome","floor":23,"gold_loss":0},{"damage_healed":0,"gold_gain":0,"player_choice":"Read","damage_taken":0,"max_hp_gain":0,"max_hp_loss":0,"event_name":"The Library","floor":24,"gold_loss":0,"cards_obtained":["PowerUp"]}],"is_beta":false,"boss_relics":[{"not_picked":["Astrolabe","Snecko Eye"],"picked":"Empty Cage"}],"items_purged_floors":[19,26,26],"is_endless":false,"potions_floor_spawned":[1,11,16,17,18,27],"killed_by":"Slavers","ascension_level":9}}