{"host":"nst1nauccqsb94jh","time":1613144634,"event":{"mods":["AchievementEnabler","BaseMod","Colored Map","Hermit","Marisa????????","Minty Spire (QoL Compilation)","Rare Cards Sparkle","Replay The Spire","StSLib","The Cursed","The Servant 0.9.4"],"gold_per_floor":[114,129,144,144,35,65,65,80,155,42,42,57,72,87,87,87,87],"floor_reached":16,"language":"ENG","playtime":2094,"items_purged":[],"score":104,"play_id":"784653a1-32ce-4ee0-8e6c-ddcb4bcb4e28","local_time":"20210212174354","daily_mods":["Chimera","Purple Cards","DeadlyEvents"],"is_ascension_mode":false,"campfire_choices":[{"floor":7,"key":"REST"},{"floor":11,"key":"REST"}],"circlet_count":0,"master_deck":["Bash","Survivor","Zap","Eruption","Strike_R","Strike_G","Strike_B","Defend_R","Defend_G","Defend_P","Underhanded Strike","Predator","PiercingWail","Delirium","Bullet Time","Infinite Blades","Hidden Blade+1","Backflip","Underhanded Strike","Fluid Movement","Sucker Punch+1","Prepared","Underhanded Strike","ReplayTheSpireMod:Shiv Toss"],"relics":["Ring of the Snake","Replay:Multitool","Sundial"],"acts_visited":["Exordium"],"potions_floor_usage":[6,6,8,16],"damage_taken":[{"damage":12,"enemies":"Small Slimes","floor":1,"turns":3},{"damage":1,"enemies":"Cultist","floor":2,"turns":3},{"damage":0,"enemies":"2 Louse","floor":3,"turns":2},{"damage":61,"enemies":"Gremlin Nob","floor":6,"turns":5},{"damage":12,"enemies":"Exordium Wildlife","floor":8,"turns":4},{"damage":0,"enemies":"3 Louse","floor":12,"turns":1},{"damage":7,"enemies":"Blue Slaver","floor":13,"turns":5},{"damage":0,"enemies":"Red Slaver","floor":14,"turns":2},{"damage":97,"enemies":"Fading Forest","floor":16,"turns":10}],"seed_played":"-8399458303924539785","potions_obtained":[{"floor":2,"key":"Regen Potion"},{"floor":3,"key":"Languid Potion"},{"floor":6,"key":"Fire Potion"},{"floor":15,"key":"Poison Potion"},{"floor":15,"key":"FairyPotion"}],"is_trial":false,"path_per_floor":["M","M","M","?","$","E","R","M","T","$","R","M","M","M","R","B"],"character_chosen":"THE_SILENT","items_purchased":["Infinite Blades","Hidden Blade+1","Fluid Movement","Sucker Punch+1"],"campfire_rested":2,"item_purchase_floors":[5,5,10,10],"current_hp_per_floor":[58,57,57,57,57,1,22,10,10,10,31,31,24,24,24,0,0],"gold":87,"neow_bonus":"","is_daily":true,"chose_seed":false,"campfire_upgraded":0,"win_rate":0.0,"timestamp":1613144634,"path_taken":["M","M","M","?","?","E","R","M","T","$","R","M","M","M","R","BOSS"],"items_purchased_type":["Card","Card","Card","Card"],"build_version":"2020-12-22","purchased_purges":0,"victory":false,"max_hp_per_floor":[70,70,70,70,70,70,70,70,70,70,70,70,70,70,70,70,70],"card_choices":[{"not_picked":["Cloak And Dagger","Dagger Spray"],"picked":"Underhanded Strike","floor":1},{"not_picked":["FlyingSleeves","Protect"],"picked":"Predator","floor":2},{"not_picked":["Wraith Form v2","Sucker Punch"],"picked":"PiercingWail","floor":3},{"not_picked":["Nirvana","Leg Sweep"],"picked":"Backflip","floor":6},{"not_picked":["Slice","FlurryOfBlows"],"picked":"Underhanded Strike","floor":8},{"not_picked":["CrushJoints","Skewer"],"picked":"Prepared","floor":12},{"not_picked":["ClearTheMind","Prepared"],"picked":"Underhanded Strike","floor":13},{"not_picked":["Prostrate","Catalyst"],"picked":"ReplayTheSpireMod:Shiv Toss","floor":14}],"player_experience":29190,"relics_obtained":[{"floor":6,"key":"Replay:Multitool"},{"floor":9,"key":"Sundial"}],"event_choices":[{"damage_healed":0,"gold_gain":0,"player_choice":"2 cards matched","damage_taken":0,"max_hp_gain":0,"max_hp_loss":0,"event_name":"Match and Keep!","floor":4,"gold_loss":0,"cards_obtained":["Delirium","Bullet Time"]}],"is_beta":false,"boss_relics":[],"items_purged_floors":[],"is_endless":false,"potions_floor_spawned":[2,3,6],"killed_by":"Fading Forest","ascension_level":0}}