{"host":"fm9e0lfunjlbhzxv","time":1613101608,"event":{"mods":["Alarm Clock","BaseMod","Bestiary","Better Match","Better Skull","Better Third Choice","Colored Map","Colored Powertips","Downfall","Energized Spire","Good Game Mod","Key Reminder","Minty Spire (QoL Compilation)","Permanent Neow","Random Character Button","Rare Cards Sparkle","Relic Stats","Spire Arcade","StSLib","slay the spire mod where everything is the same but ironclad has a cowboy hat"],"gold_per_floor":[99,116,116,17,32,32,86,121,132,152,45,120,137,97,112,212,212,112,131,131,142,153,141,141,168,180,180,180,180],"floor_reached":27,"language":"ENG","playtime":2164,"items_purged":["Slimebound:Strike_Slimebound"],"score":247,"play_id":"4758cdb4-d88f-410e-b21d-22336ec42e51","local_time":"20210211194648","is_ascension_mode":true,"campfire_choices":[{"data":"After Image","floor":1,"key":"SMITH"},{"floor":6,"key":"RECALL"},{"data":"Slimebound:HauntingLick","floor":18,"key":"SMITH"}],"circlet_count":0,"master_deck":["Slimebound:Strike_Slimebound","Slimebound:Strike_Slimebound","Slimebound:Tackle","Slimebound:Defend_Slimebound","Slimebound:Defend_Slimebound","Slimebound:Defend_Slimebound","Slimebound:Defend_Slimebound","Slimebound:Split","Slimebound:CorrosiveSpit","After Image+1","Slimebound:LeechingTouch","Slimebound:SlimeSpikes","Slimebound:GoopTackle","Slimebound:BestDefense","Slimebound:FinishingTackle","Slimebound:HauntingLick+1","Slimebound:Chomp","Slimebound:RollThrough","Slimebound:SpikyOuterGoop","Slimebound:LeechEnergy","Slimebound:RainOfGoop","Slimebound:RollThrough","Slimebound:Grow","Slimebound:GoopSpray+1","Slimebound:LivingWall","Slimebound:GoopSpray","Slimebound:SlimeSpikes","Slimebound:Recycling","Slimebound:HauntingLick","Slimebound:Grow","Slimebound:GoopSpray"],"relics":["REME:ComplimentaryCards","energizedSpire:DeadBattery","keyreminder:keyreminder","Ancient Tea Set","Anchor","energizedSpire:SpiderWeb","downfall:HeartBlessingRed","Du-Vu Doll","Slimebound:SelfDamagePreventRelic","Bag of Marbles"],"acts_visited":["Exordium","TheCity"],"potions_floor_usage":[4,14,16,25,26,27,27],"damage_taken":[{"damage":0,"enemies":"2 Louse","floor":2,"turns":2},{"damage":0,"enemies":"downfall:FleeingMerchant","floor":4,"turns":4},{"damage":2,"enemies":"Jaw Worm","floor":5,"turns":2},{"damage":20,"enemies":"Lagavulin","floor":8,"turns":4},{"damage":2,"enemies":"Small Slimes","floor":9,"turns":3},{"damage":1,"enemies":"3 Louse","floor":10,"turns":2},{"damage":6,"enemies":"downfall:FleeingMerchant","floor":11,"turns":4},{"damage":2,"enemies":"Exordium Wildlife","floor":13,"turns":4},{"damage":7,"enemies":"downfall:FleeingMerchant","floor":14,"turns":4},{"damage":0,"enemies":"2 Fungi Beasts","floor":15,"turns":2},{"damage":19,"enemies":"WA_ARCHETYPE_RETAIN","floor":16,"turns":6},{"damage":9,"enemies":"Shell Parasite","floor":19,"turns":4},{"damage":22,"enemies":"Shelled Parasite and Fungi","floor":21,"turns":4},{"damage":6,"enemies":"Snecko","floor":22,"turns":6},{"damage":8,"enemies":"downfall:FleeingMerchant","floor":23,"turns":3},{"damage":11,"enemies":"Slavers","floor":25,"turns":6},{"damage":9,"enemies":"3 Cultists","floor":26,"turns":5},{"damage":7,"enemies":"Shelled Parasite and Fungi","floor":27,"turns":2}],"seed_played":"-2266629758601283122","potions_obtained":[{"floor":2,"key":"ColorlessPotion"},{"floor":5,"key":"FearPotion"},{"floor":9,"key":"ColorlessPotion"},{"floor":15,"key":"Slimebound:SpawnSlimePotion"},{"floor":16,"key":"Weak Potion"},{"floor":19,"key":"bronze:BurnAndBuffPotion"},{"floor":25,"key":"ColorlessPotion"}],"is_trial":false,"path_per_floor":["R","M","?","$","M","R","T","E","M","M","$","?","M","$","M","B",null,"R","M","?","M","M","$","T","E","M","M"],"character_chosen":"SLIMEBOUND","items_purchased":["Slimebound:GoopTackle","Slimebound:BestDefense","Slimebound:SpikyOuterGoop","Slimebound:LeechEnergy","Slimebound:RollThrough","Slimebound:SelfDamagePreventRelic","Slimebound:Recycling","Slimebound:HauntingLick"],"campfire_rested":0,"item_purchase_floors":[4,4,11,11,14,23,23,23],"current_hp_per_floor":[65,65,70,70,68,68,68,48,46,45,39,39,37,30,30,11,70,70,61,61,39,33,25,25,14,5,0,0,0],"gold":180,"neow_bonus":"BOSS_RELIC","is_daily":false,"chose_seed":false,"campfire_upgraded":2,"win_rate":0.0,"timestamp":1613101608,"path_taken":["R","M","?","$","M","R","T","E","M","M","$","?","M","?","M","BOSS","R","M","?","M","M","$","T","E","M","M"],"items_purchased_type":["Card","Card","Card","Card","Card","Relic","Card","Card"],"build_version":"2020-12-22","purchased_purges":1,"victory":false,"max_hp_per_floor":[65,65,70,70,70,70,70,70,70,70,70,70,70,70,70,70,70,70,70,70,70,70,70,70,70,70,70,70,70],"relic_stats":{"counters":[18,67],"obtain_stats":[{"keyreminder:keyreminder":6,"Du-Vu Doll":20,"REME:ComplimentaryCards":0,"Anchor":8,"Slimebound:SelfDamagePreventRelic":23,"downfall:HeartBlessingRed":18,"Slimebound:AbsorbEndCombat":0,"Bag of Marbles":25,"energizedSpire:SpiderWeb":17,"energizedSpire:DeadBattery":0,"Ancient Tea Set":7},{"keyreminder:keyreminder":3,"Du-Vu Doll":12,"REME:ComplimentaryCards":0,"Anchor":4,"Slimebound:SelfDamagePreventRelic":15,"downfall:HeartBlessingRed":11,"Slimebound:AbsorbEndCombat":0,"Bag of Marbles":16,"energizedSpire:SpiderWeb":11,"energizedSpire:DeadBattery":0,"Ancient Tea Set":3},{"keyreminder:keyreminder":8,"Du-Vu Doll":41,"REME:ComplimentaryCards":0,"Anchor":12,"Slimebound:SelfDamagePreventRelic":54,"downfall:HeartBlessingRed":37,"Slimebound:AbsorbEndCombat":0,"Bag of Marbles":60,"energizedSpire:SpiderWeb":37,"energizedSpire:DeadBattery":0,"Ancient Tea Set":8}]},"card_choices":[{"not_picked":["Slimebound:LivingWall","Slimebound:Schlurp"],"picked":"Slimebound:LeechingTouch","floor":2},{"not_picked":["Slimebound:Equalize","Slimebound:ComboTackle"],"picked":"Slimebound:SlimeSpikes","floor":4},{"not_picked":["Slimebound:LeechEnergy","Slimebound:LeechingTouch"],"picked":"Slimebound:FinishingTackle","floor":5},{"not_picked":["Slimebound:GoopTackle","Slimebound:Replication"],"picked":"Slimebound:HauntingLick","floor":8},{"not_picked":["Slimebound:LivingWall","Slimebound:MinionMaster"],"picked":"Slimebound:Chomp","floor":9},{"not_picked":["Slimebound:SplitLeeching","Slimebound:SamplingLick"],"picked":"Slimebound:RollThrough","floor":10},{"not_picked":["Slimebound:Teamwork","Slimebound:SplitAcid","Slimebound:Schlurp"],"picked":"SKIP","floor":11},{"not_picked":["Slimebound:MegaLick","Slimebound:HauntingLick"],"picked":"Slimebound:RainOfGoop","floor":13},{"not_picked":["Slimebound:SplitLeeching","Slimebound:ItLooksTasty","Slimebound:FinishingTackle"],"picked":"SKIP","floor":14},{"not_picked":["Slimebound:SplitLeeching","Slimebound:SlimeTap"],"picked":"Slimebound:Grow","floor":15},{"not_picked":["Slimebound:TongueLash+1","Slimebound:ForwardTackle"],"picked":"Slimebound:GoopSpray+1","floor":19},{"not_picked":["Slimebound:RollThrough+1","Slimebound:SplitSpecialist"],"picked":"Slimebound:LivingWall","floor":21},{"not_picked":["Slimebound:GoopTackle+1","Slimebound:SlimeTap"],"picked":"Slimebound:GoopSpray","floor":22},{"not_picked":["Slimebound:GoopTackle+1","Slimebound:BestDefense+1"],"picked":"Slimebound:SlimeSpikes","floor":23},{"not_picked":["Slimebound:Schlurp","Slimebound:GoopTackle+1"],"picked":"Slimebound:Grow","floor":25},{"not_picked":["Slimebound:SlimeTap+1","Slimebound:HauntingLick"],"picked":"Slimebound:GoopSpray","floor":26}],"player_experience":547734,"relics_obtained":[{"floor":7,"key":"Ancient Tea Set"},{"floor":8,"key":"Anchor"},{"floor":25,"key":"Bag of Marbles"}],"event_choices":[{"damage_healed":0,"gold_gain":0,"player_choice":"Donut","damage_taken":0,"max_hp_gain":5,"max_hp_loss":0,"event_name":"Big Fish","floor":3,"gold_loss":0}],"is_beta":false,"boss_relics":[{"not_picked":["energizedSpire:RedRose","energizedSpire:HugeHouse"],"picked":"energizedSpire:SpiderWeb"}],"items_purged_floors":[23],"is_endless":false,"potions_floor_spawned":[2,5,9,15,16,19,25],"killed_by":"Shelled Parasite and Fungi","ascension_level":1}}