{"host":"kg61lsvem4dxoat8","time":1613126196,"event":{"mods":["AchievementEnabler","BaseMod","Better Altar","Better Match","Better Sensory Stone","Better Skull","Block Reminder","Highlight Path","Minty Spire (QoL Compilation)","Quick Restart","Rare Cards Sparkle","Relic Sorter","Relic Stats","StSLib","Synergy Search","slay the spire mod where everything is the same but ironclad has a cowboy hat"],"gold_per_floor":[109,109,109,34,46,46,81,14,37,52,4,37,62,109,121,232,294,321,333,312,338,350,350],"floor_reached":22,"language":"ENG","playtime":523,"items_purged":["Bash"],"score":369,"play_id":"a47e27d0-6a95-498e-a833-6d2b7cf5fb14","local_time":"20210212183636","is_ascension_mode":true,"campfire_choices":[{"data":"Uppercut","floor":6,"key":"SMITH"},{"floor":15,"key":"REST"}],"circlet_count":0,"master_deck":["AscendersBane","Strike_R","Strike_R","Strike_R","Strike_R","Defend_R+1","Defend_R+1","Defend_R","Defend_R+1","Uppercut+1","Feed","Shrug It Off","Feed","Offering","Disarm","Metallicize"],"relics":["Burning Blood","NeowsBlessing","Mummified Hand","Vajra","Potion Belt","MawBank","War Paint","Tiny House","GremlinMask"],"acts_visited":["Exordium","TheCity"],"potions_floor_usage":[12,14,16],"damage_taken":[{"damage":0,"enemies":"2 Louse","floor":1,"turns":1},{"damage":0,"enemies":"Jaw Worm","floor":5,"turns":1},{"damage":0,"enemies":"3 Sentries","floor":7,"turns":2},{"damage":4,"enemies":"Cultist","floor":10,"turns":3},{"damage":36,"enemies":"Lagavulin","floor":12,"turns":5},{"damage":11,"enemies":"2 Fungi Beasts","floor":13,"turns":4},{"damage":12,"enemies":"Gremlin Nob","floor":14,"turns":3},{"damage":29,"enemies":"The Guardian","floor":16,"turns":14},{"damage":8,"enemies":"Chosen","floor":18,"turns":5},{"damage":40,"enemies":"2 Thieves","floor":20,"turns":5},{"damage":9,"enemies":"Snake Plant","floor":21,"turns":8},{"damage":6,"enemies":"Centurion and Healer","floor":22,"turns":3}],"seed_played":"4242176253602836482","potions_obtained":[{"floor":10,"key":"SkillPotion"},{"floor":12,"key":"Weak Potion"},{"floor":13,"key":"DuplicationPotion"},{"floor":14,"key":"Block Potion"},{"floor":17,"key":"SteroidPotion"},{"floor":21,"key":"Energy Potion"}],"is_trial":false,"path_per_floor":["M","?","?","$","M","R","E","?","T","M","$","E","M","E","R","B",null,"M","?","M","M","M"],"character_chosen":"IRONCLAD","items_purchased":["SkillPotion"],"campfire_rested":1,"item_purchase_floors":[11],"current_hp_per_floor":[78,83,83,83,85,85,85,85,85,85,85,55,53,47,73,53,87,85,85,54,54,48,48],"gold":350,"neow_bonus":"THREE_ENEMY_KILL","is_daily":false,"chose_seed":false,"campfire_upgraded":1,"win_rate":0.0,"timestamp":1613126196,"path_taken":["M","?","?","$","?","R","E","?","T","M","$","E","M","E","R","BOSS","M","?","M","M","?"],"items_purchased_type":["Potion"],"build_version":"2020-12-22","purchased_purges":1,"victory":false,"max_hp_per_floor":[80,85,85,85,85,85,85,85,85,85,85,85,88,88,88,91,96,96,96,99,102,102,102],"relic_stats":{"counters":[12,54],"Mummified Hand":[2],"War Paint":["Defend_R","Defend_R"],"MawBank":120,"obtain_stats":[{"Potion Belt":9,"Tiny House":17,"NeowsBlessing":0,"Mummified Hand":7,"Vajra":8,"GremlinMask":19,"War Paint":14,"MawBank":12,"Burning Blood":0},{"Potion Belt":3,"Tiny House":8,"NeowsBlessing":0,"Mummified Hand":3,"Vajra":3,"GremlinMask":9,"War Paint":7,"MawBank":5,"Burning Blood":0},{"Potion Belt":4,"Tiny House":33,"NeowsBlessing":0,"Mummified Hand":4,"Vajra":4,"GremlinMask":38,"War Paint":19,"MawBank":12,"Burning Blood":0}],"Burning Blood":54},"card_choices":[{"not_picked":["Thunderclap","Clothesline"],"picked":"Uppercut","floor":1},{"not_picked":["Heavy Blade","Iron Wave","Headbutt"],"picked":"SKIP","floor":5},{"not_picked":["Reckless Charge","Dropkick"],"picked":"Feed","floor":7},{"not_picked":["Hemokinesis","Iron Wave","Heavy Blade"],"picked":"SKIP","floor":10},{"not_picked":["Fiend Fire","Thunderclap","Anger"],"picked":"SKIP","floor":12},{"not_picked":["Thunderclap","Clash"],"picked":"Shrug It Off","floor":13},{"not_picked":["Dual Wield","Shrug It Off"],"picked":"Feed","floor":14},{"not_picked":["Juggernaut","Corruption"],"picked":"Offering","floor":16},{"not_picked":["True Grit","Heavy Blade"],"picked":"Disarm","floor":17},{"not_picked":["Armaments+1","Shrug It Off","Exhume"],"picked":"SKIP","floor":18},{"not_picked":["Rampage","Wild Strike"],"picked":"Metallicize","floor":20},{"not_picked":["Flex","Entrench","Thunderclap"],"picked":"SKIP","floor":21}],"player_experience":1493668,"relics_obtained":[{"floor":7,"key":"Mummified Hand"},{"floor":9,"key":"Potion Belt"},{"floor":12,"key":"MawBank"},{"floor":14,"key":"War Paint"}],"event_choices":[{"damage_healed":0,"gold_gain":0,"player_choice":"Donut","damage_taken":0,"max_hp_gain":5,"max_hp_loss":0,"event_name":"Big Fish","floor":2,"gold_loss":0},{"cards_removed":["Strike_R"],"damage_healed":0,"gold_gain":0,"player_choice":"Offered Basic","damage_taken":0,"max_hp_gain":0,"max_hp_loss":0,"event_name":"Bonfire Elementals","floor":3,"gold_loss":0},{"damage_healed":0,"gold_gain":0,"player_choice":"Paid Gold","damage_taken":0,"relics_obtained":["Vajra"],"max_hp_gain":0,"max_hp_loss":0,"event_name":"WeMeetAgain","floor":8,"gold_loss":67},{"damage_healed":0,"gold_gain":0,"player_choice":"Trade","damage_taken":0,"relics_obtained":["GremlinMask"],"max_hp_gain":0,"max_hp_loss":0,"event_name":"FaceTrader","floor":19,"gold_loss":0}],"is_beta":false,"boss_relics":[{"not_picked":["Ectoplasm","Runic Dome"],"picked":"Tiny House"}],"items_purged_floors":[4],"is_endless":false,"potions_floor_spawned":[10,12,13,14,21],"killed_by":"Centurion and Healer","ascension_level":10}}