{"host":"dvdvdvm357cut69v","time":1613128696,"event":{"mods":["BaseMod","Minty Spire (QoL Compilation)","StSLib"],"gold_per_floor":[109,124,124,138,64,95,110,136,163,163,180,200,200,221,221,221,221],"floor_reached":16,"language":"ENG","playtime":759,"items_purged":[],"score":156,"play_id":"ff49150b-54c9-4257-9d61-320ef778b989","local_time":"20210212141816","is_ascension_mode":true,"campfire_choices":[{"floor":10,"key":"RECALL"},{"data":"True Grit","floor":15,"key":"SMITH"}],"circlet_count":0,"master_deck":["Strike_R","Strike_R","Strike_R","Strike_R","Strike_R","Defend_R","Defend_R","Defend_R","Defend_R","Bash","Feed+1","Flex","Heavy Blade","Armaments","Shrug It Off","Double Tap","Thunderclap","Flame Barrier","True Grit+1","Warcry","Iron Wave"],"relics":["Burning Blood","Kunai","Centennial Puzzle","Golden Idol"],"acts_visited":["Exordium"],"potions_floor_usage":[6,8,16,16,16],"damage_taken":[{"damage":7,"enemies":"Small Slimes","floor":1,"turns":5},{"damage":2,"enemies":"2 Louse","floor":2,"turns":3},{"damage":5,"enemies":"Jaw Worm","floor":4,"turns":5},{"damage":20,"enemies":"3 Sentries","floor":6,"turns":7},{"damage":0,"enemies":"3 Louse","floor":7,"turns":3},{"damage":16,"enemies":"Gremlin Nob","floor":8,"turns":3},{"damage":1,"enemies":"Large Slime","floor":11,"turns":5},{"damage":12,"enemies":"2 Fungi Beasts","floor":12,"turns":2},{"damage":10,"enemies":"Exordium Wildlife","floor":14,"turns":4},{"damage":58,"enemies":"Hexaghost","floor":16,"turns":18}],"seed_played":"-9146669762029046924","potions_obtained":[{"floor":2,"key":"CultistPotion"},{"floor":6,"key":"BloodPotion"},{"floor":7,"key":"PowerPotion"},{"floor":12,"key":"Block Potion"}],"is_trial":false,"path_per_floor":["M","M","?","M","$","E","M","E","T","R","M","M","?","M","R","B"],"character_chosen":"IRONCLAD","items_purchased":["Shrug It Off","Strength Potion"],"campfire_rested":0,"item_purchase_floors":[5,5],"current_hp_per_floor":[58,65,65,66,66,56,66,56,56,56,65,59,35,35,35,0,0],"gold":221,"neow_bonus":"THREE_RARE_CARDS","is_daily":false,"chose_seed":false,"campfire_upgraded":1,"win_rate":0.0,"timestamp":1613128696,"path_taken":["M","M","?","M","$","E","M","E","T","R","M","M","?","M","R","BOSS"],"items_purchased_type":["Card","Potion"],"build_version":"2020-12-13","purchased_purges":0,"victory":false,"max_hp_per_floor":[83,86,86,86,86,90,94,94,94,94,98,98,98,102,102,102,102],"card_choices":[{"not_picked":["Double Tap","Immolate"],"picked":"Feed","floor":0},{"not_picked":["Anger","Havoc"],"picked":"Flex","floor":1},{"not_picked":["Clothesline","Feel No Pain"],"picked":"Heavy Blade","floor":2},{"not_picked":["Body Slam","Dark Embrace"],"picked":"Armaments","floor":4},{"not_picked":["Warcry","Heavy Blade"],"picked":"Double Tap","floor":6},{"not_picked":["Shockwave","Armaments"],"picked":"Thunderclap","floor":7},{"not_picked":["Reckless Charge","Headbutt"],"picked":"Flame Barrier","floor":8},{"not_picked":["Thunderclap","Heavy Blade"],"picked":"True Grit","floor":11},{"not_picked":["Thunderclap","Cleave","Warcry"],"picked":"SKIP","floor":12},{"not_picked":["Thunderclap","Cleave"],"picked":"Warcry","floor":12},{"not_picked":["Pommel Strike","Juggernaut"],"picked":"Iron Wave","floor":14}],"player_experience":132260,"relics_obtained":[{"floor":6,"key":"Kunai"},{"floor":8,"key":"Centennial Puzzle"}],"event_choices":[{"damage_healed":0,"gold_gain":0,"player_choice":"Grow","damage_taken":0,"max_hp_gain":0,"max_hp_loss":0,"event_name":"Living Wall","floor":3,"gold_loss":0,"cards_upgraded":["Feed"]},{"damage_healed":0,"gold_gain":0,"player_choice":"Take Damage","damage_taken":24,"relics_obtained":["Golden Idol"],"max_hp_gain":0,"max_hp_loss":0,"event_name":"Golden Idol","floor":13,"gold_loss":0}],"is_beta":false,"boss_relics":[],"items_purged_floors":[],"is_endless":false,"potions_floor_spawned":[2,6,7,12],"killed_by":"Hexaghost","ascension_level":3}}