{"host":"t1puqh5lxz8sp6fn","time":1613158641,"event":{"mods":["AchievementEnabler","BaseMod","Colored Powertips","Minty Spire (QoL Compilation)","Rare Cards Sparkle","Relic Stats","StSLib"],"gold_per_floor":[117,128,147,163,16,49,49,49,73,107,107,125,135,163,163,242,242,253,25,25,74,86,120,120,170,170,170,170],"floor_reached":27,"playtime":1000,"items_purged":[],"score":421,"play_id":"af1fb10f-7653-4f41-a0fc-9235fde6e71d","local_time":"20210212163721","is_ascension_mode":true,"campfire_choices":[{"floor":7.0,"key":"REST"},{"data":"Doom and Gloom","floor":15.0,"key":"SMITH"},{"floor":24.0,"key":"REST"}],"circlet_count":0,"master_deck":["AscendersBane","Strike_B","Strike_B","Defend_B","Defend_B","Defend_B","Zap","Dualcast","Doom and Gloom+1","Go for the Eyes","Sweeping Beam","Reinforced Body","Self Repair","Fusion","Glacier","Streamline","Ball Lightning","Core Surge","Reinforced Body","Aggregate"],"relics":["Cracked Core","Ginger","Lantern","Juzu Bracelet","Tiny Chest","Potion Belt","Spirit Poop","Odd Mushroom","Empty Cage","Bag of Marbles","WingedGreaves","Cables"],"acts_visited":["Exordium","TheCity"],"potions_floor_usage":[27,27],"damage_taken":[{"damage":8.0,"enemies":"Jaw Worm","floor":1.0,"turns":4.0},{"damage":1.0,"enemies":"Cultist","floor":2.0,"turns":3.0},{"damage":5.0,"enemies":"Small Slimes","floor":3.0,"turns":3.0},{"damage":8.0,"enemies":"Exordium Wildlife","floor":4.0,"turns":4.0},{"damage":20.0,"enemies":"Gremlin Nob","floor":6.0,"turns":4.0},{"damage":33.0,"enemies":"Lagavulin","floor":10.0,"turns":7.0},{"damage":13.0,"enemies":"Gremlin Gang","floor":12.0,"turns":3.0},{"damage":0.0,"enemies":"Exordium Thugs","floor":13.0,"turns":5.0},{"damage":6.0,"enemies":"The Mushroom Lair","floor":14.0,"turns":3.0},{"damage":24.0,"enemies":"Slime Boss","floor":16.0,"turns":8.0},{"damage":19.0,"enemies":"Shell Parasite","floor":18.0,"turns":6.0},{"damage":23.0,"enemies":"2 Thieves","floor":22.0,"turns":4.0},{"damage":29.0,"enemies":"Slavers","floor":23.0,"turns":6.0},{"damage":28,"enemies":"Masked Bandits","floor":27,"turns":4}],"seed_played":"450351059734231179","potions_obtained":[{"floor":1.0,"key":"Ancient Potion"},{"floor":3.0,"key":"Regen Potion"},{"floor":8.0,"key":"Fruit Juice"},{"floor":8.0,"key":"SkillPotion"},{"floor":10.0,"key":"Ancient Potion"},{"floor":14.0,"key":"LiquidMemories"},{"floor":16.0,"key":"SteroidPotion"},{"floor":18.0,"key":"Fire Potion"},{"floor":23.0,"key":"Fire Potion"}],"is_trial":false,"path_per_floor":["M","M","M","M","$","E","R","?","T","E","?","M","M","?","R","B",null,"M","$","?","T","M","E","R","?","T","?"],"character_chosen":"DEFECT","items_purchased":["Lantern","Bag of Marbles","Reinforced Body"],"campfire_rested":2,"item_purchase_floors":[5,19,19],"current_hp_per_floor":[56,55,50,42,42,22,43,48,48,37,37,31,38,32,32,15,61,49,49,49,49,33,4,26,26,26,0,0],"gold":170,"neow_bonus":"ONE_RARE_RELIC","is_daily":false,"chose_seed":false,"campfire_upgraded":1,"win_rate":0.0,"timestamp":1613158641,"path_taken":["M","M","M","M","$","E","R","?","T","E","?","M","M","?","R","BOSS","M","$","?","?","M","E","R","?","T","?"],"items_purchased_type":["Relic","Relic","Card"],"build_version":"2020-12-13","purchased_purges":0,"victory":false,"max_hp_per_floor":[71,71,71,71,71,71,71,76,76,76,76,76,76,76,76,76,76,76,76,76,76,76,76,76,76,76,76,76],"relic_stats":{"counters":[14,64],"Tiny Chest":1,"Juzu Bracelet":3,"Ginger":[12],"obtain_stats":[{"Potion Belt":10,"Lantern":5,"Spirit Poop":11,"Tiny Chest":9,"WingedGreaves":23,"Juzu Bracelet":6,"Bag of Marbles":19,"Ginger":0,"Odd Mushroom":14,"Cracked Core":0,"Empty Cage":17,"Cables":26},{"Potion Belt":6,"Lantern":4,"Spirit Poop":6,"Tiny Chest":5,"WingedGreaves":13,"Juzu Bracelet":5,"Bag of Marbles":11,"Ginger":0,"Odd Mushroom":9,"Cracked Core":0,"Empty Cage":10,"Cables":13},{"Potion Belt":25,"Lantern":14,"Spirit Poop":25,"Tiny Chest":18,"WingedGreaves":60,"Juzu Bracelet":18,"Bag of Marbles":50,"Ginger":0,"Odd Mushroom":36,"Cracked Core":0,"Empty Cage":44,"Cables":60}],"Cables":[3,0,3,0,0]},"card_choices":[{"not_picked":["Cold Snap","BootSequence"],"picked":"Doom and Gloom","floor":1.0},{"not_picked":["Hologram","Leap"],"picked":"Go for the Eyes","floor":2.0},{"not_picked":["Streamline","Scrape"],"picked":"Sweeping Beam","floor":3.0},{"not_picked":["Leap","Loop"],"picked":"Reinforced Body","floor":4.0},{"not_picked":["Scrape","Barrage"],"picked":"Self Repair","floor":6.0},{"not_picked":["Rip and Tear","Undo"],"picked":"Fusion","floor":10.0},{"not_picked":["Coolheaded","Gash"],"picked":"Glacier","floor":12.0},{"not_picked":["Gash","Multi-Cast"],"picked":"Streamline","floor":13.0},{"not_picked":["Hello World","Go for the Eyes"],"picked":"Ball Lightning","floor":14.0},{"not_picked":["Reboot","Hyperbeam"],"picked":"Core Surge","floor":16.0},{"not_picked":["Stack+1","Steam","Static Discharge"],"picked":"SKIP","floor":18.0},{"not_picked":["Stack","Streamline"],"picked":"Aggregate","floor":22.0},{"not_picked":["Rebound","Auto Shields","Redo"],"picked":"SKIP","floor":23.0}],"player_experience":515109,"relics_obtained":[{"floor":6.0,"key":"Juzu Bracelet"},{"floor":9.0,"key":"Tiny Chest"},{"floor":10.0,"key":"Potion Belt"},{"floor":14.0,"key":"Odd Mushroom"},{"floor":23.0,"key":"WingedGreaves"},{"floor":26.0,"key":"Cables"}],"event_choices":[{"damage_healed":0.0,"max_hp_gain":0.0,"max_hp_loss":0.0,"gold_gain":0.0,"event_name":"Lab","player_choice":"Got Potions","floor":8.0,"gold_loss":0.0,"damage_taken":0.0},{"cards_removed":["Doubt"],"damage_healed":0.0,"max_hp_gain":0.0,"max_hp_loss":0.0,"gold_gain":0.0,"event_name":"Bonfire Elementals","player_choice":"Offered Curse","floor":11.0,"gold_loss":0.0,"damage_taken":0.0,"relics_obtained":["Spirit Poop"]},{"damage_healed":0.0,"max_hp_gain":0.0,"max_hp_loss":0.0,"gold_gain":0.0,"event_name":"Mushrooms","player_choice":"Fought Mushrooms","floor":14.0,"gold_loss":0.0,"damage_taken":0.0},{"cards_removed":["Defend_B"],"damage_healed":0.0,"max_hp_gain":0.0,"max_hp_loss":0.0,"gold_gain":0.0,"event_name":"Purifier","player_choice":"Purged","floor":20.0,"gold_loss":0.0,"damage_taken":0.0},{"damage_healed":0.0,"max_hp_gain":0.0,"max_hp_loss":0.0,"gold_gain":50.0,"event_name":"Nest","player_choice":"Stole From Cult","floor":25.0,"gold_loss":0.0,"damage_taken":0.0},{"damage_healed":0,"gold_gain":0,"player_choice":"Fought Bandits","damage_taken":0,"max_hp_gain":0,"max_hp_loss":0,"event_name":"Masked Bandits","floor":27,"gold_loss":0}],"is_beta":false,"boss_relics":[{"not_picked":["Velvet Choker","Pandora\u0027s Box"],"picked":"Empty Cage"}],"items_purged_floors":[],"is_endless":false,"potions_floor_spawned":[1,3,10,14,16,18,23],"killed_by":"Masked Bandits","ascension_level":15}}