{"host":"vl29iwkwnyytuw8q","time":1613142504,"event":{"mods":["BaseMod","Minty Spire (QoL Compilation)","Permanent Neow","Relic Stats","StSLib"],"gold_per_floor":[109,122,122,145,145,178,178,212,212,212,250,274,274,293,293,383,383,408,408,433,0,24,24,68,90,113,113,113,135,135,158,158,158,158],"floor_reached":33,"language":"ENG","playtime":1233,"items_purged":["Strike_G"],"score":574,"play_id":"50c16e84-0188-4cc4-9208-884b03a72479","local_time":"20210212160824","is_ascension_mode":true,"campfire_choices":[{"data":"Skewer","floor":7.0,"key":"SMITH"},{"floor":10.0,"key":"REST"},{"data":"Skewer","floor":13.0,"key":"SMITH"},{"floor":15.0,"key":"REST"},{"floor":23,"key":"REST"},{"floor":27,"key":"REST"},{"floor":30,"key":"REST"},{"data":"After Image","floor":32,"key":"SMITH"}],"circlet_count":0,"master_deck":["AscendersBane","Strike_G","Strike_G","Strike_G","Defend_G","Defend_G","Defend_G","Defend_G","Defend_G","Survivor","Neutralize+1","Slice","Skewer+1","Leg Sweep","Prepared","Skewer+1","Infinite Blades","Cloak And Dagger","Cloak And Dagger","After Image+1","Terror","Acrobatics","Blur+1","Master of Strategy","Backflip+1","Outmaneuver+1","Quick Slash+1","Dagger Throw","Blade Dance"],"relics":["Philosopher\u0027s Stone","Golden Idol","Pear","HornCleat","Shuriken","Pen Nib","HoveringKite","CeramicFish","Oddly Smooth Stone","Whetstone","Regal Pillow"],"acts_visited":["Exordium","TheCity"],"potions_floor_usage":[24,25,29],"damage_taken":[{"damage":0.0,"enemies":"Jaw Worm","floor":1.0,"turns":4.0},{"damage":3.0,"enemies":"2 Louse","floor":2.0,"turns":3.0},{"damage":7.0,"enemies":"Small Slimes","floor":4.0,"turns":3.0},{"damage":25.0,"enemies":"Gremlin Nob","floor":6.0,"turns":4.0},{"damage":5.0,"enemies":"Lagavulin","floor":8.0,"turns":7.0},{"damage":8.0,"enemies":"3 Sentries","floor":11.0,"turns":6.0},{"damage":11.0,"enemies":"Exordium Thugs","floor":12.0,"turns":3.0},{"damage":6.0,"enemies":"Lots of Slimes","floor":14.0,"turns":4.0},{"damage":11.0,"enemies":"Hexaghost","floor":16.0,"turns":9.0},{"damage":38.0,"enemies":"Chosen","floor":18.0,"turns":6.0},{"damage":18,"enemies":"3 Byrds","floor":20,"turns":6},{"damage":0,"enemies":"Snake Plant","floor":22,"turns":4},{"damage":12,"enemies":"Gremlin Leader","floor":24,"turns":7},{"damage":9,"enemies":"3 Cultists","floor":25,"turns":7},{"damage":5,"enemies":"Sentry and Sphere","floor":29,"turns":10},{"damage":20,"enemies":"Chosen and Byrds","floor":31,"turns":6},{"damage":41,"enemies":"Champ","floor":33,"turns":6}],"seed_played":"-399813022074497384","potions_obtained":[{"floor":4.0,"key":"Energy Potion"},{"floor":6.0,"key":"DistilledChaos"},{"floor":11.0,"key":"Strength Potion"},{"floor":12.0,"key":"EssenceOfSteel"},{"floor":18.0,"key":"Dexterity Potion"},{"floor":25,"key":"Block Potion"},{"floor":31,"key":"Explosive Potion"}],"is_trial":false,"path_per_floor":["M","M","?","M","?","E","R","E","T","R","E","M","R","M","R","B",null,"M","?","M","$","M","R","E","M","T","R","T","M","R","M","R","B"],"character_chosen":"THE_SILENT","items_purchased":["CeramicFish","Master of Strategy"],"campfire_rested":5,"item_purchase_floors":[21,21],"current_hp_per_floor":[59,56,56,49,49,34,34,29,29,50,42,31,31,25,46,35,61,23,23,5,5,5,26,14,5,5,26,26,21,57,37,37,0,0],"gold":158,"neow_bonus":"BOSS_RELIC","is_daily":false,"chose_seed":false,"campfire_upgraded":3,"win_rate":0.0,"timestamp":1613142504,"path_taken":["M","M","?","M","?","E","R","E","T","R","E","M","R","M","R","BOSS","M","?","M","$","M","R","E","?","T","R","?","M","R","M","R","BOSS"],"items_purchased_type":["Relic","Card"],"build_version":"2020-12-22","purchased_purges":1,"victory":false,"max_hp_per_floor":[66,66,60,60,60,70,70,70,70,70,70,70,70,70,70,70,70,70,70,70,70,70,70,70,70,70,70,70,70,70,70,70,70,70],"relic_stats":{"Regal Pillow":15,"counters":[17,95],"Golden Idol":83,"Shuriken":[29],"CeramicFish":54,"HoveringKite":[21],"Pen Nib":[15],"Whetstone":["Neutralize","Quick Slash"],"obtain_stats":[{"Regal Pillow":28,"Pear":6,"HornCleat":8,"Golden Idol":3,"Shuriken":9,"CeramicFish":21,"HoveringKite":17,"Oddly Smooth Stone":24,"Philosopher\u0027s Stone":0,"Pen Nib":11,"Whetstone":26,"Ring of the Snake":0},{"Regal Pillow":14,"Pear":4,"HornCleat":5,"Golden Idol":2,"Shuriken":5,"CeramicFish":11,"HoveringKite":9,"Oddly Smooth Stone":13,"Philosopher\u0027s Stone":0,"Pen Nib":6,"Whetstone":14,"Ring of the Snake":0},{"Regal Pillow":73,"Pear":14,"HornCleat":21,"Golden Idol":7,"Shuriken":21,"CeramicFish":55,"HoveringKite":43,"Oddly Smooth Stone":66,"Philosopher\u0027s Stone":0,"Pen Nib":27,"Whetstone":73,"Ring of the Snake":0}]},"card_choices":[{"not_picked":["Deflect","Calculated Gamble"],"picked":"Slice","floor":1.0},{"not_picked":["Dodge and Roll","Acrobatics"],"picked":"Skewer","floor":2.0},{"not_picked":["Acrobatics","Dagger Throw"],"picked":"Leg Sweep","floor":4.0},{"not_picked":["Dodge and Roll","Poisoned Stab"],"picked":"Prepared","floor":6.0},{"not_picked":["Sucker Punch","Bouncing Flask"],"picked":"Skewer","floor":8.0},{"not_picked":["Dodge and Roll","Reflex"],"picked":"Infinite Blades","floor":11.0},{"not_picked":["Caltrops","Backflip"],"picked":"Cloak And Dagger","floor":12.0},{"not_picked":["Outmaneuver","Sucker Punch"],"picked":"Cloak And Dagger","floor":14.0},{"not_picked":["Corpse Explosion","Unload"],"picked":"After Image","floor":16.0},{"not_picked":["Backstab+1","Choke"],"picked":"Terror","floor":18.0},{"not_picked":["Backflip","Eviscerate"],"picked":"Blur+1","floor":20},{"not_picked":["Bane","Backstab"],"picked":"Backflip+1","floor":22},{"not_picked":["Envenom","Reflex"],"picked":"Outmaneuver+1","floor":24},{"not_picked":["Sucker Punch","Catalyst"],"picked":"Quick Slash","floor":25},{"not_picked":["Flying Knee","Glass Knife"],"picked":"Dagger Throw","floor":29},{"not_picked":["Dagger Throw","Quick Slash"],"picked":"Blade Dance","floor":31}],"player_experience":680318,"relics_obtained":[{"floor":6.0,"key":"Pear"},{"floor":8.0,"key":"HornCleat"},{"floor":9.0,"key":"Shuriken"},{"floor":11.0,"key":"Pen Nib"},{"floor":24,"key":"Oddly Smooth Stone"},{"floor":26,"key":"Whetstone"},{"floor":28,"key":"Regal Pillow"}],"event_choices":[{"damage_healed":0.0,"max_hp_gain":0.0,"max_hp_loss":6.0,"gold_gain":0.0,"event_name":"Golden Idol","player_choice":"Lose Max HP","floor":3.0,"gold_loss":0.0,"damage_taken":0.0,"relics_obtained":["Golden Idol"]},{"damage_healed":0.0,"max_hp_gain":0.0,"max_hp_loss":0.0,"gold_gain":0.0,"event_name":"Golden Wing","player_choice":"Ignored","floor":5.0,"gold_loss":0.0,"damage_taken":0.0},{"damage_healed":0.0,"max_hp_gain":0.0,"max_hp_loss":0.0,"gold_gain":0.0,"cards_transformed":["Strike_G"],"event_name":"Transmorgrifier","player_choice":"Transformed","floor":19.0,"gold_loss":0.0,"damage_taken":0.0,"cards_obtained":["Acrobatics"]}],"is_beta":false,"boss_relics":[{"not_picked":["Velvet Choker","SacredBark"],"picked":"HoveringKite"}],"items_purged_floors":[21],"is_endless":false,"potions_floor_spawned":[4,6,11,12,18,25,31],"killed_by":"Champ","ascension_level":20}}