{"host":"swavyr4ofmkhu42f","time":1613105565,"event":{"mods":["BaseMod","Colored Map","Minty Spire (QoL Compilation)","StSLib"],"gold_per_floor":[112,122,135,145,320,320,340,340,395,470,470,522,12,32,32,134,134,150,150,165,181,181,181,181],"floor_reached":23,"language":"ENG","playtime":604,"items_purged":["Doubt"],"score":208,"play_id":"bd5b0644-28c5-409a-8863-d988fe69aa35","local_time":"20210211235245","is_ascension_mode":false,"campfire_choices":[{"data":"Whirlwind","floor":6.0,"key":"SMITH"},{"data":"Seeing Red","floor":11.0,"key":"SMITH"},{"data":"Flex","floor":15.0,"key":"SMITH"}],"circlet_count":0,"master_deck":["Strike_R","Strike_R","Strike_R+1","Strike_R+1","Strike_R","Defend_R","Defend_R","Defend_R","Defend_R","Bash","Whirlwind+1","Inflame","Spot Weakness","Seeing Red+1","Flex+1","Feed"],"relics":["Burning Blood","Oddly Smooth Stone","MealTicket","Singing Bowl","Whetstone","Velvet Choker","MutagenicStrength"],"acts_visited":["Exordium","TheCity"],"potions_floor_usage":[23],"damage_taken":[{"damage":11.0,"enemies":"Jaw Worm","floor":1.0,"turns":2.0},{"damage":7.0,"enemies":"2 Louse","floor":2.0,"turns":2.0},{"damage":0.0,"enemies":"Small Slimes","floor":3.0,"turns":3.0},{"damage":10.0,"enemies":"Looter","floor":4.0,"turns":4.0},{"damage":16.0,"enemies":"Blue Slaver","floor":7.0,"turns":4.0},{"damage":13.0,"enemies":"Red Slaver","floor":14.0,"turns":2.0},{"damage":26.0,"enemies":"Slime Boss","floor":16.0,"turns":8.0},{"damage":38.0,"enemies":"Shell Parasite","floor":18.0,"turns":6.0},{"damage":32.0,"enemies":"2 Thieves","floor":20.0,"turns":4.0},{"damage":43.0,"enemies":"Snecko","floor":21.0,"turns":6.0},{"damage":21,"enemies":"Slavers","floor":23,"turns":2}],"seed_played":"-4098658711285322954","potions_obtained":[{"floor":4.0,"key":"Explosive Potion"},{"floor":7.0,"key":"Regen Potion"},{"floor":21.0,"key":"LiquidBronze"}],"is_trial":false,"path_per_floor":["M","M","M","M","?","R","M","?","T","?","R","T","$","M","R","B",null,"M","?","M","M","?","E"],"character_chosen":"IRONCLAD","items_purchased":["Flex","Singing Bowl","Whetstone"],"campfire_rested":0,"item_purchase_floors":[13,13,13],"current_hp_per_floor":[83,82,88,84,84,84,74,79,79,68,68,68,83,78,78,58,95,68,68,56,24,24,3,3],"gold":181,"neow_bonus":"TEN_PERCENT_HP_BONUS","is_daily":false,"chose_seed":false,"campfire_upgraded":3,"win_rate":0.0,"timestamp":1613105565,"path_taken":["M","M","M","M","?","R","M","?","T","?","R","?","$","M","R","BOSS","M","?","M","?","?","E"],"items_purchased_type":["Card","Relic","Relic"],"build_version":"2020-12-22","purchased_purges":1,"victory":false,"max_hp_per_floor":[88,88,88,88,88,88,88,93,93,93,93,93,93,95,95,95,95,100,100,102,107,107,107,107],"card_choices":[{"not_picked":["Clash","Pommel Strike","Heavy Blade"],"picked":"SKIP","floor":1.0},{"not_picked":["Heavy Blade","Clothesline"],"picked":"Inflame","floor":2.0},{"not_picked":["Armaments","Warcry","Clothesline"],"picked":"SKIP","floor":3.0},{"not_picked":["Disarm","Wild Strike"],"picked":"Spot Weakness","floor":4.0},{"not_picked":["Clash","Cleave"],"picked":"Seeing Red","floor":7.0},{"not_picked":["Limit Break","Armaments","Body Slam"],"picked":"Singing Bowl","floor":14.0},{"not_picked":["Immolate","Bludgeon"],"picked":"Feed","floor":16.0},{"not_picked":["Sword Boomerang","Clothesline","Pommel Strike"],"picked":"Singing Bowl","floor":18.0},{"not_picked":["Ghostly Armor","Shrug It Off","Twin Strike"],"picked":"Singing Bowl","floor":20.0},{"not_picked":["Offering","Rupture","Seeing Red"],"picked":"Singing Bowl","floor":21.0}],"player_experience":208505,"relics_obtained":[{"floor":9.0,"key":"Oddly Smooth Stone"},{"floor":12.0,"key":"MealTicket"}],"event_choices":[{"damage_healed":0.0,"max_hp_gain":0.0,"max_hp_loss":0.0,"gold_gain":175.0,"event_name":"Liars Game","player_choice":"AGREE","floor":5.0,"gold_loss":0.0,"damage_taken":0.0,"cards_obtained":["Doubt"]},{"damage_healed":0.0,"max_hp_gain":5.0,"max_hp_loss":0.0,"gold_gain":0.0,"event_name":"Big Fish","player_choice":"Donut","floor":8.0,"gold_loss":0.0,"damage_taken":0.0},{"damage_healed":0.0,"max_hp_gain":0.0,"max_hp_loss":0.0,"gold_gain":75.0,"event_name":"World of Goop","player_choice":"Gather Gold","floor":10.0,"gold_loss":0.0,"damage_taken":11.0},{"damage_healed":0.0,"max_hp_gain":0.0,"max_hp_loss":0.0,"gold_gain":0.0,"event_name":"NoteForYourself","player_choice":"Ignored","floor":19.0,"gold_loss":0.0,"damage_taken":0.0},{"damage_healed":0.0,"max_hp_gain":0.0,"max_hp_loss":0.0,"gold_gain":0.0,"event_name":"Drug Dealer","player_choice":"Inject Mutagens","floor":22.0,"gold_loss":0.0,"damage_taken":0.0,"relics_obtained":["MutagenicStrength"]}],"is_beta":false,"boss_relics":[{"not_picked":["Snecko Eye","Astrolabe"],"picked":"Velvet Choker"}],"items_purged_floors":[13],"is_endless":false,"potions_floor_spawned":[4,7,21],"killed_by":"Slavers","ascension_level":0}}