{"host":"23qk1co0p3p8qz56","time":1613120687,"event":{"mods":["100% Spire Juice","AchievementEnabler","Act Like it!","Arknights","BaseMod","Better Note","Better Third Choice","BetterRewards","CapriCore","Chen","Colored Map","DNKmod","Downfall","Duelist Mod","Friendly Minions","Gensokyo","Gold Saver","KinomotoSakuraMod(ñÿîVñ{?)","Koishi","LagranYue(ùfäiòNÅEåé)","Lobotomy","LobotomyExtend","Mari Mod (Legacy)","Mari\u0027s V1 Patch","MarisaÅiñ∂âJÅ@ñÇóùçπÅj","Minty Spire (QoL Compilation)","Prisma Mod","ReimuÅiîé??öÎÅj","RemiliaÅiÂQïƒ‰ª?Åj","RumiaBox-òIïƒ?ìIê_îÈ·¥éq","StSLib","The Administrix","The Alterego","The Animator","The Gatherer","The Immortal","The Senshi","Waifu the Spire","WarShipGirlsR/??è≠èóR mod","Yakumo Yukari mod","Yohane!","Yuyuko"],"gold_per_floor":[1015,753,764,337,297,297,307,337,400,412,424,454,466,490,502,616,628,660,672,684,362,374,374,392,407,478,507,607,617,617,617,617,712,712,722,772,772,789,835,835,588,588,588,601,612,622,622,649,649,649],"floor_reached":51,"language":"ENG","playtime":3461,"items_purged":[],"score":945,"play_id":"859dfb3e-7f65-4ac2-a71b-c93090b68441","local_time":"20210212020447","is_ascension_mode":false,"campfire_choices":[{"data":"TransientEternity","floor":6,"key":"SMITH"},{"data":"ScarletNetherworld","floor":11,"key":"SMITH"},{"data":"TwelveNightmare","floor":13,"key":"SMITH"},{"data":"FitfulNightmare","floor":15,"key":"SMITH"},{"data":"DemonKingCradle","floor":30,"key":"SMITH"},{"data":"BloodyCatastrophe","floor":32,"key":"SMITH"},{"data":"ReincarnationDial","floor":40,"key":"SMITH"},{"data":"RedMoon","floor":42,"key":"SMITH"},{"data":"BloodyMagicSquare","floor":49,"key":"SMITH"}],"circlet_count":0,"master_deck":["Strike_RM","Strike_RM","Strike_RM","Defend_RM","Defend_RM","Defend_RM","RedMoon+1","ScarletShoot","ScarletSymphony","ScarletNetherworld+1","EternalNight","TransientEternity+1","BloodyTrap","RedRainbow","ReincarnationDial+1","TwelveNightmare+1","NightLord","ScarletImprint","ScarletDevilSign","FitfulNightmare+1","DemonKingCradle+1","QueenOfMidnight","BloodyCatastrophe+1","MastersStateliness","NightDance+1","BloodAndWine+1","BadLadyScramble","EternalNight+1","EternalNight","Ultimatum+1","BloodyHallows","BlasphemousPunishment+1","DevilSight+1","ScarletDevilSign+1","ScarletDevil+1","MastersStateliness+1","theDuelist:CurseAging","UnstableMagic+1","BloodAndWine","theDuelist:PsiCurse","BloodyMagicSquare+1"],"relics":["ScarletHat","AntiCross","Question Card","Shuriken","LagranYue:RandomDrawCardRelic","LetterFromLob","Orrery","SSSystem","CrazyTorch:ReiMu","PaintedHorse:ReiMu","MawBank","Potion Belt","LagranYue:SoulBurningRelic","Anchor","Eternal Feather","LagranYue:GuidanceLightRelic","PlanX","Letter Opener","alterego_mod:FleetingLove","Cursed Key","Calipers","CatCart","MagicDraw3","Tea:ReiMu","Bottled Lightning","Frozen Egg 2"],"acts_visited":["Exordium","TheCity","TheBeyond"],"potions_floor_usage":[8,28,50,50,50,50,50,50],"damage_taken":[{"damage":0,"enemies":"Jaw Worm","floor":1,"turns":2},{"damage":5,"enemies":"Small Slimes","floor":3,"turns":3},{"damage":0,"enemies":"2 Louse","floor":7,"turns":2},{"damage":13,"enemies":"Gremlin Nob","floor":8,"turns":3},{"damage":11,"enemies":"Blue Slaver","floor":12,"turns":2},{"damage":0,"enemies":"Looter","floor":14,"turns":2},{"damage":16,"enemies":"The Guardian","floor":16,"turns":5},{"damage":0,"enemies":"Spheric Guardian","floor":18,"turns":1},{"damage":4,"enemies":"Chosen","floor":22,"turns":2},{"damage":5,"enemies":"Centurion and Healer","floor":24,"turns":2},{"damage":4,"enemies":"Snake Plant","floor":25,"turns":3},{"damage":4,"enemies":"Book of Stabbing","floor":27,"turns":4},{"damage":17,"enemies":"Colosseum Slavers","floor":28,"turns":2},{"damage":0,"enemies":"Colosseum Nobs","floor":28,"turns":2},{"damage":4,"enemies":"Shelled Parasite and Fungi","floor":29,"turns":3},{"damage":18,"enemies":"Champ","floor":33,"turns":4},{"damage":6,"enemies":"Orb Walker","floor":35,"turns":1},{"damage":237,"enemies":"Mind Bloom Boss Battle","floor":36,"turns":3},{"damage":24,"enemies":"3 Darklings","floor":38,"turns":2},{"damage":14,"enemies":"Orin","floor":39,"turns":4},{"damage":23,"enemies":"Writhing Mass","floor":44,"turns":3},{"damage":32,"enemies":"Transient","floor":45,"turns":5},{"damage":6,"enemies":"Spire Growth","floor":46,"turns":1},{"damage":6,"enemies":"Giant Head","floor":48,"turns":1},{"damage":10,"enemies":"Time Eater","floor":50,"turns":4}],"seed_played":"-2275671700684235920","potions_obtained":[{"floor":0,"key":"Strength Potion"},{"floor":0,"key":"SkillPotion"},{"floor":0,"key":"MagicPotion:ReiMu"},{"floor":1,"key":"DistilledChaos"},{"floor":3,"key":"DuplicationPotion"},{"floor":8,"key":"Weak Potion"},{"floor":25,"key":"FearPotion"},{"floor":27,"key":"SteroidPotion"},{"floor":29,"key":"FairyPotion"},{"floor":36,"key":"PowerPotion"},{"floor":39,"key":"MagicPotion:ReiMu"},{"floor":44,"key":"CultistPotion"}],"is_trial":false,"path_per_floor":["M","$","M","$","?","R","M","E","T","?","R","M","R","M","R","B",null,"M","?","?","$","M","M","M","M","T","E","?","M","R","?","R","B",null,"M","?","?","M","?","R","$","R","T","M","M","M","T","E","R","B",null],"character_chosen":"REMILIA","items_purchased":["ScarletNetherworld","EternalNight","Orrery","TwelveNightmare","SSSystem","CrazyTorch:ReiMu","BloodyCatastrophe","MastersStateliness","Anchor","MagicDraw3"],"campfire_rested":0,"item_purchase_floors":[2,2,2,4,4,4,21,21,21,41],"current_hp_per_floor":[500,500,495,495,495,495,497,486,486,500,500,490,490,491,491,496,500,500,500,500,500,497,497,494,497,497,500,488,488,500,500,500,500,500,496,278,268,248,266,286,286,306,306,313,375,374,374,390,413,420],"gold":649,"neow_bonus":"THREE_SMALL_POTIONS","is_daily":false,"chose_seed":false,"campfire_upgraded":9,"win_rate":0.0,"timestamp":1613120687,"path_taken":["M","$","M","$","?","R","M","E","T","?","R","M","R","M","R","BOSS","M","?","?","$","M","M","M","M","T","E","?","M","R","?","R","BOSS","M","?","?","M","?","R","$","R","T","M","M","M","?","E","R","BOSS"],"items_purchased_type":["Card","Card","Relic","Card","Relic","Relic","Card","Card","Relic","Relic"],"build_version":"2020-12-22","purchased_purges":0,"victory":true,"max_hp_per_floor":[500,500,500,500,500,500,500,500,500,500,500,500,500,500,500,500,500,500,500,500,500,500,500,500,500,500,500,500,500,500,500,500,500,500,500,500,500,500,500,500,500,500,500,500,500,500,500,500,500,500],"card_choices":[{"not_picked":["BlasphemousPunishment","CharismaGuard","ScarletImprint"],"picked":"ScarletSymphony","floor":1},{"not_picked":["BloodHunter","ScarletSymphony","BloodyMagicSquare"],"picked":"TransientEternity","floor":2},{"not_picked":["LeisurelyOfLord","VampireClaw","Stigmanizer"],"picked":"ScarletDream","floor":2},{"not_picked":["Maim","ScarletSymphony","ScarletDevil"],"picked":"BloodyTrap","floor":2},{"not_picked":["BombardNight","NightDance","ScarletDevil"],"picked":"RedRainbow","floor":2},{"not_picked":["GlobalNightmare","ForbiddenFruit","NightLord"],"picked":"ReincarnationDial","floor":2},{"not_picked":["CharismaGuard","ChainGang","ScarletDevil","EmergencyRegeneration"],"picked":"SKIP","floor":3},{"not_picked":["VampireKiss","RedRainbow","ScarletDevil"],"picked":"NightLord","floor":7},{"not_picked":["ReincarnationDial","Stigmanizer","ScarletNetherworld"],"picked":"ScarletImprint","floor":8},{"not_picked":["EndlessAdversity","MillenniumVampire","VampireKiss"],"picked":"ScarletDevilSign","floor":12},{"not_picked":["Stigmanizer","ScarletDream","StarOfDavid"],"picked":"FitfulNightmare","floor":14},{"not_picked":["ScarletCoffin","BatForm","QueenOfMidnight"],"picked":"DemonKingCradle","floor":16},{"not_picked":["ScarletImprint","DevilSight","FavorOfDestiny","EndlessAdversity"],"picked":"SKIP","floor":18},{"not_picked":["VampireSweep+1","TwelveNightmare","MillenniumVampire+1"],"picked":"NightDance+1","floor":22},{"not_picked":["DiffusionOfMisfortune","NightDance","ScarletNetherworld"],"picked":"BloodAndWine+1","floor":24},{"not_picked":["FitfulNightmare+1","ScarletGensokyo","AfternoonTea"],"picked":"BadLadyScramble","floor":25},{"not_picked":["ScarletImprint","TwelveNightmare","Stigmanizer"],"picked":"EternalNight+1","floor":27},{"not_picked":["FavorOfDestiny","ScarletDevil","DemonKingCradle"],"picked":"EternalNight","floor":28},{"not_picked":["RedRainbow+1","StarOfDavid","BadLadyScramble"],"picked":"Ultimatum+1","floor":29},{"not_picked":["HellCatastrophe","HeartBreak","BloodySeventeenLaser"],"picked":"BloodyHallows","floor":33},{"not_picked":["StarOfDavid","RedRainbow+1","FavorOfDestiny"],"picked":"BlasphemousPunishment+1","floor":35},{"not_picked":["RedNightlessCastle","Maim","CharismaGuard+1"],"picked":"DevilSight+1","floor":35},{"not_picked":["GlobalNightmare","ChainGang","Stigmanizer+1"],"picked":"ScarletDevilSign+1","floor":36},{"not_picked":["UnderTheZenith+1","Maim","StarOfDavid+1"],"picked":"ScarletDevil+1","floor":38},{"not_picked":["VampireKiss+1","EndlessAdversity+1","UnderTheZenith"],"picked":"MastersStateliness+1","floor":39},{"not_picked":["CharismaGuard+1","Maim+1","BadLadyScramble+1","BlasphemousPunishment"],"picked":"SKIP","floor":44},{"not_picked":["CharismaGuard","BloodAndWine+1","TransientEternity"],"picked":"UnstableMagic+1","floor":45},{"not_picked":["SuperhumanBloodyKnife","EndlessAdversity+1","FavorOfDestiny"],"picked":"BloodAndWine","floor":46},{"not_picked":["NightLord+1","CharismaGuard+1","TransientEternity+1"],"picked":"BloodyMagicSquare","floor":48}],"player_experience":174297,"relics_obtained":[{"floor":1,"key":"LetterFromLob"},{"floor":8,"key":"MawBank"},{"floor":9,"key":"Potion Belt"},{"floor":26,"key":"Eternal Feather"},{"floor":27,"key":"LagranYue:GuidanceLightRelic"},{"floor":28,"key":"PlanX"},{"floor":28,"key":"Letter Opener"},{"floor":36,"key":"Calipers"},{"floor":39,"key":"CatCart"},{"floor":43,"key":"Tea:ReiMu"},{"floor":47,"key":"Bottled Lightning"},{"floor":48,"key":"Frozen Egg 2"}],"event_choices":[{"damage_healed":0,"gold_gain":0,"player_choice":"Donate","damage_taken":0,"relics_obtained":["PaintedHorse:ReiMu"],"max_hp_gain":0,"max_hp_loss":0,"event_name":"yidonshenshe","floor":5,"gold_loss":40},{"damage_healed":0,"gold_gain":0,"player_choice":"Ignored","damage_taken":0,"max_hp_gain":0,"max_hp_loss":0,"event_name":"betterNote:BetterNote","floor":19,"gold_loss":0,"cards_obtained":["animator:Wiz"]},{"damage_healed":0,"gold_gain":0,"player_choice":"Read","damage_taken":0,"max_hp_gain":0,"max_hp_loss":0,"event_name":"The Library","floor":20,"gold_loss":0,"cards_obtained":["QueenOfMidnight"]},{"damage_healed":0,"gold_gain":0,"player_choice":"Fight","damage_taken":0,"max_hp_gain":0,"max_hp_loss":0,"event_name":"Colosseum","floor":28,"gold_loss":0},{"damage_healed":0,"gold_gain":0,"player_choice":"Fought Nobs","damage_taken":0,"max_hp_gain":0,"max_hp_loss":0,"event_name":"Colosseum","floor":28,"gold_loss":0},{"damage_healed":0,"gold_gain":0,"player_choice":"Choice 1","damage_taken":0,"relics_obtained":["alterego_mod:FleetingLove"],"max_hp_gain":0,"max_hp_loss":0,"event_name":"Secret Garden","floor":31,"gold_loss":0},{"damage_healed":0,"gold_gain":0,"player_choice":"Fight","damage_taken":0,"max_hp_gain":0,"max_hp_loss":0,"event_name":"MindBloom","floor":36,"gold_loss":0},{"damage_healed":0,"gold_gain":0,"player_choice":"Memory 3","damage_taken":10,"max_hp_gain":0,"max_hp_loss":0,"event_name":"SensoryStone","floor":37,"gold_loss":0},{"damage_healed":0,"gold_gain":0,"player_choice":"Fight","damage_taken":0,"max_hp_gain":0,"max_hp_loss":0,"event_name":"OrinTheCat","floor":39,"gold_loss":0}],"is_beta":false,"boss_relics":[{"not_picked":["Runic Pyramid","Sozu"],"picked":"LagranYue:SoulBurningRelic"},{"not_picked":["Black Star","Snecko Eye"],"picked":"Cursed Key"}],"items_purged_floors":[],"is_endless":false,"potions_floor_spawned":[1,3,8,25,27,28,29,33,36,39,44,45],"ascension_level":0}}