{"host":"fx4ma24vdin0c28l","time":1613139059,"event":{"mods":["AchievementEnabler","BaseMod","Colored Map","Colored Powertips","Minty Spire (QoL Compilation)","Quick Restart"],"gold_per_floor":[9999,10010,10021,9108,9124,9151,9151,9151,9151,8268,8295,8313,8338,8353,8353,8452,8452,8452,8452,7143,7143,7143,7143,7143,7143,7143,7143,7143,7143,7143,6498,6498,6498,6498,6498,6498,6458,6458,6458,6458,6458,6458,6458,5220,5220,4107,4107,4107,4107,4107],"floor_reached":51,"language":"ENG","playtime":2913,"items_purged":["Defend_B","Strike_B","Hello World+1","Defend_B","Defend_B","Strike_B"],"score":794,"play_id":"373f2ee5-09ab-41ab-b40e-5ec6233454e4","local_time":"20210212091059","is_ascension_mode":false,"campfire_choices":[{"floor":8,"key":"REST"},{"data":"Hello World","floor":15,"key":"SMITH"},{"data":"Thunder Strike","floor":23,"key":"SMITH"},{"data":"Master of Strategy","floor":25,"key":"SMITH"},{"data":"Thunder Strike","floor":32,"key":"SMITH"},{"floor":47,"key":"REST"},{"data":"Reboot","floor":49,"key":"SMITH"}],"circlet_count":0,"master_deck":["Strike_B","Defend_B+1","Zap","Dualcast","Sweeping Beam","Cold Snap","Gash","Jack Of All Trades+1","Scrape","Ball Lightning","Streamline","Reinforced Body","Storm+1","All For One","Impatience","Compile Driver","Ball Lightning","Creative AI+1","Chill","Storm+1","Self Repair+1","Thunder Strike+1","Master of Strategy+1","Swift Strike","Beam Cell","Sweeping Beam+1","Blizzard","Thunder Strike+1","Static Discharge+1","Gash","Reboot+1","Capacitor+1","Capacitor+1","Conserve Battery","Barrage+1","White Noise+1","Conserve Battery+1","Dramatic Entrance","Gash","Chaos+1","Apotheosis+1","Gash+1"],"relics":["Cracked Core","NeowsBlessing","OrangePellets","Potion Belt","Tiny Chest","Ginger","Ornamental Fan","Toy Ornithopter","Frozen Egg 2","Toolbox","Strawberry","HornCleat","Ectoplasm","Art of War","Pear","Frozen Eye","Pantograph","TungstenRod","Nunchaku","Sling","War Paint","SacredBark","Mummified Hand","Toxic Egg 2","Strange Spoon","Bottled Lightning","Bronze Scales","Blue Candle","Lee\u0027s Waffle"],"acts_visited":["Exordium","TheCity","TheBeyond"],"potions_floor_usage":[13,13,13,13,13,13,13,13,13,13,33,33,33,35,41,41,41,41,45,45,45,45,45,50,50],"damage_taken":[{"damage":0,"enemies":"Cultist","floor":1,"turns":1},{"damage":0,"enemies":"Small Slimes","floor":2,"turns":1},{"damage":0,"enemies":"Jaw Worm","floor":3,"turns":1},{"damage":34,"enemies":"Exordium Thugs","floor":5,"turns":4},{"damage":12,"enemies":"Gremlin Nob","floor":6,"turns":3},{"damage":11,"enemies":"Looter","floor":12,"turns":3},{"damage":0,"enemies":"3 Sentries","floor":13,"turns":4},{"damage":7,"enemies":"Blue Slaver","floor":14,"turns":3},{"damage":7,"enemies":"Slime Boss","floor":16,"turns":7},{"damage":0,"enemies":"Spheric Guardian","floor":18,"turns":3},{"damage":11,"enemies":"Shell Parasite","floor":19,"turns":4},{"damage":6,"enemies":"3 Cultists","floor":21,"turns":4},{"damage":0,"enemies":"Snake Plant","floor":22,"turns":2},{"damage":5,"enemies":"Centurion and Healer","floor":28,"turns":4},{"damage":2,"enemies":"3 Cultists","floor":29,"turns":4},{"damage":0,"enemies":"Chosen and Byrds","floor":30,"turns":3},{"damage":39,"enemies":"Automaton","floor":33,"turns":8},{"damage":32,"enemies":"3 Darklings","floor":35,"turns":3},{"damage":14,"enemies":"Orb Walker","floor":36,"turns":3},{"damage":20,"enemies":"3 Darklings","floor":38,"turns":5},{"damage":0,"enemies":"Spire Growth","floor":39,"turns":5},{"damage":7,"enemies":"Sphere and 2 Shapes","floor":40,"turns":4},{"damage":14,"enemies":"Jaw Worm Horde","floor":41,"turns":3},{"damage":19,"enemies":"Maw","floor":42,"turns":5},{"damage":15,"enemies":"3 Darklings","floor":45,"turns":2},{"damage":12,"enemies":"Sphere and 2 Shapes","floor":48,"turns":3},{"damage":25,"enemies":"Donu and Deca","floor":50,"turns":6}],"seed_played":"4007088832005265450","potions_obtained":[{"floor":3,"key":"SkillPotion"},{"floor":5,"key":"BlessingOfTheForge"},{"floor":13,"key":"Ancient Potion"},{"floor":14,"key":"BlessingOfTheForge"},{"floor":16,"key":"Regen Potion"},{"floor":35,"key":"PotionOfCapacity"},{"floor":37,"key":"LiquidMemories"},{"floor":37,"key":"BlessingOfTheForge"},{"floor":37,"key":"Strength Potion"},{"floor":42,"key":"Fire Potion"},{"floor":48,"key":"ColorlessPotion"}],"is_trial":false,"path_per_floor":["M","M","M","$","M","E","?","R","T","$","T","M","E","M","R","B",null,"M","M","$","M","M","R","?","R","T","T","M","M","M","$","R","B",null,"M","M","?","M","M","M","M","M","T","$","M","$","R","M","R","B",null],"character_chosen":"DEFECT","items_purchased":["OrangePellets","Potion Belt","Tiny Chest","EntropicBrew","Strength Potion","Dexterity Potion","Jack Of All Trades","Scrape","Hello World","Toy Ornithopter","Frozen Egg 2","Toolbox","Storm+1","All For One","Impatience","Art of War","Pear","Frozen Eye","Self Repair+1","Thunder Strike","Master of Strategy","Swift Strike","Block Potion","DistilledChaos","Beam Cell","Nunchaku","Sling","War Paint","Gash","Toxic Egg 2","Strange Spoon","Dramatic Entrance","Gash","Chaos+1","Bottled Lightning","Regen Potion","Ancient Potion","Strength Potion","Bronze Scales","Apotheosis+1","Blue Candle","Lee\u0027s Waffle","SteroidPotion","Block Potion","GamblersBrew"],"campfire_rested":2,"item_purchase_floors":[4,4,4,4,4,4,4,4,4,10,10,10,10,10,10,20,20,20,20,20,20,20,20,20,20,31,31,31,31,44,44,44,44,44,44,44,44,44,46,46,46,46,46,46,46],"current_hp_per_floor":[75,75,75,75,41,29,29,51,51,51,58,47,82,75,75,68,82,82,71,81,85,85,85,85,85,85,85,90,88,88,88,88,63,92,69,55,55,35,35,28,44,25,25,25,35,99,99,87,87,84],"gold":4107,"neow_bonus":"THREE_ENEMY_KILL","is_daily":false,"chose_seed":false,"campfire_upgraded":5,"win_rate":0.0,"timestamp":1613139059,"path_taken":["M","M","?","$","M","E","?","R","T","$","?","M","E","M","R","BOSS","M","M","$","M","M","R","?","R","T","?","M","M","M","$","R","BOSS","M","M","?","M","M","M","M","M","T","$","?","$","R","M","R","BOSS"],"items_purchased_type":["Relic","Relic","Relic","Potion","Potion","Potion","Card","Card","Card","Relic","Relic","Relic","Card","Card","Card","Relic","Relic","Relic","Card","Card","Card","Card","Potion","Potion","Card","Relic","Relic","Relic","Card","Relic","Relic","Card","Card","Card","Relic","Potion","Potion","Potion","Relic","Card","Relic","Relic","Potion","Potion","Potion"],"build_version":"2020-12-22","purchased_purges":6,"victory":true,"max_hp_per_floor":[75,75,75,75,75,75,75,75,75,75,82,82,82,82,82,82,82,82,82,92,92,92,92,92,92,92,92,92,92,92,92,92,92,92,92,92,92,92,92,92,92,92,92,92,92,99,99,99,99,99],"card_choices":[{"not_picked":["Compile Driver","Static Discharge"],"picked":"Sweeping Beam","floor":1},{"not_picked":["Scrape","Defragment"],"picked":"Cold Snap","floor":2},{"not_picked":["Leap","Sweeping Beam"],"picked":"Gash","floor":3},{"not_picked":["Stack","Consume"],"picked":"Ball Lightning","floor":5},{"not_picked":["Steam Power","Force Field"],"picked":"Streamline","floor":6},{"not_picked":["Reprogram","Redo"],"picked":"Compile Driver","floor":12},{"not_picked":["Hologram","Go for the Eyes","Lockon"],"picked":"SKIP","floor":13},{"not_picked":["Coolheaded","Reprogram"],"picked":"Ball Lightning","floor":14},{"not_picked":["Machine Learning+1","Buffer+1"],"picked":"Creative AI+1","floor":16},{"not_picked":["Force Field","Leap"],"picked":"Chill","floor":18},{"not_picked":["Beam Cell+1","Conserve Battery"],"picked":"Storm+1","floor":19},{"not_picked":["Stack","Conserve Battery"],"picked":"Sweeping Beam+1","floor":21},{"not_picked":["Barrage","Hologram+1","Steam"],"picked":"SKIP","floor":22},{"not_picked":["Coolheaded","Redo"],"picked":"Blizzard","floor":28},{"not_picked":["Go for the Eyes","Steam Power+1"],"picked":"Thunder Strike","floor":29},{"not_picked":["Force Field","Ball Lightning"],"picked":"Static Discharge+1","floor":30},{"not_picked":["Buffer+1","Multi-Cast"],"picked":"Reboot","floor":33},{"not_picked":["FTL+1","Cold Snap"],"picked":"Capacitor+1","floor":35},{"not_picked":["Compile Driver","Streamline"],"picked":"Capacitor+1","floor":36},{"not_picked":["Doom and Gloom","Go for the Eyes+1"],"picked":"Conserve Battery","floor":38},{"not_picked":["Ball Lightning","Scrape"],"picked":"Barrage+1","floor":39},{"not_picked":["Beam Cell+1","Hello World+1","Melter"],"picked":"SKIP","floor":40},{"not_picked":["Force Field+1","Reboot"],"picked":"White Noise+1","floor":41},{"not_picked":["Beam Cell+1","Compile Driver+1"],"picked":"Conserve Battery+1","floor":42},{"not_picked":["Sweeping Beam","Compile Driver+1","Stack+1"],"picked":"SKIP","floor":45},{"not_picked":["Compile Driver+1","Redo+1"],"picked":"Gash+1","floor":48}],"player_experience":57289,"relics_obtained":[{"floor":6,"key":"Ginger"},{"floor":9,"key":"Ornamental Fan"},{"floor":11,"key":"Strawberry"},{"floor":13,"key":"HornCleat"},{"floor":26,"key":"Pantograph"},{"floor":27,"key":"TungstenRod"},{"floor":43,"key":"Mummified Hand"}],"event_choices":[{"damage_healed":0,"gold_gain":0,"cards_transformed":["Strike_B"],"player_choice":"Transformed","damage_taken":0,"max_hp_gain":0,"max_hp_loss":0,"event_name":"Transmorgrifier","floor":7,"gold_loss":0,"cards_obtained":["Reinforced Body"]},{"damage_healed":0,"gold_gain":0,"player_choice":"Ignored","damage_taken":0,"max_hp_gain":0,"max_hp_loss":0,"event_name":"Cursed Tome","floor":24,"gold_loss":0},{"damage_healed":0,"gold_gain":0,"player_choice":"Bought 3 Potions","damage_taken":0,"max_hp_gain":0,"max_hp_loss":0,"event_name":"The Woman in Blue","floor":37,"gold_loss":0}],"is_beta":false,"boss_relics":[{"not_picked":["FrozenCore","Black Star"],"picked":"Ectoplasm"},{"not_picked":["Runic Dome","Philosopher\u0027s Stone"],"picked":"SacredBark"}],"items_purged_floors":[4,10,20,31,44,46],"is_endless":false,"potions_floor_spawned":[3,5,13,14,16,21,22,30,35,40,42,48],"ascension_level":0}}