{"host":"qmdmcz5nn4dzus5k","time":1613141688,"event":{"mods":["AchievementEnabler","BaseMod","Bestiary","BetterRewards","Card Filter","Displayed Cursed Tome","Minty Spire (QoL Compilation)","Quick Restart","Relic Filter","Remove Card Discount Mod","Replay The Spire","Spicy Shops","StSLib","The Marked","TheHero","Uncapped"],"gold_per_floor":[109,124,124,124,124,164,164,6,6,29,43,62,28,47,47,175,175,194,194,214,35,54,54,74,105,105,46,46,60,60,76,76,76,76],"floor_reached":33,"language":"ENG","playtime":2104,"items_purged":["Clumsy","Injury","Shame","Doubt","theMarked:Strike","theMarked:Strike","Clumsy","Hallucinations","Overencumbered","theMarked:Strike","theMarked:Defend","theMarked:Strike","Doubt","theMarked:Strike"],"score":319,"play_id":"5727232c-1469-402f-93fd-05b7277e7bc0","local_time":"20210212095448","is_ascension_mode":false,"campfire_choices":[{"floor":15,"key":"DIG"},{"floor":23,"key":"REST"},{"floor":28,"key":"REST"},{"floor":30,"key":"REST"},{"floor":32,"key":"REST"}],"circlet_count":0,"master_deck":["theMarked:Defend+1","theMarked:Defend","theMarked:Defend","theMarked:SoldierOfQuellstein","theMarked:Parkour","theMarked:ResourceFulStrike","theMarked:ResourceFulStrike","theMarked:EternalStudent","theMarked:BanishingStrike","theMarked:Toughness","theMarked:GodGivenPower","theMarked:Polarize","theMarked:EmpowerWeapon","theMarked:WardOff","theMarked:BanishingStrike+1","theMarked:MysticalArsenal","theMarked:ThrowWeapon","theMarked:StartUp","theMarked:ComboAttacks+1"],"relics":["theMarked:ArtifactOfAir","Ginger","Replay:Mystery Machine","Gambling Chip","Onion Ring","Membership Card","Vajra","Golden Idol","Ring of Fury","Matryoshka","Replay:Multitool","Strawberry","theMarked:SecretDocuments","TheAbacus","Bottled Lightning","Replay:Ancient Bell","Tiny Chest","Chameleon Ring","Incense Burner","Juzu Bracelet","Replay:Bottled Steam","Replay:Wax Seal","Centennial Puzzle","Orichalcum","Bag of Marbles"],"acts_visited":["Exordium","TheCity"],"potions_floor_usage":[16,18,25],"damage_taken":[{"damage":0.0,"enemies":"2 Louse","floor":1.0,"turns":1.0},{"damage":0.0,"enemies":"Jaw Worm","floor":2.0,"turns":1.0},{"damage":13,"enemies":"3 Sentries","floor":6,"turns":5},{"damage":0,"enemies":"Small Slimes","floor":10,"turns":1},{"damage":0,"enemies":"2 Fungi Beasts","floor":11,"turns":2},{"damage":2,"enemies":"Exordium Thugs","floor":12,"turns":2},{"damage":0,"enemies":"Red Slaver","floor":14,"turns":1},{"damage":19,"enemies":"The Guardian","floor":16,"turns":6},{"damage":17,"enemies":"2 Thieves","floor":18,"turns":3},{"damage":5,"enemies":"Chosen","floor":20,"turns":4},{"damage":12,"enemies":"Snecko","floor":22,"turns":4},{"damage":16,"enemies":"Snake Plant","floor":24,"turns":4},{"damage":39,"enemies":"Gremlin Leader","floor":25,"turns":4},{"damage":12,"enemies":"3 Cultists","floor":29,"turns":5},{"damage":11,"enemies":"Shelled Parasite and Fungi","floor":31,"turns":3},{"damage":64,"enemies":"Collector","floor":33,"turns":5}],"seed_played":"6473482876432936107","potions_obtained":[{"floor":1.0,"key":"Weak Potion"},{"floor":10,"key":"SpeedPotion"},{"floor":11,"key":"AttackPotion"},{"floor":16,"key":"Doom Potion"},{"floor":22,"key":"theMarked:ChargePotion"},{"floor":29,"key":"SteroidPotion"}],"is_trial":false,"path_per_floor":["M","M","?","?","?","E","?","$","T","M","M","M","$","M","R","B",null,"M","?","M","$","M","R","M","E","T","$","R","M","R","M","R","B"],"character_chosen":"THE_DEFAULT","items_purchased":["Ginger","Replay:Mystery Machine","Onion Ring","Membership Card","Vajra","theMarked:Parkour","Replay:Multitool","TheAbacus","theMarked:EmpowerWeapon","Juzu Bracelet","theMarked:WardOff","Replay:Bottled Steam","Bag of Marbles","theMarked:StartUp"],"campfire_rested":4,"item_purchase_floors":[0,0,0,0,0,0,8,13,21,21,21,21,27,27],"current_hp_per_floor":[62,62,62,62,62,49,49,49,56,56,56,54,54,54,54,35,77,60,60,55,55,43,66,50,11,11,11,34,22,45,34,57,0,0],"gold":76,"neow_bonus":"","is_daily":false,"chose_seed":false,"campfire_upgraded":0,"win_rate":0.0,"timestamp":1613141688,"path_taken":["M","M","?","?","?","E","?","$","T","M","?","M","?","?","R","BOSS","M","?","M","$","M","R","M","E","T","$","R","M","R","M","R","BOSS"],"items_purchased_type":["Relic","Relic","Relic","Relic","Relic","Card","Relic","Relic","Card","Relic","Card","Relic","Relic","Card"],"build_version":"2020-12-22","purchased_purges":14,"victory":false,"max_hp_per_floor":[70,70,70,70,70,70,70,70,77,77,77,77,77,77,77,77,77,77,77,77,77,77,77,77,77,77,77,77,77,77,77,77,77,77],"card_choices":[{"not_picked":["theMarked:WastefulAttack","theMarked:RepellingDischarge"],"picked":"theMarked:ResourceFulStrike","floor":1.0},{"not_picked":["theMarked:WastefulAttack","theMarked:ElectricStrings","theMarked:LightningStrikesTwice"],"picked":"SKIP","floor":2.0},{"not_picked":["theMarked:SwordAndMagic","theMarked:Parry","theMarked:Determination"],"picked":"SKIP","floor":6},{"not_picked":["theMarked:Aftermath","theMarked:RepellingDischarge"],"picked":"theMarked:ResourceFulStrike","floor":10},{"not_picked":["theMarked:RepellingDischarge","theMarked:Panic","theMarked:ElectricStrings"],"picked":"SKIP","floor":11},{"not_picked":["theMarked:BanishingWave","theMarked:Seal"],"picked":"theMarked:EternalStudent","floor":12},{"not_picked":["theMarked:Reabsorb","theMarked:EnhanceMovement"],"picked":"theMarked:BanishingStrike","floor":14},{"not_picked":["theMarked:EternalStudent","theMarked:SuspiciousRaven"],"picked":"theMarked:Toughness","floor":16},{"not_picked":["Shame","Pain"],"picked":"Clumsy","floor":17},{"not_picked":["ReplayTheSpireMod:Splinters","AbeCurse"],"picked":"Hallucinations","floor":17},{"not_picked":["ReplayTheSpireMod:Faulty Equipment","Looming Evil"],"picked":"Overencumbered","floor":17},{"not_picked":["theMarked:SwordAndMagic","theMarked:TwofoldDefense","theMarked:ElectricStrings"],"picked":"SKIP","floor":18},{"not_picked":["theMarked:Vacuum","theMarked:SwordAndMagic"],"picked":"theMarked:Polarize","floor":20},{"not_picked":["theMarked:Overthink+1","theMarked:SwordAndMagic"],"picked":"theMarked:BanishingStrike+1","floor":22},{"not_picked":["theMarked:TwofoldDefense","theMarked:Static"],"picked":"theMarked:MysticalArsenal","floor":24},{"not_picked":["theMarked:Standoff","theMarked:CreepingChasm"],"picked":"theMarked:ThrowWeapon","floor":25},{"not_picked":["theMarked:PowerFlow","theMarked:Frustration","theMarked:Parkour+1"],"picked":"SKIP","floor":29},{"not_picked":["theMarked:WastefulAttack+1","theMarked:Aftermath"],"picked":"theMarked:ComboAttacks+1","floor":31}],"player_experience":78705,"relics_obtained":[{"floor":5.0,"key":"Ring of Fury"},{"floor":6,"key":"Matryoshka"},{"floor":9,"key":"Strawberry"},{"floor":9,"key":"theMarked:SecretDocuments"},{"floor":15,"key":"Bottled Lightning"},{"floor":25,"key":"Replay:Wax Seal"},{"floor":26,"key":"Centennial Puzzle"},{"floor":26,"key":"Orichalcum"}],"event_choices":[{"damage_healed":0.0,"max_hp_gain":0.0,"max_hp_loss":0.0,"gold_gain":0.0,"event_name":"Golden Idol","player_choice":"Take Wound","floor":3.0,"gold_loss":0.0,"damage_taken":0.0,"relics_obtained":["Golden Idol"],"cards_obtained":["Injury"]},{"damage_healed":0,"gold_gain":0,"player_choice":"Leave","damage_taken":0,"max_hp_gain":0,"max_hp_loss":0,"event_name":"The Cleric","floor":7,"gold_loss":0},{"damage_healed":0,"gold_gain":0,"player_choice":"Read","damage_taken":0,"max_hp_gain":0,"max_hp_loss":0,"event_name":"The Library","floor":19,"gold_loss":0,"cards_obtained":["theMarked:GodGivenPower"]}],"is_beta":false,"boss_relics":[{"not_picked":["Ring of Chaos","Honey Jar"],"picked":"Replay:Ancient Bell"},{"not_picked":["Art of War","Boot"],"picked":"Tiny Chest"},{"not_picked":["Replay:Bottled Eggs","Golden Egg"],"picked":"Chameleon Ring"},{"not_picked":["Unceasing Top","Peace Pipe"],"picked":"Incense Burner"}],"items_purged_floors":[0,8,8,13,13,13,21,21,21,21,21,21,21,27],"is_endless":false,"potions_floor_spawned":[1,10,11,16,22,24,29],"killed_by":"Collector","ascension_level":0}}