{"host":"ewns8ifhbubwkcum","time":1613153327,"event":{"mods":["BaseMod","Block Reminder","Colored Map","Colored Powertips","Downfall","Highlight Path","Minty Spire (QoL Compilation)","Permanent Neow","Quick Restart","Random Character Button","StSLib"],"gold_per_floor":[0,16,16,1,1,1,1,13,23,52,37,37,48,77,87,192,192,192,211,211,211,211,18,18,18,52,52,80,80,109,124,135,240,240,140,151,165,175,225,250,250,278,278,332,350,360,160,83,83,83],"floor_reached":48,"language":"ENG","playtime":7952,"items_purged":["downfall:Icky"],"score":864,"play_id":"1ae5b1a2-99a5-496a-9d8f-e62a93e056f7","local_time":"20210212120847","is_ascension_mode":true,"campfire_choices":[{"data":"sneckomod:SoulRoll","floor":1.0,"key":"SMITH"},{"data":"sneckomod:Restock","floor":6.0,"key":"SMITH"},{"data":"sneckomod:Transmogrify","floor":18.0,"key":"SMITH"},{"floor":35.0,"key":"RECALL"},{"floor":47,"key":"REST"}],"circlet_count":0,"master_deck":["sneckomod:Defend","sneckomod:SoulRoll+1","sneckomod:UnknownClassSLIMEBOUND+1","sneckomod:Restock+1","sneckomod:Mudshield+1","sneckomod:UnknownStrike","sneckomod:UnknownWeak","sneckomod:DefensiveFlair+1","sneckomod:UnknownClassBLUE","sneckomod:UnknownClassGREEN+1","sneckomod:UnknownDexterity","sneckomod:UnknownClassRED","sneckomod:UnknownRarePower","sneckomod:UnknownX","sneckomod:Transmogrify+1","sneckomod:UnknownCommonSkill","Slimebound:Tackle+1","Slimebound:Tackle+1","Slimebound:Tackle+1","sneckomod:SoulRoll","sneckomod:SnakeSap","Ghostly","Ghostly","Ghostly","Ghostly+1","Ghostly","sneckomod:SoulDraw+1","Skewer+1","sneckomod:SnakeSap","expansioncontent:YouAreMine","sneckomod:UnknownStrength+1","sneckomod:UnknownBlock","sneckomod:UnknownClassRED","sneckomod:UnknownRarePower","sneckomod:ImprovisedAttack","sneckomod:UnknownCommonSkill","hexamod:SixthSeal","sneckomod:UnknownCommonSkill+1","sneckomod:UnknownClassRED","sneckomod:UnknownClassTHE_BRONZE_AUTOMATON","sneckomod:Unknown1Cost+1","sneckomod:PureSnecko","sneckomod:UnknownClassGREEN","sneckomod:UnknownClassTHE_CHAMP_GRAY+1","sneckomod:SerpentIdol"],"relics":["sneckomod:SneckoSoul","Bottled Lightning","Busted Crown","sneckomod:CleanMud","hexamod:BolsterEngine","Mango","Pocketwatch","Nunchaku","downfall:HeartBlessingGreen","sneckomod:SneckoTalon","CaptainsWheel","Matryoshka","Oddly Smooth Stone","Bottled Flame","Ice Cream","Gremlin Horn","Lizard Tail","champ:DeflectingBracers","StoneCalendar","downfall:HeartBlessingRed","downfall:HeartBlessingBlue"],"acts_visited":["Exordium","TheCity","TheBeyond"],"potions_floor_usage":[],"damage_taken":[{"damage":2.0,"enemies":"Jaw Worm","floor":2.0,"turns":4.0},{"damage":0.0,"enemies":"downfall:FleeingMerchant","floor":4.0,"turns":4.0},{"damage":2.0,"enemies":"Cultist","floor":8.0,"turns":3.0},{"damage":11.0,"enemies":"2 Louse","floor":9.0,"turns":3.0},{"damage":25.0,"enemies":"Gremlin Nob","floor":10.0,"turns":4.0},{"damage":10.0,"enemies":"downfall:FleeingMerchant","floor":11.0,"turns":4.0},{"damage":6.0,"enemies":"Red Slaver","floor":13.0,"turns":4.0},{"damage":24.0,"enemies":"3 Sentries","floor":14.0,"turns":6.0},{"damage":0.0,"enemies":"Gremlin Gang","floor":15.0,"turns":3.0},{"damage":0.0,"enemies":"SI_SHIV_ARCHETYPE","floor":16.0,"turns":13.0},{"damage":1.0,"enemies":"Spheric Guardian","floor":19.0,"turns":3.0},{"damage":18.0,"enemies":"downfall:FleeingMerchant","floor":23.0,"turns":4.0},{"damage":0.0,"enemies":"Book of Stabbing","floor":26.0,"turns":5.0},{"damage":6.0,"enemies":"Gremlin Leader","floor":28.0,"turns":7.0},{"damage":6.0,"enemies":"Slavers","floor":30.0,"turns":5.0},{"damage":2.0,"enemies":"3 Byrds","floor":31.0,"turns":5.0},{"damage":6.0,"enemies":"Centurion and Healer","floor":32.0,"turns":6.0},{"damage":34.0,"enemies":"IC_MUSHROOM_ARCHETYPE","floor":33.0,"turns":9.0},{"damage":6.0,"enemies":"3 Shapes","floor":36.0,"turns":4.0},{"damage":2.0,"enemies":"Orb Walker","floor":37.0,"turns":4.0},{"damage":0.0,"enemies":"Writhing Mass","floor":38.0,"turns":5.0},{"damage":0.0,"enemies":"Writhing Mass","floor":39.0,"turns":6.0},{"damage":4.0,"enemies":"Giant Head","floor":40.0,"turns":5.0},{"damage":8.0,"enemies":"Reptomancer","floor":42.0,"turns":6.0},{"damage":0.0,"enemies":"2 Orb Walkers","floor":44.0,"turns":4.0},{"damage":0.0,"enemies":"Spire Growth","floor":45.0,"turns":4.0},{"damage":10.0,"enemies":"Transient","floor":46.0,"turns":5.0}],"seed_played":"6716375633434255377","potions_obtained":[{"floor":2.0,"key":"SkillPotion"},{"floor":13.0,"key":"Energy Potion"},{"floor":14.0,"key":"GamblersBrew"},{"floor":16.0,"key":"sneckomod:DiceRollPotion"},{"floor":26.0,"key":"ColorlessPotion"},{"floor":30.0,"key":"EssenceOfSteel"},{"floor":31.0,"key":"ColorlessPotion"},{"floor":37.0,"key":"Ancient Potion"},{"floor":39.0,"key":"DuplicationPotion"},{"floor":44.0,"key":"Energy Potion"},{"floor":45.0,"key":"hexamod:SoulburnPotion"}],"is_trial":false,"path_per_floor":["R","M","?","$","?","R","T","M","M","E","$","?","M","E","M","B",null,"R","M","?","?","?","$","T","?","E","R","E","R","E","M","M","B",null,"R","M","M","M","?","E","T","E","?","?","M","M","R","$"],"character_chosen":"THE_SNECKO","items_purchased":["sneckomod:CleanMud","Nunchaku","sneckomod:SerpentIdol"],"campfire_rested":1,"item_purchase_floors":[23,23,48],"current_hp_per_floor":[90,88,88,88,100,100,100,98,87,62,52,52,46,22,29,29,82,82,81,81,81,81,63,63,50,64,64,58,58,52,50,44,10,51,51,45,43,43,43,39,39,31,31,31,31,26,58,58,58,58],"gold":83,"neow_bonus":"TRANSFORM_TWO_CARDS","is_daily":false,"chose_seed":false,"campfire_upgraded":3,"win_rate":0.0,"timestamp":1613153327,"path_taken":["R","M","?","?","?","R","T","M","?","E","$","?","M","E","M","BOSS","R","?","?","?","?","$","T","?","E","R","E","R","E","M","M","BOSS","R","M","M","M","?","E","T","E","?","?","?","M","R","$"],"items_purchased_type":["Relic","Relic","Card"],"build_version":"2020-12-22","purchased_purges":1,"victory":false,"max_hp_per_floor":[90,90,90,90,100,100,100,100,100,100,100,100,100,100,100,100,100,100,100,100,100,100,100,100,50,64,64,64,64,64,64,64,64,64,64,64,64,64,64,64,64,64,64,64,64,64,74,74,74,74],"card_choices":[{"not_picked":["sneckomod:UnknownCommonAttack","sneckomod:UnknownClassGREEN"],"picked":"sneckomod:UnknownClassSLIMEBOUND","floor":2.0},{"not_picked":["sneckomod:UnknownClassTHE_BRONZE_AUTOMATON","sneckomod:MorePower"],"picked":"sneckomod:UnknownStrike","floor":4.0},{"not_picked":["sneckomod:RainOfDice","sneckomod:UnknownCommonAttack","sneckomod:UnknownClassTHE_CHAMP_GRAY"],"picked":"SKIP","floor":8.0},{"not_picked":["sneckomod:UnknownClassHEXA_GHOST_PURPLE","sneckomod:UnknownClassGUARDIAN"],"picked":"sneckomod:UnknownX","floor":9.0},{"not_picked":["sneckomod:UnknownClassGUARDIAN","sneckomod:UnknownCommonSkill"],"picked":"sneckomod:UnknownWeak","floor":10.0},{"not_picked":["sneckomod:Rotation","sneckomod:UnknownX"],"picked":"sneckomod:DefensiveFlair","floor":11.0},{"not_picked":["sneckomod:Nope","sneckomod:UnknownCommonAttack"],"picked":"sneckomod:UnknownClassRED","floor":13.0},{"not_picked":["sneckomod:DefensiveFlair","sneckomod:UnknownClassGUARDIAN"],"picked":"sneckomod:UnknownRarePower","floor":14.0},{"not_picked":["sneckomod:Rotation","sneckomod:SnekBeam"],"picked":"sneckomod:UnknownX","floor":15.0},{"not_picked":["sneckomod:DangerNoodle","sneckomod:UnknownRareAttack"],"picked":"sneckomod:Transmogrify","floor":16.0},{"not_picked":[],"picked":"sneckomod:UnknownCommonSkill","floor":19.0},{"not_picked":[],"picked":"sneckomod:SnakeSap","floor":23.0},{"not_picked":[],"picked":"sneckomod:SoulDraw+1","floor":26.0},{"not_picked":[],"picked":"sneckomod:SnakeSap","floor":28.0},{"not_picked":[],"picked":"sneckomod:UnknownStrength+1","floor":30.0},{"not_picked":[],"picked":"sneckomod:UnknownBlock","floor":31.0},{"not_picked":[],"picked":"sneckomod:UnknownClassRED","floor":32.0},{"not_picked":[],"picked":"sneckomod:UnknownRarePower","floor":33.0},{"not_picked":[],"picked":"sneckomod:ImprovisedAttack","floor":36.0},{"not_picked":[],"picked":"sneckomod:UnknownCommonSkill","floor":37.0},{"not_picked":["hexamod:FirstSeal","hexamod:FourthSeal"],"picked":"hexamod:SixthSeal","floor":38.0},{"not_picked":[],"picked":"sneckomod:UnknownCommonSkill+1","floor":38.0},{"not_picked":[],"picked":"sneckomod:UnknownClassRED","floor":39.0},{"not_picked":[],"picked":"sneckomod:UnknownClassTHE_BRONZE_AUTOMATON","floor":40.0},{"not_picked":[],"picked":"sneckomod:Unknown1Cost+1","floor":42.0},{"not_picked":[],"picked":"sneckomod:PureSnecko","floor":44.0},{"not_picked":[],"picked":"sneckomod:UnknownClassGREEN","floor":45.0},{"not_picked":[],"picked":"sneckomod:UnknownClassTHE_CHAMP_GRAY+1","floor":46}],"player_experience":1203877,"relics_obtained":[{"floor":7.0,"key":"Matryoshka"},{"floor":10.0,"key":"Bottled Lightning"},{"floor":14.0,"key":"Anchor"},{"floor":19.0,"key":"Bag of Preparation"},{"floor":23.0,"key":"Bag of Preparation"},{"floor":24.0,"key":"Calipers"},{"floor":24.0,"key":"Akabeko"},{"floor":26.0,"key":"hexamod:BolsterEngine"},{"floor":26.0,"key":"Mango"},{"floor":28.0,"key":"Calipers"},{"floor":28.0,"key":"Pocketwatch"},{"floor":30.0,"key":"Nunchaku"},{"floor":30.0,"key":"sneckomod:ConfusingCodex"},{"floor":31.0,"key":"Regal Pillow"},{"floor":32.0,"key":"Gremlin Horn"},{"floor":33.0,"key":"Turnip"},{"floor":36.0,"key":"sneckomod:SneckoTalon"},{"floor":37.0,"key":"CaptainsWheel"},{"floor":38.0,"key":"Matryoshka"},{"floor":39.0,"key":"CaptainsWheel"},{"floor":39.0,"key":"Oddly Smooth Stone"},{"floor":40.0,"key":"Gremlin Horn"},{"floor":40.0,"key":"TungstenRod"},{"floor":41.0,"key":"Bottled Flame"},{"floor":42.0,"key":"Ice Cream"},{"floor":42.0,"key":"Gremlin Horn"},{"floor":44.0,"key":"Lizard Tail"},{"floor":44.0,"key":"TungstenRod"},{"floor":45.0,"key":"champ:DeflectingBracers"},{"floor":46,"key":"StoneCalendar"}],"event_choices":[{"cards_removed":["sneckomod:SerpentMind"],"damage_healed":2.0,"max_hp_gain":10.0,"max_hp_loss":0.0,"gold_gain":0.0,"event_name":"Bonfire Elementals","player_choice":"Offered Rare","floor":5.0,"gold_loss":0.0,"damage_taken":0.0},{"damage_healed":0.0,"max_hp_gain":0.0,"max_hp_loss":0.0,"gold_gain":0.0,"event_name":"The Library","player_choice":"Read","floor":21.0,"gold_loss":0.0,"damage_taken":0.0,"cards_obtained":["sneckomod:SoulRoll"]},{"damage_healed":0.0,"max_hp_gain":0.0,"max_hp_loss":50.0,"gold_gain":0.0,"event_name":"Ghosts","player_choice":"Became a Ghost","floor":25.0,"gold_loss":0.0,"damage_taken":0.0,"cards_obtained":["Ghostly","Ghostly","Ghostly","Ghostly","Ghostly"]},{"cards_removed":["sneckomod:SnekBite"],"damage_healed":0.0,"max_hp_gain":0.0,"max_hp_loss":0.0,"gold_gain":0.0,"event_name":"Falling","player_choice":"Removed Attack","floor":43.0,"gold_loss":0.0,"damage_taken":0.0},{"damage_healed":0.0,"max_hp_gain":0.0,"max_hp_loss":0.0,"gold_gain":0.0,"event_name":"Mysterious Sphere","player_choice":"Fight","floor":44.0,"gold_loss":0.0,"damage_taken":0.0}],"is_beta":false,"boss_relics":[{"not_picked":["Philosopher\u0027s Stone","Calling Bell"],"picked":"Busted Crown"},{"not_picked":["Black Star","Tiny House"],"picked":"sneckomod:SneckoTalon"}],"items_purged_floors":[23],"is_endless":false,"potions_floor_spawned":[2,13,14,16,26,30,31,37,39,44,45],"ascension_level":5}}