{"host":"d61fcf2p3sjwe6yo","time":1613135300,"event":{"mods":["BaseMod","Colored Map","Koishi","Marisa????????","Minty Spire (QoL Compilation)","StSLib","SuperFastMode","The Servant 0.9.4"],"gold_per_floor":[117,128,143,156,168,168,181,181,208,238,248,248,9,35,35,110,110,128,147,181,181,194,194,194,194],"floor_reached":24,"language":"ENG","playtime":1052,"items_purged":["Strike_S"],"score":420,"play_id":"b2654fbb-5ef6-47d4-8399-65724747d590","local_time":"20210212160820","is_ascension_mode":true,"campfire_choices":[{"data":"LightFlow","floor":6,"key":"SMITH"},{"data":"Spin","floor":8,"key":"SMITH"},{"data":"Gouge","floor":15,"key":"SMITH"},{"floor":23,"key":"REST"}],"circlet_count":0,"master_deck":["AscendersBane","Strike_S","Strike_S","Strike_S","Defend_S","Defend_S+1","Defend_S","Defend_S","KidneyShot","Exchange","SpecialFormula+1","Ricochet","LightFlow+1","Spin+1","Gouge+1","InstantArmor","LightFlow","Defy","Sabotage","BottledTime","Luminosity","Decay","Barrier+1"],"relics":["Uniform","War Paint","Happy Flower","Prayer Wheel","Vajra","Art of War","Philosopher\u0027s Stone","Red Mask"],"acts_visited":["Exordium","TheCity"],"potions_floor_usage":[10,10,14,19,22],"damage_taken":[{"damage":3,"enemies":"Cultist","floor":1,"turns":4},{"damage":11,"enemies":"2 Louse","floor":2,"turns":4},{"damage":1,"enemies":"Small Slimes","floor":3,"turns":4},{"damage":4,"enemies":"Blue Slaver","floor":4,"turns":6},{"damage":11,"enemies":"Looter","floor":5,"turns":2},{"damage":0,"enemies":"Large Slime","floor":7,"turns":3},{"damage":15,"enemies":"Lagavulin","floor":10,"turns":5},{"damage":11,"enemies":"3 Louse","floor":11,"turns":4},{"damage":17,"enemies":"3 Sentries","floor":14,"turns":5},{"damage":9,"enemies":"Hexaghost","floor":16,"turns":6},{"damage":29,"enemies":"Shell Parasite","floor":18,"turns":4},{"damage":6,"enemies":"2 Thieves","floor":19,"turns":2},{"damage":4,"enemies":"Masked Bandits","floor":20,"turns":3},{"damage":13,"enemies":"Shelled Parasite and Fungi","floor":22,"turns":3},{"damage":28,"enemies":"Slavers","floor":24,"turns":2}],"seed_played":"-4102941725408353693","potions_obtained":[{"floor":1,"key":"SkillPotion"},{"floor":2,"key":"SpeedPotion"},{"floor":7,"key":"Fire Potion"},{"floor":11,"key":"PowerPotion"},{"floor":18,"key":"Strength Potion"},{"floor":20,"key":"DuplicationPotion"}],"is_trial":false,"path_per_floor":["M","M","M","M","M","R","M","R","T","E","M","T","$","E","R","B",null,"M","M","?","?","M","R","E"],"character_chosen":"THE_SERVANT","items_purchased":["Vajra"],"campfire_rested":1,"item_purchase_floors":[13],"current_hp_per_floor":[57,51,55,51,40,40,45,45,45,38,35,35,35,26,26,25,56,27,21,17,17,4,23,0,0],"gold":194,"neow_bonus":"TEN_PERCENT_HP_BONUS","is_daily":false,"chose_seed":false,"campfire_upgraded":3,"win_rate":0.0,"timestamp":1613135300,"path_taken":["M","?","M","M","M","R","M","R","T","E","?","?","?","E","R","BOSS","M","M","?","?","M","R","E"],"items_purchased_type":["Relic"],"build_version":"2020-12-22","purchased_purges":1,"victory":false,"max_hp_per_floor":[66,66,66,66,66,66,66,66,66,66,66,66,66,66,66,66,66,66,66,66,66,66,66,66,66],"card_choices":[{"not_picked":["Barrier","Starlight"],"picked":"SpecialFormula","floor":1},{"not_picked":["Rearm","Unruled","StarChef"],"picked":"SKIP","floor":2},{"not_picked":["Alleviate","Rewind"],"picked":"Ricochet","floor":3},{"not_picked":["BestPractice","BottledTime"],"picked":"LightFlow","floor":4},{"not_picked":["Unruled","Potential"],"picked":"Spin","floor":5},{"not_picked":["Reset","Sabotage","ShatteredReality"],"picked":"SKIP","floor":7},{"not_picked":["DualDimension","Foresight"],"picked":"Gouge","floor":10},{"not_picked":["Rearm","DoubleEdge","Unruled"],"picked":"SKIP","floor":11},{"not_picked":["DoubleEdge","Alleviate"],"picked":"InstantArmor","floor":14},{"not_picked":["PendulumOfEternity","Dilation"],"picked":"LightFlow","floor":16},{"not_picked":["Spin","Rearm"],"picked":"Defy","floor":18},{"not_picked":["Potential","StarChef"],"picked":"Sabotage","floor":18},{"not_picked":["Potential+1","Spin"],"picked":"BottledTime","floor":19},{"not_picked":["SurpressingFire","Unruled+1","Potential"],"picked":"SKIP","floor":19},{"not_picked":["SpecialFormula","DancingSilver"],"picked":"Luminosity","floor":20},{"not_picked":["Desolation","SurpressingFire"],"picked":"Barrier+1","floor":22},{"not_picked":["ShatteredReality","Initiator","TimeWarp"],"picked":"SKIP","floor":22}],"player_experience":340875,"relics_obtained":[{"floor":9,"key":"War Paint"},{"floor":10,"key":"Happy Flower"},{"floor":12,"key":"Prayer Wheel"},{"floor":14,"key":"Art of War"},{"floor":20,"key":"Red Mask"}],"event_choices":[{"damage_healed":0,"gold_gain":0,"player_choice":"Fought Bandits","damage_taken":0,"max_hp_gain":0,"max_hp_loss":0,"event_name":"Masked Bandits","floor":20,"gold_loss":0},{"damage_healed":0,"gold_gain":0,"player_choice":"Smashed Altar","damage_taken":0,"max_hp_gain":0,"max_hp_loss":0,"event_name":"Forgotten Altar","floor":21,"gold_loss":0,"cards_obtained":["Decay"]}],"is_beta":false,"boss_relics":[{"not_picked":["Ectoplasm","Runic Dome"],"picked":"Philosopher\u0027s Stone"}],"items_purged_floors":[13],"is_endless":false,"potions_floor_spawned":[1,2,5,7,11,18,20],"killed_by":"Slavers","ascension_level":20}}