{"host":"4epvxsx6d4oxmc67","time":1613106537,"event":{"mods":["AchievementEnabler","BaseMod","Colored Map","Highlight Path","Minty Spire (QoL Compilation)"],"gold_per_floor":[117,133,6,25,43,43,43,43,43],"floor_reached":8,"language":"ENG","playtime":331,"items_purged":["Strike_R"],"score":58,"play_id":"b90438e4-5594-4d5c-aa01-4483701dc832","local_time":"20210212050857","is_ascension_mode":true,"campfire_choices":[{"data":"Body Slam","floor":6.0,"key":"SMITH"}],"circlet_count":0,"master_deck":["Strike_R","Strike_R","Strike_R","Strike_R","Defend_R","Defend_R","Defend_R","Defend_R","Bash","Armaments","Thunderclap","Ghostly Armor","Body Slam+1"],"relics":["Burning Blood","Smiling Mask"],"acts_visited":["Exordium"],"potions_floor_usage":[8,8],"damage_taken":[{"damage":6.0,"enemies":"2 Louse","floor":1.0,"turns":3.0},{"damage":0.0,"enemies":"Cultist","floor":2.0,"turns":4.0},{"damage":1.0,"enemies":"Jaw Worm","floor":4.0,"turns":4.0},{"damage":40.0,"enemies":"Gremlin Gang","floor":5.0,"turns":8.0},{"damage":46,"enemies":"Gremlin Nob","floor":8,"turns":4}],"seed_played":"-4719786790838649901","potions_obtained":[{"floor":2.0,"key":"SteroidPotion"},{"floor":5.0,"key":"SmokeBomb"},{"floor":7.0,"key":"LiquidBronze"},{"floor":7.0,"key":"Energy Potion"},{"floor":7.0,"key":"FearPotion"}],"is_trial":false,"path_per_floor":["M","M","$","M","M","R","?","E"],"character_chosen":"IRONCLAD","items_purchased":["Ghostly Armor"],"campfire_rested":0,"item_purchase_floors":[3],"current_hp_per_floor":[80,80,80,80,46,46,46,0,0],"gold":43,"neow_bonus":"RANDOM_COMMON_RELIC","is_daily":false,"chose_seed":false,"campfire_upgraded":1,"win_rate":0.0,"timestamp":1613106537,"path_taken":["M","M","$","M","M","R","?","E"],"items_purchased_type":["Card"],"build_version":"2020-12-22","purchased_purges":1,"victory":false,"max_hp_per_floor":[80,80,80,80,80,80,80,80,80],"card_choices":[{"not_picked":["True Grit","Iron Wave"],"picked":"Armaments","floor":1.0},{"not_picked":["Iron Wave","Perfected Strike"],"picked":"Thunderclap","floor":2.0},{"not_picked":["Sentinel","Second Wind"],"picked":"Body Slam","floor":4.0},{"not_picked":["Warcry","Havoc","Clash"],"picked":"SKIP","floor":5.0}],"player_experience":96741,"relics_obtained":[],"event_choices":[{"damage_healed":0.0,"max_hp_gain":0.0,"max_hp_loss":0.0,"gold_gain":0.0,"event_name":"Lab","player_choice":"Got Potions","floor":7.0,"gold_loss":0.0,"damage_taken":0.0}],"is_beta":false,"boss_relics":[],"items_purged_floors":[3],"is_endless":false,"potions_floor_spawned":[2,5],"killed_by":"Gremlin Nob","ascension_level":4}}