{"host":"Jedit","time":1613172684,"event":{"mods":["BaseMod","Minty Spire (QoL Compilation)","Relic Stats","StSLib"],"gold_per_floor":[116,12,12,12,29,29,62,81,81,81,112,136,148,10,10,10,10],"floor_reached":16,"language":"ENG","playtime":385,"items_purged":[],"score":266,"play_id":"fa6a3608-42bc-420f-b3fc-ec212599ec20","local_time":"20210212233124","is_ascension_mode":true,"campfire_choices":[{"data":"Deadly Poison","floor":6.0,"key":"SMITH"},{"floor":13.0,"key":"REST"},{"floor":15.0,"key":"REST"}],"circlet_count":0,"master_deck":["AscendersBane","Strike_G","Strike_G","Strike_G","Strike_G","Strike_G","Defend_G","Defend_G","Defend_G","Defend_G","Survivor","Neutralize","Dagger Spray","Deadly Poison+1","Poisoned Stab","Deadly Poison","Deadly Poison","Bouncing Flask","Blade Dance","Flechettes","Well Laid Plans","Grand Finale"],"relics":["Ring of the Snake","NeowsBlessing","Ornamental Fan","Lantern","Mummified Hand","MawBank"],"acts_visited":["Exordium"],"potions_floor_usage":[16],"damage_taken":[{"damage":0.0,"enemies":"Cultist","floor":1.0,"turns":1.0},{"damage":0.0,"enemies":"Jaw Worm","floor":5.0,"turns":1.0},{"damage":0.0,"enemies":"Gremlin Nob","floor":7.0,"turns":1.0},{"damage":8.0,"enemies":"2 Louse","floor":8.0,"turns":2.0},{"damage":32.0,"enemies":"3 Sentries","floor":11.0,"turns":8.0},{"damage":0.0,"enemies":"Gremlin Gang","floor":12.0,"turns":3.0},{"damage":41,"enemies":"The Guardian","floor":16,"turns":9}],"seed_played":"-8296547831165215059","potions_obtained":[{"floor":1.0,"key":"Strength Potion"},{"floor":10.0,"key":"CultistPotion"},{"floor":12.0,"key":"GamblersBrew"}],"is_trial":false,"path_per_floor":["M","$","?","?","M","R","E","M","T","?","E","M","R","$","R","B"],"character_chosen":"THE_SILENT","items_purchased":["Deadly Poison","Poisoned Stab","Well Laid Plans","Grand Finale"],"campfire_rested":2,"item_purchase_floors":[2,2,14,14],"current_hp_per_floor":[59,59,52,47,47,47,47,39,39,39,7,7,26,26,45,4,4],"gold":10,"neow_bonus":"THREE_ENEMY_KILL","is_daily":false,"chose_seed":false,"campfire_upgraded":1,"win_rate":0.0,"timestamp":1613172684,"path_taken":["M","$","?","?","?","R","E","M","T","?","E","?","R","?","R","BOSS"],"items_purchased_type":["Card","Card","Card","Card"],"build_version":"2020-12-18","purchased_purges":0,"victory":false,"max_hp_per_floor":[66,66,66,66,66,66,66,66,66,66,66,66,66,66,66,66,66],"relic_stats":{"counters":[7,25],"Ornamental Fan":[16],"Mummified Hand":[1],"MawBank":36,"obtain_stats":[{"Lantern":7,"NeowsBlessing":0,"Ornamental Fan":4,"Mummified Hand":9,"MawBank":11,"Ring of the Snake":0},{"Lantern":3,"NeowsBlessing":0,"Ornamental Fan":1,"Mummified Hand":4,"MawBank":5,"Ring of the Snake":0},{"Lantern":3,"NeowsBlessing":0,"Ornamental Fan":1,"Mummified Hand":5,"MawBank":13,"Ring of the Snake":0}],"Ring of the Snake":[14]},"card_choices":[{"not_picked":["Dagger Throw","Caltrops"],"picked":"Dagger Spray","floor":1.0},{"not_picked":["Deflect","Dodge and Roll"],"picked":"Deadly Poison","floor":5.0},{"not_picked":["Dagger Spray","Quick Slash"],"picked":"Deadly Poison","floor":7.0},{"not_picked":["Escape Plan","Distraction"],"picked":"Bouncing Flask","floor":8.0},{"not_picked":["Outmaneuver","Quick Slash"],"picked":"Blade Dance","floor":11.0},{"not_picked":["Quick Slash","Slice"],"picked":"Flechettes","floor":12.0}],"player_experience":3482071,"relics_obtained":[{"floor":7.0,"key":"Lantern"},{"floor":9.0,"key":"Mummified Hand"},{"floor":11.0,"key":"MawBank"}],"event_choices":[{"cards_removed":["Defend_G"],"damage_healed":0.0,"max_hp_gain":0.0,"max_hp_loss":0.0,"gold_gain":0.0,"event_name":"Golden Wing","player_choice":"Card Removal","floor":3.0,"gold_loss":0.0,"damage_taken":7.0},{"damage_healed":0.0,"max_hp_gain":0.0,"max_hp_loss":0.0,"gold_gain":0.0,"event_name":"Scrap Ooze","player_choice":"Success","floor":4.0,"gold_loss":0.0,"damage_taken":5.0,"relics_obtained":["Ornamental Fan"]},{"damage_healed":0.0,"max_hp_gain":0.0,"max_hp_loss":0.0,"gold_gain":0.0,"event_name":"Lab","player_choice":"Got Potions","floor":10.0,"gold_loss":0.0,"damage_taken":0.0}],"is_beta":true,"boss_relics":[],"items_purged_floors":[],"is_endless":false,"potions_floor_spawned":[1,12],"killed_by":"The Guardian","ascension_level":20}}