{"host":"7ij4m6ehapfophuy","time":1613095507,"event":{"mods":["BaseMod","Bestiary","Curses Come First","Filter the Spire","Minty Spire (QoL Compilation)","Relic Stats","StSLib","ojb\u0027s Better Paths Mod"],"gold_per_floor":[111,122,140,140,25,25,56,56,83,96,129,201,201,214,214,310,310,329,244,244,32,32,32,63,10,37,63,63,63,97,42,42,118,118,133,133,148,148,168,202,202,235,235,252,252,252,252,43,43,43,43,43],"floor_reached":51,"language":"ENG","playtime":8043,"items_purged":["Strike_B"],"score":1655,"play_id":"f516e8ae-9ef8-4af3-a3cd-9258e40cec32","local_time":"20210211210507","is_ascension_mode":true,"campfire_choices":[{"data":"Sunder","floor":6.0,"key":"SMITH"},{"floor":8.0,"key":"REST"},{"data":"Defragment","floor":13.0,"key":"SMITH"},{"floor":15.0,"key":"REST"},{"data":"Reinforced Body","floor":23.0,"key":"SMITH"},{"data":"Stack","floor":29.0,"key":"SMITH"},{"data":"Dualcast","floor":32.0,"key":"SMITH"},{"floor":41.0,"key":"REST"},{"data":"Zap","floor":45.0,"key":"SMITH"},{"floor":47.0,"key":"RECALL"},{"data":"Undo","floor":49.0,"key":"SMITH"}],"circlet_count":0,"master_deck":["AscendersBane","Strike_B+1","Strike_B","Defend_B","Defend_B","Defend_B","Defend_B","Zap+1","Dualcast+1","Ball Lightning","Sunder+1","Doom and Gloom","Defragment+1","Cold Snap","Defragment+1","Reinforced Body+1","Electrodynamics+1","Loop+1","Stack+1","Cold Snap+1","Buffer+1","Undo+1","Defragment+1","Static Discharge+1","Defragment+1"],"relics":["Cracked Core","TungstenRod","Bloody Idol","Akabeko","Oddly Smooth Stone","Frozen Egg 2","Velvet Choker","MealTicket","Potion Belt","Emotion Chip","Whetstone","Necronomicon","Gremlin Horn","Nuclear Battery","PreservedInsect","Boot","Symbiotic Virus","Frozen Eye"],"acts_visited":["Exordium","TheCity","TheBeyond"],"potions_floor_usage":[51],"damage_taken":[{"damage":0.0,"enemies":"Cultist","floor":1.0,"turns":4.0},{"damage":6.0,"enemies":"Jaw Worm","floor":2.0,"turns":3.0},{"damage":8.0,"enemies":"Small Slimes","floor":3.0,"turns":3.0},{"damage":9.0,"enemies":"Gremlin Nob","floor":7.0,"turns":3.0},{"damage":0.0,"enemies":"2 Fungi Beasts","floor":10.0,"turns":2.0},{"damage":30.0,"enemies":"Lagavulin","floor":11.0,"turns":6.0},{"damage":1.0,"enemies":"3 Louse","floor":14.0,"turns":3.0},{"damage":0.0,"enemies":"Slime Boss","floor":16.0,"turns":7.0},{"damage":16.0,"enemies":"Shell Parasite","floor":18.0,"turns":3.0},{"damage":0.0,"enemies":"Gremlin Leader","floor":24.0,"turns":5.0},{"damage":14.0,"enemies":"Book of Stabbing","floor":27.0,"turns":6.0},{"damage":5.0,"enemies":"Gremlin Leader","floor":30.0,"turns":3.0},{"damage":21.0,"enemies":"Automaton","floor":33.0,"turns":6.0},{"damage":8.0,"enemies":"Orb Walker","floor":35.0,"turns":3.0},{"damage":0.0,"enemies":"3 Shapes","floor":37.0,"turns":3.0},{"damage":0.0,"enemies":"Jaw Worm Horde","floor":39.0,"turns":3.0},{"damage":42.0,"enemies":"Nemesis","floor":40.0,"turns":5.0},{"damage":3.0,"enemies":"Giant Head","floor":42.0,"turns":6.0},{"damage":12.0,"enemies":"4 Shapes","floor":44.0,"turns":3.0},{"damage":24.0,"enemies":"Donu and Deca","floor":50.0,"turns":7.0},{"damage":36,"enemies":"Awakened One","floor":51,"turns":5}],"seed_played":"-7468295592776728307","potions_obtained":[{"floor":1.0,"key":"FearPotion"},{"floor":7.0,"key":"SteroidPotion"},{"floor":11.0,"key":"SteroidPotion"},{"floor":14.0,"key":"Energy Potion"},{"floor":18.0,"key":"Ancient Potion"},{"floor":33.0,"key":"CultistPotion"},{"floor":35.0,"key":"DuplicationPotion"},{"floor":38.0,"key":"LiquidMemories"},{"floor":40.0,"key":"Weak Potion"}],"is_trial":false,"path_per_floor":["M","M","M","?","$","R","E","R","T","M","E","?","R","M","R","B",null,"M","?","?","$","?","R","E","$","T","E","?","R","E","$","R","B",null,"M","?","M","?","M","E","R","E","T","M","R","?","R","$","R","B","B"],"character_chosen":"DEFECT","items_purchased":["Doom and Gloom","Potion Belt","PowerPotion","SkillPotion","SkillPotion","Defragment+1","Frozen Eye"],"campfire_rested":3,"item_purchase_floors":[5,21,21,25,31,48,48],"current_hp_per_floor":[46,40,32,32,32,32,23,42,42,42,12,12,12,11,30,30,56,40,40,40,55,55,55,60,64,64,55,38,38,38,53,53,37,57,54,54,59,59,64,27,46,48,48,41,41,41,41,56,56,32,0,0],"gold":43,"neow_bonus":"ONE_RARE_RELIC","is_daily":false,"chose_seed":false,"campfire_upgraded":7,"win_rate":0.0,"timestamp":1613095507,"path_taken":["M","M","?","?","$","R","E","R","T","M","E","?","R","M","R","BOSS","M","?","?","$","?","R","E","$","T","E","?","R","E","$","R","BOSS","M","?","?","?","?","E","R","E","T","M","R","?","R","$","R","BOSS","BOSS"],"items_purchased_type":["Card","Relic","Potion","Potion","Potion","Card","Relic"],"build_version":"2020-12-22","purchased_purges":1,"victory":false,"max_hp_per_floor":[71,71,71,64,64,64,64,64,64,64,64,64,64,64,64,64,64,64,64,64,64,64,64,64,64,64,64,64,64,64,64,64,64,64,64,64,64,64,64,64,64,64,64,64,64,64,64,64,64,64,64,64],"relic_stats":{"Emotion Chip":[41,18,6,12,5],"Gremlin Horn":[10,10],"counters":[21,89],"Bloody Idol":50,"MealTicket":49,"PreservedInsect":130,"Necronomicon":[16],"Whetstone":["Cold Snap","Strike_B"],"Boot":[0],"obtain_stats":[{"Potion Belt":21,"Gremlin Horn":30,"Golden Idol":4,"Oddly Smooth Stone":9,"Velvet Choker":17,"PreservedInsect":40,"Whetstone":27,"Frozen Egg 2":11,"Boot":42,"Akabeko":7,"Nuclear Battery":34,"Frozen Eye":48,"Emotion Chip":24,"Bloody Idol":22,"MealTicket":19,"Necronomicon":28,"Cracked Core":0,"Symbiotic Virus":43,"TungstenRod":0},{"Potion Belt":9,"Gremlin Horn":12,"Golden Idol":3,"Oddly Smooth Stone":4,"Velvet Choker":8,"PreservedInsect":17,"Whetstone":11,"Frozen Egg 2":6,"Boot":18,"Akabeko":4,"Nuclear Battery":13,"Frozen Eye":19,"Emotion Chip":10,"Bloody Idol":9,"MealTicket":9,"Necronomicon":11,"Cracked Core":0,"Symbiotic Virus":18,"TungstenRod":0},{"Potion Belt":34,"Gremlin Horn":48,"Golden Idol":10,"Oddly Smooth Stone":13,"Velvet Choker":31,"PreservedInsect":68,"Whetstone":45,"Frozen Egg 2":21,"Boot":74,"Akabeko":13,"Nuclear Battery":54,"Frozen Eye":77,"Emotion Chip":39,"Bloody Idol":34,"MealTicket":34,"Necronomicon":45,"Cracked Core":0,"Symbiotic Virus":74,"TungstenRod":0}],"TungstenRod":40},"card_choices":[{"not_picked":["Loop","Stack"],"picked":"Melter","floor":1.0},{"not_picked":["Loop","Undo"],"picked":"Ball Lightning","floor":2.0},{"not_picked":["Blizzard","Beam Cell"],"picked":"Sunder","floor":3.0},{"not_picked":["Barrage","Hello World"],"picked":"Defragment","floor":7.0},{"not_picked":["Redo","Fusion"],"picked":"Cold Snap","floor":10.0},{"not_picked":["Stack","White Noise"],"picked":"Defragment+1","floor":11.0},{"not_picked":["Streamline","FTL"],"picked":"Reinforced Body","floor":14.0},{"not_picked":["Meteor Strike","Amplify"],"picked":"Electrodynamics+1","floor":16.0},{"not_picked":["Fusion+1","Force Field"],"picked":"Loop+1","floor":18.0},{"not_picked":["Turbo","Leap"],"picked":"Stack","floor":24.0},{"not_picked":["Double Energy","Streamline"],"picked":"Cold Snap","floor":27.0},{"not_picked":["Recycle","Cold Snap","Consume"],"picked":"SKIP","floor":30.0},{"not_picked":["Rainbow","Core Surge"],"picked":"Buffer+1","floor":33.0},{"not_picked":["Beam Cell","Fusion"],"picked":"Undo","floor":35.0},{"not_picked":["Conserve Battery","Double Energy","Darkness"],"picked":"SKIP","floor":37.0},{"not_picked":["Aggregate","Cold Snap+1"],"picked":"Defragment+1","floor":39.0},{"not_picked":["Streamline","Barrage+1"],"picked":"Static Discharge+1","floor":40.0},{"not_picked":["Rebound","Lockon","Force Field"],"picked":"SKIP","floor":42.0},{"not_picked":["Coolheaded","Stack","Auto Shields"],"picked":"SKIP","floor":44.0}],"player_experience":1096057,"relics_obtained":[{"floor":7.0,"key":"Akabeko"},{"floor":9.0,"key":"Oddly Smooth Stone"},{"floor":11.0,"key":"Frozen Egg 2"},{"floor":24.0,"key":"Emotion Chip"},{"floor":27.0,"key":"Whetstone"},{"floor":28.0,"key":"Necronomicon"},{"floor":30.0,"key":"Gremlin Horn"},{"floor":40.0,"key":"PreservedInsect"},{"floor":42.0,"key":"Boot"},{"floor":43.0,"key":"Symbiotic Virus"}],"event_choices":[{"damage_healed":0.0,"max_hp_gain":0.0,"max_hp_loss":7.0,"gold_gain":0.0,"event_name":"Golden Idol","player_choice":"Lose Max HP","floor":4.0,"gold_loss":0.0,"damage_taken":0.0,"relics_obtained":["Golden Idol"]},{"damage_healed":0.0,"max_hp_gain":0.0,"max_hp_loss":0.0,"gold_gain":72.0,"event_name":"Golden Wing","player_choice":"Gained Gold","floor":12.0,"gold_loss":0.0,"damage_taken":0.0},{"damage_healed":0.0,"max_hp_gain":0.0,"max_hp_loss":0.0,"gold_gain":0.0,"event_name":"Addict","player_choice":"Obtained Relic","floor":19.0,"gold_loss":85.0,"damage_taken":0.0,"relics_obtained":["MealTicket"]},{"damage_healed":0.0,"max_hp_gain":0.0,"max_hp_loss":0.0,"gold_gain":0.0,"event_name":"Vampires","player_choice":"Ignored","floor":20.0,"gold_loss":0.0,"damage_taken":0.0},{"damage_healed":0.0,"max_hp_gain":0.0,"max_hp_loss":0.0,"gold_gain":0.0,"event_name":"Forgotten Altar","player_choice":"Gave Idol","floor":22.0,"relics_lost":["Golden Idol"],"gold_loss":0.0,"damage_taken":0.0,"relics_obtained":["Bloody Idol"]},{"damage_healed":0.0,"max_hp_gain":0.0,"max_hp_loss":0.0,"gold_gain":0.0,"event_name":"Cursed Tome","player_choice":"Obtained Book","floor":28.0,"gold_loss":0.0,"damage_taken":21.0},{"cards_removed":["Strike_B"],"damage_healed":0.0,"max_hp_gain":0.0,"max_hp_loss":0.0,"gold_gain":0.0,"event_name":"Wheel of Change","player_choice":"Card Removal","floor":36.0,"gold_loss":0.0,"damage_taken":0.0},{"damage_healed":0.0,"max_hp_gain":0.0,"max_hp_loss":0.0,"gold_gain":0.0,"event_name":"Lab","player_choice":"Got Potions","floor":38.0,"gold_loss":0.0,"damage_taken":0.0},{"cards_removed":["Melter"],"damage_healed":0.0,"max_hp_gain":0.0,"max_hp_loss":0.0,"gold_gain":0.0,"event_name":"Falling","player_choice":"Removed Attack","floor":46.0,"gold_loss":0.0,"damage_taken":0.0}],"is_beta":false,"boss_relics":[{"not_picked":["Busted Crown","FrozenCore"],"picked":"Velvet Choker"},{"not_picked":["Tiny House","Philosopher\u0027s Stone"],"picked":"Nuclear Battery"}],"items_purged_floors":[5],"is_endless":false,"potions_floor_spawned":[1,7,11,14,18,33,35,40],"killed_by":"Awakened One","ascension_level":20}}