{"host":"clf2hd4adhiiw0zf","time":1613090562,"event":{"mods":["AchievementEnabler","BaseMod","Beaked The Cultist","Bestiary","Dark Map","Downfall","Gremlin Mod","Hermit","Jorbs\u0027s Wanderer Trilogy","Marisa????????","Minty Spire (QoL Compilation)","Shop Mod","StSLib","The Cursed","The Servant 0.9.4","Wide Potions"],"gold_per_floor":[0,0,0,0,0,15,15,29,60,77,103,3,17,35,52,157,157,57,74,86,99,99,132,157,157,57,69,83,93,93,107,119,215,215,215,229,229,248,158,158,158,158],"floor_reached":40,"language":"ENG","playtime":3135,"items_purged":["Slimebound:Strike_Slimebound"],"score":626,"play_id":"af4faea3-11f8-4bdd-9cde-6a602263b4ab","local_time":"20210211174242","is_ascension_mode":true,"campfire_choices":[{"data":"Slimebound:WasteNot","floor":1,"key":"SMITH"},{"data":"Slimebound:CheckThePlaybook","floor":12,"key":"SMITH"},{"floor":18,"key":"RECALL"},{"floor":26,"key":"REST"},{"floor":35,"key":"REST"}],"circlet_count":0,"master_deck":["Slimebound:Tackle","Slimebound:Defend_Slimebound+1","Slimebound:Defend_Slimebound","Slimebound:Defend_Slimebound","Slimebound:Defend_Slimebound","Slimebound:Split","Slimebound:CorrosiveSpit","Slimebound:WasteNot+1","Slimebound:FlameTackle+1","Slimebound:LeechLife+1","Slimebound:GoopTackle+1","Slimebound:Schlurp","Slimebound:CheckThePlaybook+1","Slimebound:GoopSpray","Slimebound:SamplingLick","Slimebound:RollThrough+1","Slimebound:GrowthPunch+1","Slimebound:BestDefense","Slimebound:WasteNot","Slimebound:ComboTackle+1","Slimebound:FormOfPuddle","Slimebound:HauntingLick","Slimebound:Replication","Slimebound:Schlurp","Slimebound:Chomp+1","Slimebound:Prepare","Slimebound:RollThrough+1","Slimebound:Recycling","Slimebound:ComboTackle+1","Slimebound:SamplingLick+1"],"relics":["Slimebound:AbsorbEndCombat","Molten Egg 2","Slimebound:StickyStick","Slimebound:MaxSlimesRelic","Incense Burner","downfall:HeartBlessingBlue","Fusion Hammer","downfall:HeartBlessingGreen","Ornamental Fan","Oddly Smooth Stone","Nunchaku","downfall:HeartBlessingRed","Black Star"],"acts_visited":["Exordium","TheCity","TheBeyond"],"potions_floor_usage":[11,15,19,23,33],"damage_taken":[{"damage":6,"enemies":"downfall:FleeingMerchant","floor":4,"turns":4},{"damage":6,"enemies":"2 Louse","floor":6,"turns":2},{"damage":3,"enemies":"Small Slimes","floor":8,"turns":3},{"damage":40,"enemies":"3 Sentries","floor":9,"turns":4},{"damage":3,"enemies":"Cultist","floor":10,"turns":2},{"damage":6,"enemies":"Lagavulin","floor":11,"turns":3},{"damage":1,"enemies":"Blue Slaver","floor":13,"turns":2},{"damage":9,"enemies":"2 Fungi Beasts","floor":14,"turns":2},{"damage":10,"enemies":"3 Louse","floor":15,"turns":5},{"damage":1,"enemies":"SI_SHIV_ARCHETYPE","floor":16,"turns":7},{"damage":7,"enemies":"3 Byrds","floor":19,"turns":3},{"damage":0,"enemies":"Shell Parasite","floor":20,"turns":2},{"damage":5,"enemies":"Cultist and Chosen","floor":21,"turns":3},{"damage":22,"enemies":"Slavers","floor":23,"turns":4},{"damage":22,"enemies":"Centurion and Healer","floor":27,"turns":4},{"damage":8,"enemies":"Snecko","floor":28,"turns":3},{"damage":1,"enemies":"Cultist and Chosen","floor":29,"turns":5},{"damage":0,"enemies":"Snake Plant","floor":31,"turns":3},{"damage":4,"enemies":"3 Cultists","floor":32,"turns":3},{"damage":0,"enemies":"WA_ARCHETYPE_CALM","floor":33,"turns":7},{"damage":58,"enemies":"3 Darklings","floor":36,"turns":8},{"damage":1,"enemies":"Orb Walker","floor":38,"turns":3},{"damage":0,"enemies":"downfall:FleeingMerchant","floor":39,"turns":4},{"damage":36,"enemies":"3 Darklings","floor":40,"turns":2}],"seed_played":"-7629783150851424989","potions_obtained":[{"floor":10,"key":"PowerPotion"},{"floor":13,"key":"Swift Potion"},{"floor":15,"key":"Energy Potion"},{"floor":16,"key":"PowerPotion"},{"floor":20,"key":"Dexterity Potion"},{"floor":25,"key":"CultistPotion"},{"floor":27,"key":"Regen Potion"},{"floor":33,"key":"Slimebound:SlimedPotion"}],"is_trial":false,"path_per_floor":["R","?","?","$","?","M","T","M","E","M","E","R","M","M","M","B",null,"R","M","M","M","?","E","T","?","R","M","M","M","?","M","M","B",null,"R","M","?","M","$","M"],"character_chosen":"SLIMEBOUND","items_purchased":[],"campfire_rested":2,"item_purchase_floors":[],"current_hp_per_floor":[65,62,62,60,60,54,54,53,17,14,12,22,23,21,15,30,75,75,75,75,75,75,59,59,59,75,59,75,74,66,70,75,75,75,75,23,23,26,32,0,0,0],"gold":158,"neow_bonus":"TRANSFORM_TWO_CARDS","is_daily":false,"chose_seed":false,"campfire_upgraded":2,"win_rate":0.0,"timestamp":1613090562,"path_taken":["R","?","?","$","?","M","T","M","E","M","E","R","M","M","M","BOSS","R","M","M","?","?","E","T","?","R","M","M","M","?","M","M","BOSS","R","M","?","M","$","M"],"items_purchased_type":[],"build_version":"2020-12-22","purchased_purges":1,"victory":false,"max_hp_per_floor":[65,65,65,65,65,65,65,65,65,65,65,75,75,75,75,75,75,75,75,75,75,75,75,75,75,75,75,75,75,75,75,75,75,75,75,75,75,75,75,75,75,75],"card_choices":[{"not_picked":["Slimebound:SlimeSpikes","Slimebound:SplitAcid"],"picked":"Slimebound:LeechLife+1","floor":4},{"not_picked":["Slimebound:Prepare","Slimebound:MegaLick"],"picked":"Slimebound:GoopTackle+1","floor":6},{"not_picked":["Slimebound:Replication","Slimebound:SplitMire"],"picked":"Slimebound:Schlurp","floor":8},{"not_picked":["Slimebound:RainOfGoop","Slimebound:LeadByExample"],"picked":"Slimebound:CheckThePlaybook","floor":9},{"not_picked":["Slimebound:Chomp+1","Slimebound:SplitSpecialist"],"picked":"Slimebound:GoopSpray","floor":10},{"not_picked":["Slimebound:GoopTackle+1","Slimebound:ServeAndProtect"],"picked":"Slimebound:SamplingLick","floor":11},{"not_picked":["Slimebound:GoopSpray","Slimebound:Schlurp"],"picked":"Slimebound:RollThrough+1","floor":13},{"not_picked":["Slimebound:LeechEnergy+1","Slimebound:SplitLeeching"],"picked":"Slimebound:GrowthPunch+1","floor":14},{"not_picked":["Slimebound:Recollect","Slimebound:Darklings"],"picked":"Slimebound:BestDefense","floor":15},{"not_picked":["Slimebound:FirmFortitude","Slimebound:RallyTheTroops+1"],"picked":"Slimebound:WasteNot","floor":16},{"not_picked":["Slimebound:SplitBruiser","Slimebound:SlimeBarrage+1","Slimebound:SplitLeeching"],"picked":"SKIP","floor":19},{"not_picked":["Slimebound:LevelUp+1","Slimebound:SlimeTap"],"picked":"Slimebound:ComboTackle+1","floor":20},{"not_picked":["Slimebound:ItLooksTasty+1","Slimebound:ViciousTackle+1"],"picked":"Slimebound:FormOfPuddle","floor":21},{"not_picked":["Slimebound:FirmFortitude","Slimebound:PressTheAttack+1"],"picked":"Slimebound:HauntingLick","floor":23},{"not_picked":["Slimebound:LeadByExample","Slimebound:SplitMire"],"picked":"Slimebound:Replication","floor":27},{"not_picked":["Slimebound:ItLooksTasty+1","Slimebound:LevelUp"],"picked":"Slimebound:Schlurp","floor":28},{"not_picked":["Slimebound:SplitMire+1","Slimebound:ProtectTheBoss"],"picked":"Slimebound:Chomp+1","floor":29},{"not_picked":["Slimebound:FormOfPuddle","Slimebound:Schlurp"],"picked":"Slimebound:Prepare","floor":31},{"not_picked":["Slimebound:HauntingLick","Slimebound:PressTheAttack+1"],"picked":"Slimebound:RollThrough+1","floor":32},{"not_picked":["Slimebound:Darklings","Slimebound:FirmFortitude"],"picked":"Slimebound:Recycling","floor":33},{"not_picked":["Slimebound:SplitMire+1","Slimebound:PressTheAttack+1"],"picked":"Slimebound:ComboTackle+1","floor":36},{"not_picked":["Slimebound:SplitAcid","Slimebound:SplitSpecialist"],"picked":"Slimebound:SamplingLick+1","floor":38},{"not_picked":["Slimebound:LeechEnergy+1","Slimebound:MassRepurpose","Slimebound:FinishingTackle+1"],"picked":"SKIP","floor":39}],"player_experience":224943,"relics_obtained":[{"floor":9,"key":"Slimebound:MaxSlimesRelic"},{"floor":11,"key":"Incense Burner"},{"floor":23,"key":"Oddly Smooth Stone"},{"floor":24,"key":"Nunchaku"}],"event_choices":[{"damage_healed":0,"gold_gain":0,"player_choice":"Success","damage_taken":3,"relics_obtained":["Molten Egg 2"],"max_hp_gain":0,"max_hp_loss":0,"event_name":"Scrap Ooze","floor":2,"gold_loss":0},{"damage_healed":0,"gold_gain":0,"player_choice":"Stole Relic","damage_taken":0,"relics_obtained":["Ornamental Fan"],"max_hp_gain":0,"max_hp_loss":0,"event_name":"Addict","floor":22,"gold_loss":0,"cards_obtained":["Pride"]}],"is_beta":false,"boss_relics":[{"not_picked":["beaked:MawFillet","SacredBark"],"picked":"Fusion Hammer"},{"not_picked":["Runic Dome","Coffee Dripper"],"picked":"Black Star"}],"items_purged_floors":[39],"is_endless":false,"potions_floor_spawned":[10,13,15,16,20,27,29,32,33,38],"killed_by":"3 Darklings","ascension_level":4}}