{"host":"rmsq46plbpwfbxcc","time":1613120066,"event":{"mods":["AchievementEnabler","BaseMod","Colored Map","Colored Powertips","DeckTracker","KOR Keyword Fix","Minty Spire (QoL Compilation)","Permanent Neow","Quick Restart","SuperFastMode"],"gold_per_floor":[111,111,36,36,55,55,55,55],"floor_reached":7,"language":"KOR","playtime":157,"items_purged":["Defend_G"],"score":78,"play_id":"2bd76edc-7f89-456a-bd72-84492118f121","local_time":"20210212175426","is_ascension_mode":true,"campfire_choices":[{"data":"Neutralize","floor":6,"key":"SMITH"}],"circlet_count":0,"master_deck":["AscendersBane","Strike_G","Strike_G","Strike_G","Strike_G","Defend_G","Defend_G","Defend_G","Defend_G","Survivor","Neutralize+1","CurseOfTheBell","Dash"],"relics":["Calling Bell","Boot","Ornamental Fan","Ginger","CultistMask"],"acts_visited":["Exordium"],"potions_floor_usage":[7],"damage_taken":[{"damage":3.0,"enemies":"2 Louse","floor":1.0,"turns":3.0},{"damage":4,"enemies":"Cultist","floor":5,"turns":4},{"damage":76,"enemies":"Lagavulin","floor":7,"turns":13}],"seed_played":"-8999779696927531454","potions_obtained":[{"floor":1.0,"key":"Regen Potion"},{"floor":5,"key":"GhostInAJar"}],"is_trial":false,"path_per_floor":["M","?","$","?","M","R","E"],"character_chosen":"THE_SILENT","items_purchased":[],"campfire_rested":0,"item_purchase_floors":[],"current_hp_per_floor":[56,56,56,56,52,52,0,0],"gold":55,"neow_bonus":"BOSS_RELIC","is_daily":false,"chose_seed":false,"campfire_upgraded":1,"win_rate":0.0,"timestamp":1613120066,"path_taken":["M","?","$","?","M","R","E"],"items_purchased_type":[],"build_version":"2020-12-22","purchased_purges":1,"victory":false,"max_hp_per_floor":[66,66,66,66,66,66,66,66],"card_choices":[{"not_picked":["Concentrate","Deflect"],"picked":"Dash","floor":1.0},{"not_picked":["Skewer","Deflect","Sucker Punch"],"picked":"SKIP","floor":5}],"player_experience":690098,"relics_obtained":[{"floor":0.0,"key":"Boot"},{"floor":0.0,"key":"Ornamental Fan"},{"floor":0.0,"key":"Ginger"}],"event_choices":[{"cards_removed":["Strike_G"],"damage_healed":0,"gold_gain":0,"player_choice":"Forget","damage_taken":0,"max_hp_gain":0,"max_hp_loss":0,"event_name":"Living Wall","floor":2,"gold_loss":0},{"damage_healed":0,"gold_gain":0,"player_choice":"Trade","damage_taken":0,"relics_obtained":["CultistMask"],"max_hp_gain":0,"max_hp_loss":0,"event_name":"FaceTrader","floor":4,"gold_loss":0}],"is_beta":false,"boss_relics":[],"items_purged_floors":[3],"is_endless":false,"potions_floor_spawned":[1,5],"killed_by":"Lagavulin","ascension_level":20}}