{"host":"jx3f6ezc0g3s9edc","time":1613093634,"event":{"mods":["AchievementEnabler","BaseMod","Bestiary","Colored Map","Highlight Path","Minty Spire (QoL Compilation)","StSLib"],"gold_per_floor":[118,118,131,145,220,220,247,20,98,123,123,140,40,74,74,170,170,186,203,220,234,234,246,258,300,337,367,379,411,423,448,460,570,582,611,635,647,647],"floor_reached":37,"language":"ENG","playtime":2082,"items_purged":["Strike_P"],"score":411,"play_id":"b12544db-5069-4ac2-9ce3-05b9de509574","local_time":"20210211203354","is_ascension_mode":false,"campfire_choices":[{"data":"Eruption","floor":6.0,"key":"SMITH"},{"data":"Wallop","floor":15.0,"key":"SMITH"},{"data":"Tantrum","floor":23.0,"key":"SMITH"},{"data":"Establishment","floor":28.0,"key":"SMITH"},{"floor":30.0,"key":"REST"},{"data":"Fasting2","floor":32.0,"key":"SMITH"}],"circlet_count":0,"master_deck":["Strike_P","Strike_P","Strike_P+1","Defend_P","Defend_P","Defend_P","Eruption+1","Vigilance","FollowUp+1","BowlingBash","Consecrate","FlyingSleeves","Conclude","Wallop+1","Crescendo","DevaForm","EmptyBody","Tantrum+1","Fasting2+1","Establishment+1","Evaluate","ThirdEye+1","Study+1","ConjureBlade","Indignation","Tantrum"],"relics":["PureWater","NeowsBlessing","Oddly Smooth Stone","Whetstone","Pantograph","Omamori","CultistMask","Lantern","Cursed Key","MawBank","Happy Flower","Philosopher\u0027s Stone"],"acts_visited":["Exordium","TheCity","TheBeyond"],"potions_floor_usage":[],"damage_taken":[{"damage":0.0,"enemies":"Small Slimes","floor":1.0,"turns":1.0},{"damage":0.0,"enemies":"Jaw Worm","floor":3.0,"turns":1.0},{"damage":0.0,"enemies":"Cultist","floor":4.0,"turns":1.0},{"damage":13.0,"enemies":"Lagavulin","floor":7.0,"turns":5.0},{"damage":12.0,"enemies":"3 Sentries","floor":10.0,"turns":5.0},{"damage":7.0,"enemies":"Red Slaver","floor":12.0,"turns":2.0},{"damage":12.0,"enemies":"Lagavulin","floor":14.0,"turns":4.0},{"damage":7.0,"enemies":"Slime Boss","floor":16.0,"turns":5.0},{"damage":0.0,"enemies":"2 Thieves","floor":18.0,"turns":1.0},{"damage":0.0,"enemies":"Chosen","floor":19.0,"turns":3.0},{"damage":0.0,"enemies":"Sentry and Sphere","floor":20.0,"turns":2.0},{"damage":0.0,"enemies":"Centurion and Healer","floor":21.0,"turns":3.0},{"damage":20.0,"enemies":"Slavers","floor":25.0,"turns":4.0},{"damage":1.0,"enemies":"Cultist and Chosen","floor":27.0,"turns":4.0},{"damage":27.0,"enemies":"Chosen and Byrds","floor":29.0,"turns":7.0},{"damage":13.0,"enemies":"Snake Plant","floor":31.0,"turns":3.0},{"damage":43.0,"enemies":"Automaton","floor":33.0,"turns":8.0},{"damage":42.0,"enemies":"3 Darklings","floor":35.0,"turns":4.0},{"damage":6.0,"enemies":"3 Shapes","floor":36.0,"turns":3.0},{"damage":27,"enemies":"3 Darklings","floor":37,"turns":3}],"seed_played":"-4409733318398248409","potions_obtained":[{"floor":1.0,"key":"DuplicationPotion"},{"floor":7.0,"key":"BlessingOfTheForge"},{"floor":12.0,"key":"SmokeBomb"},{"floor":14.0,"key":"AttackPotion"},{"floor":19.0,"key":"Ancient Potion"},{"floor":25.0,"key":"PowerPotion"},{"floor":27.0,"key":"PowerPotion"}],"is_trial":false,"path_per_floor":["M","?","M","M","?","R","E","$","T","E","?","M","$","E","R","B",null,"M","M","M","M","?","R","$","E","T","M","R","M","R","M","R","B",null,"M","M","M"],"character_chosen":"WATCHER","items_purchased":["Whetstone","Wallop","Crescendo"],"campfire_rested":1,"item_purchase_floors":[8,13,13],"current_hp_per_floor":[72,65,65,65,54,54,41,41,41,29,29,22,22,10,10,28,72,72,72,72,72,72,72,72,52,52,51,51,24,45,32,32,14,72,30,24,0,0],"gold":647,"neow_bonus":"THREE_ENEMY_KILL","is_daily":false,"chose_seed":false,"campfire_upgraded":5,"win_rate":0.0,"timestamp":1613093634,"path_taken":["M","?","M","M","?","R","E","$","T","E","?","?","?","E","R","BOSS","M","M","M","M","?","R","$","E","T","M","R","M","R","M","R","BOSS","M","M","M"],"items_purchased_type":["Relic","Card","Card"],"build_version":"2020-12-22","purchased_purges":1,"victory":false,"max_hp_per_floor":[72,72,72,72,72,72,72,72,72,72,72,72,72,72,72,72,72,72,72,72,72,72,72,72,72,72,72,72,72,72,72,72,72,72,72,72,72,72],"card_choices":[{"not_picked":["Sanctity","Halt"],"picked":"FollowUp","floor":1.0},{"not_picked":["EmptyMind","ClearTheMind"],"picked":"BowlingBash","floor":3.0},{"not_picked":["ClearTheMind","PathToVictory"],"picked":"Consecrate","floor":4.0},{"not_picked":["Evaluate","InnerPeace"],"picked":"FlyingSleeves","floor":7.0},{"not_picked":["WaveOfTheHand","Consecrate","ForeignInfluence"],"picked":"SKIP","floor":10.0},{"not_picked":["Consecrate","SashWhip"],"picked":"Conclude","floor":12.0},{"not_picked":["Conclude","WindmillStrike","Nirvana"],"picked":"SKIP","floor":14.0},{"not_picked":["Blasphemy","DeusExMachina"],"picked":"DevaForm","floor":16.0},{"not_picked":["WaveOfTheHand","PathToVictory"],"picked":"EmptyBody","floor":18.0},{"not_picked":["BowlingBash","Adaptation"],"picked":"Tantrum","floor":19.0},{"not_picked":["EmptyBody","CrushJoints"],"picked":"Fasting2","floor":20.0},{"not_picked":["Conclude","Consecrate","Crescendo+1"],"picked":"SKIP","floor":21.0},{"not_picked":["Crescendo","SashWhip"],"picked":"Establishment","floor":25.0},{"not_picked":["PathToVictory","Weave"],"picked":"Evaluate","floor":27.0},{"not_picked":["Halt","BowlingBash"],"picked":"ThirdEye+1","floor":29.0},{"not_picked":["BowlingBash","ClearTheMind"],"picked":"Study+1","floor":31.0},{"not_picked":["MasterReality","Devotion"],"picked":"ConjureBlade","floor":33.0},{"not_picked":["SashWhip+1","EmptyBody"],"picked":"Indignation","floor":35.0},{"not_picked":["Pray","ClearTheMind+1"],"picked":"Tantrum","floor":36.0}],"player_experience":852483,"relics_obtained":[{"floor":7.0,"key":"Oddly Smooth Stone"},{"floor":9.0,"key":"Pantograph"},{"floor":10.0,"key":"Omamori"},{"floor":14.0,"key":"Lantern"},{"floor":25.0,"key":"Happy Flower"}],"event_choices":[{"cards_removed":["Defend_P"],"damage_healed":0.0,"max_hp_gain":0.0,"max_hp_loss":0.0,"gold_gain":0.0,"event_name":"Golden Wing","player_choice":"Card Removal","floor":2.0,"gold_loss":0.0,"damage_taken":7.0},{"damage_healed":0.0,"max_hp_gain":0.0,"max_hp_loss":0.0,"gold_gain":75.0,"event_name":"World of Goop","player_choice":"Gather Gold","floor":5.0,"gold_loss":0.0,"damage_taken":11.0},{"damage_healed":0.0,"max_hp_gain":0.0,"max_hp_loss":0.0,"gold_gain":0.0,"event_name":"FaceTrader","player_choice":"Trade","floor":11.0,"gold_loss":0.0,"damage_taken":0.0,"relics_obtained":["CultistMask"]},{"damage_healed":0.0,"max_hp_gain":0.0,"max_hp_loss":0.0,"gold_gain":0.0,"event_name":"The Mausoleum","player_choice":"Opened","floor":22.0,"gold_loss":0.0,"damage_taken":0.0,"relics_obtained":["MawBank"]}],"is_beta":false,"boss_relics":[{"not_picked":["Sozu","Coffee Dripper"],"picked":"Cursed Key"},{"not_picked":["Runic Dome","Busted Crown"],"picked":"Philosopher\u0027s Stone"}],"items_purged_floors":[8],"is_endless":false,"potions_floor_spawned":[1,7,12,14,19,20,25,27,31],"killed_by":"3 Darklings","ascension_level":0}}