{"host":"k0cm6nn9mnmji9h1","time":1613139644,"event":{"mods":["100% Spire Juice","2.2 Compatiblity","AchievementEnabler","BaseMod","Colored Map","DeckTracker","Gremlin Skip","Highlight Path","Lobotomy","Minty Spire (QoL Compilation)","Permanent Neow","Shade Mod","StSLib","The Dragon Tamer","The Marked","Waifu the Spire"],"gold_per_floor":[109,109,128,146,166,166,166,166],"floor_reached":7,"language":"KOR","playtime":331,"items_purged":[],"score":43,"play_id":"1a2b4907-4cba-4022-bf50-6175229b5704","local_time":"20210212232044","is_ascension_mode":false,"campfire_choices":[{"data":"Deadly Poison","floor":6,"key":"SMITH"}],"circlet_count":0,"master_deck":["Strike_G","Strike_G","Strike_G","Strike_G","Defend_G","Defend_G","Defend_G","Defend_G","Defend_G","Survivor","Neutralize","Woodsman","Deadly Poison+1","Wellcheers","SpiderBud","LittlePrince","Quick Slash"],"relics":["Ring of the Snake","CogitoBucket"],"acts_visited":["Exordium"],"potions_floor_usage":[],"damage_taken":[{"damage":0,"enemies":"Cultist","floor":1,"turns":4},{"damage":0,"enemies":"2 Louse","floor":3,"turns":4},{"damage":8,"enemies":"Jaw Worm","floor":4,"turns":4},{"damage":11,"enemies":"Red Slaver","floor":5,"turns":4},{"damage":82,"enemies":"3 Sentries","floor":7,"turns":12}],"seed_played":"7424979914592935223","potions_obtained":[{"floor":3,"key":"Energy Potion"}],"is_trial":false,"path_per_floor":["M","?","M","M","M","R","E"],"character_chosen":"THE_SILENT","items_purchased":[],"campfire_rested":0,"item_purchase_floors":[],"current_hp_per_floor":[70,70,70,70,68,68,0,0],"gold":166,"neow_bonus":"","is_daily":false,"chose_seed":false,"campfire_upgraded":1,"win_rate":0.0,"timestamp":1613139644,"path_taken":["M","?","M","M","M","R","E"],"items_purchased_type":[],"build_version":"2020-12-22","purchased_purges":0,"victory":false,"max_hp_per_floor":[70,70,70,70,70,70,70,70],"card_choices":[{"not_picked":["Scorched","Murderer"],"picked":"Woodsman","floor":1},{"not_picked":["Reflex","Choke"],"picked":"Deadly Poison","floor":1},{"not_picked":["WallGazer","OldLady"],"picked":"Wellcheers","floor":3},{"not_picked":["Sucker Punch","Bane","Underhanded Strike"],"picked":"SKIP","floor":3},{"not_picked":["PunishingBird","VoidDream"],"picked":"SpiderBud","floor":4},{"not_picked":["Catalyst","Dodge and Roll","Underhanded Strike"],"picked":"SKIP","floor":4},{"not_picked":["Bloodbath","MHz"],"picked":"LittlePrince","floor":5},{"not_picked":["Slice","Escape Plan"],"picked":"Quick Slash","floor":5}],"player_experience":505454,"relics_obtained":[],"event_choices":[{"cards_removed":["Strike_G"],"damage_healed":0,"gold_gain":0,"player_choice":"Forget","damage_taken":0,"max_hp_gain":0,"max_hp_loss":0,"event_name":"Living Wall","floor":2,"gold_loss":0}],"is_beta":false,"boss_relics":[],"items_purged_floors":[],"is_endless":false,"potions_floor_spawned":[3],"killed_by":"3 Sentries","ascension_level":0}}