{"host":"fbdlh90rovbiajun","time":1613147599,"event":{"mods":["AchievementEnabler","BaseMod","Colored Map","Minty Spire (QoL Compilation)","SuperFastMode"],"gold_per_floor":[210,160,85,85,102,102,177,42,68,88,88,117,117,128,128,128,128],"floor_reached":16,"language":"KOR","playtime":540,"items_purged":["Defend_P","Strike_P"],"score":98,"play_id":"348594fc-e995-4510-9409-a6177fc110d5","local_time":"20210213013319","is_ascension_mode":false,"campfire_choices":[{"data":"CrushJoints","floor":6,"key":"SMITH"},{"data":"TalkToTheHand","floor":11,"key":"SMITH"},{"data":"InnerPeace","floor":13,"key":"SMITH"},{"floor":15,"key":"REST"}],"circlet_count":0,"master_deck":["Strike_P","Strike_P","Strike_P","Defend_P","Defend_P","Eruption+1","Vigilance","InnerPeace+1","CrushJoints+1","TalkToTheHand+1","WheelKick"],"relics":["PureWater","Bag of Preparation","Oddly Smooth Stone"],"acts_visited":["Exordium"],"potions_floor_usage":[16,16],"damage_taken":[{"damage":7,"enemies":"Small Slimes","floor":1,"turns":5},{"damage":0,"enemies":"2 Louse","floor":5,"turns":1},{"damage":17,"enemies":"Jaw Worm","floor":10,"turns":2},{"damage":21,"enemies":"Gremlin Nob","floor":12,"turns":3},{"damage":0,"enemies":"Large Slime","floor":14,"turns":2},{"damage":38,"enemies":"Hexaghost","floor":16,"turns":6}],"seed_played":"5904289601008854401","potions_obtained":[{"floor":10,"key":"FearPotion"},{"floor":14,"key":"AttackPotion"}],"is_trial":false,"path_per_floor":["M","?","$","?","M","R","?","$","T","M","R","E","R","M","R","B"],"character_chosen":"WATCHER","items_purchased":["TalkToTheHand"],"campfire_rested":1,"item_purchase_floors":[8],"current_hp_per_floor":[65,65,65,65,65,65,54,54,54,37,37,16,16,16,37,0,0],"gold":128,"neow_bonus":"HUNDRED_GOLD","is_daily":false,"chose_seed":false,"campfire_upgraded":3,"win_rate":0.0,"timestamp":1613147599,"path_taken":["M","?","$","?","M","R","?","$","T","M","R","E","R","?","R","BOSS"],"items_purchased_type":["Card"],"build_version":"2020-12-22","purchased_purges":2,"victory":false,"max_hp_per_floor":[72,72,72,72,72,72,72,72,72,72,72,72,72,72,72,72,72],"card_choices":[{"not_picked":["ClearTheMind","Sanctity"],"picked":"InnerPeace","floor":1},{"not_picked":["EmptyBody","Evaluate"],"picked":"CrushJoints","floor":5},{"not_picked":["Evaluate","JustLucky","Protect"],"picked":"SKIP","floor":10},{"not_picked":["Consecrate","ClearTheMind","SashWhip"],"picked":"SKIP","floor":12},{"not_picked":["Fasting2","CrushJoints"],"picked":"WheelKick","floor":14}],"player_experience":12719,"relics_obtained":[{"floor":9,"key":"Bag of Preparation"},{"floor":12,"key":"Oddly Smooth Stone"}],"event_choices":[{"cards_removed":["Defend_P"],"damage_healed":0,"gold_gain":0,"player_choice":"Card Removal","damage_taken":0,"max_hp_gain":0,"max_hp_loss":0,"event_name":"The Cleric","floor":2,"gold_loss":50},{"damage_healed":0,"gold_gain":0,"player_choice":"Grow","damage_taken":0,"max_hp_gain":0,"max_hp_loss":0,"event_name":"Living Wall","floor":4,"gold_loss":0,"cards_upgraded":["Eruption"]},{"damage_healed":0,"gold_gain":75,"player_choice":"Gather Gold","damage_taken":11,"max_hp_gain":0,"max_hp_loss":0,"event_name":"World of Goop","floor":7,"gold_loss":0}],"is_beta":false,"boss_relics":[],"items_purged_floors":[3,8],"is_endless":false,"potions_floor_spawned":[10,14],"killed_by":"Hexaghost","ascension_level":0}}