{"host":"qp7xs8nuzfsyommi","time":1613100421,"event":{"mods":["2.2 Compatiblity","BaseMod","Colored Powertips","DeckTracker","Highlight Path","Minty Spire (QoL Compilation)","Permanent Neow","Quick Restart","StSLib"],"gold_per_floor":[112,124,124,134,153,153,165,165,219,254,271,2,12,12,12,12,12],"floor_reached":16,"language":"ENG","playtime":628,"items_purged":[],"score":208,"play_id":"cfa821ec-172f-4dea-bf38-1d4eafa9c8f7","local_time":"20210211222701","is_ascension_mode":true,"campfire_choices":[{"floor":6.0,"key":"REST"},{"floor":15,"key":"REST"}],"circlet_count":0,"master_deck":["AscendersBane","Strike_B","Strike_B","Strike_B","Defend_B","Defend_B","Defend_B","Defend_B","Zap","Dualcast","Electrodynamics","Chill","Chill","Hologram","Streamline","Loop","Heatsinks","Doom and Gloom","Gash"],"relics":["Cracked Core","Ancient Tea Set","Pantograph","DataDisk"],"acts_visited":["Exordium"],"potions_floor_usage":[16,16,16],"damage_taken":[{"damage":1.0,"enemies":"2 Louse","floor":1.0,"turns":2.0},{"damage":1.0,"enemies":"Cultist","floor":2.0,"turns":4.0},{"damage":7.0,"enemies":"Jaw Worm","floor":4.0,"turns":4.0},{"damage":10.0,"enemies":"Exordium Thugs","floor":5.0,"turns":3.0},{"damage":5.0,"enemies":"2 Fungi Beasts","floor":7.0,"turns":3.0},{"damage":16.0,"enemies":"3 Sentries","floor":10.0,"turns":7.0},{"damage":6,"enemies":"3 Louse","floor":11,"turns":4},{"damage":6,"enemies":"Looter","floor":13,"turns":4},{"damage":62,"enemies":"Hexaghost","floor":16,"turns":9}],"seed_played":"7168051655660943176","potions_obtained":[{"floor":1.0,"key":"EntropicBrew"},{"floor":4.0,"key":"Strength Potion"},{"floor":11,"key":"EntropicBrew"}],"is_trial":false,"path_per_floor":["M","M","?","M","M","R","M","?","T","E","M","$","M","?","R","B"],"character_chosen":"DEFECT","items_purchased":["DataDisk","Doom and Gloom","Gash"],"campfire_rested":2,"item_purchase_floors":[12,12,12],"current_hp_per_floor":[45,44,44,37,27,48,43,43,43,27,21,21,15,15,36,0,0],"gold":12,"neow_bonus":"THREE_RARE_CARDS","is_daily":false,"chose_seed":false,"campfire_upgraded":0,"win_rate":0.0,"timestamp":1613100421,"path_taken":["M","M","?","M","M","R","?","?","T","E","M","?","M","?","R","BOSS"],"items_purchased_type":["Relic","Card","Card"],"build_version":"2020-12-22","purchased_purges":0,"victory":false,"max_hp_per_floor":[71,71,71,71,71,71,71,71,71,71,71,71,71,71,71,71,71],"card_choices":[{"not_picked":["Seek","Hyperbeam"],"picked":"Electrodynamics","floor":0.0},{"not_picked":["Beam Cell","Scrape"],"picked":"Chill","floor":1.0},{"not_picked":["Cold Snap","Leap"],"picked":"Chill","floor":2.0},{"not_picked":["Blizzard","Steam"],"picked":"Hologram","floor":4.0},{"not_picked":["Turbo","Stack"],"picked":"Streamline","floor":5.0},{"not_picked":["Barrage","Cold Snap"],"picked":"Loop","floor":7.0},{"not_picked":["Hello World","Barrage"],"picked":"Heatsinks","floor":10.0},{"not_picked":["Barrage","Skim","Coolheaded"],"picked":"SKIP","floor":11},{"not_picked":["Beam Cell","Barrage","Coolheaded"],"picked":"SKIP","floor":13}],"player_experience":1877084,"relics_obtained":[{"floor":9.0,"key":"Ancient Tea Set"},{"floor":10.0,"key":"Pantograph"}],"event_choices":[{"cards_removed":["Strike_B"],"damage_healed":0.0,"max_hp_gain":0.0,"max_hp_loss":0.0,"gold_gain":0.0,"event_name":"Bonfire Elementals","player_choice":"Offered Basic","floor":3.0,"gold_loss":0.0,"damage_taken":0.0},{"damage_healed":0.0,"max_hp_gain":0.0,"max_hp_loss":0.0,"gold_gain":0.0,"event_name":"Dead Adventurer","player_choice":"Searched \u00270\u0027 times","floor":8.0,"gold_loss":0.0,"damage_taken":0.0},{"damage_healed":0,"gold_gain":0,"player_choice":"Fled","damage_taken":0,"max_hp_gain":0,"max_hp_loss":0,"event_name":"Scrap Ooze","floor":14,"gold_loss":0}],"is_beta":false,"boss_relics":[],"items_purged_floors":[],"is_endless":false,"potions_floor_spawned":[1,4,11,13],"killed_by":"Hexaghost","ascension_level":20}}