{"host":"ad59wuc8ynh8u2z6","time":1613172100,"event":{"mods":["AchievementEnabler","BaseMod","Colored Powertips","DeckTracker","Highlight Path","Minty Spire (QoL Compilation)","Permanent Neow"],"gold_per_floor":[117,77,91,102,120,145,70,96,176,176,76,89,89,117,117,117,117],"floor_reached":16,"language":"ENG","playtime":564,"items_purged":["Strike_G","Strike_G"],"score":150,"play_id":"64c695ee-9923-4d99-a3ec-f5641c1f97b4","local_time":"20210213002140","is_ascension_mode":true,"campfire_choices":[{"data":"Blade Dance","floor":10.0,"key":"SMITH"},{"data":"Dash","floor":13.0,"key":"SMITH"},{"data":"Neutralize","floor":15,"key":"SMITH"}],"circlet_count":0,"master_deck":["Strike_G","Strike_G","Strike_G","Defend_G","Defend_G","Defend_G","Defend_G","Defend_G","Survivor","Neutralize+1","Die Die Die","Backstab","Blade Dance+1","Escape Plan","Dash+1"],"relics":["Ring of the Snake","Regal Pillow","Du-Vu Doll","Paper Crane","Strawberry"],"acts_visited":["Exordium"],"potions_floor_usage":[14,14],"damage_taken":[{"damage":0.0,"enemies":"2 Louse","floor":1.0,"turns":2.0},{"damage":0.0,"enemies":"Cultist","floor":3.0,"turns":2.0},{"damage":0.0,"enemies":"Small Slimes","floor":4.0,"turns":2.0},{"damage":0.0,"enemies":"Blue Slaver","floor":5.0,"turns":3.0},{"damage":26.0,"enemies":"Gremlin Nob","floor":6.0,"turns":4.0},{"damage":15.0,"enemies":"3 Sentries","floor":8.0,"turns":7.0},{"damage":0.0,"enemies":"3 Louse","floor":12.0,"turns":2.0},{"damage":11,"enemies":"Gremlin Nob","floor":14,"turns":5},{"damage":25,"enemies":"Hexaghost","floor":16,"turns":12}],"seed_played":"7612820981195237540","potions_obtained":[{"floor":2.0,"key":"ColorlessPotion"},{"floor":2.0,"key":"EssenceOfSteel"},{"floor":2.0,"key":"Regen Potion"},{"floor":3.0,"key":"Dexterity Potion"}],"is_trial":false,"path_per_floor":["M","?","M","M","M","E","$","E","T","R","$","M","R","E","R","B"],"character_chosen":"THE_SILENT","items_purchased":[],"campfire_rested":0,"item_purchase_floors":[],"current_hp_per_floor":[49,49,49,49,49,23,23,23,23,23,23,23,23,19,19,0,0],"gold":117,"neow_bonus":"THREE_RARE_CARDS","is_daily":false,"chose_seed":false,"campfire_upgraded":3,"win_rate":0.0,"timestamp":1613172100,"path_taken":["M","?","M","?","M","E","$","E","T","R","$","M","R","E","R","BOSS"],"items_purchased_type":[],"build_version":"2020-12-22","purchased_purges":2,"victory":false,"max_hp_per_floor":[70,70,70,70,70,70,70,70,70,70,70,70,70,77,77,77,77],"card_choices":[{"not_picked":["Storm of Steel","After Image"],"picked":"Die Die Die","floor":0.0},{"not_picked":["Underhanded Strike","Infinite Blades"],"picked":"Backstab","floor":1.0},{"not_picked":["Choke","Riddle With Holes"],"picked":"Blade Dance","floor":3.0},{"not_picked":["Bane","Backflip"],"picked":"Escape Plan","floor":4.0},{"not_picked":["Cloak And Dagger","Bane","Sucker Punch"],"picked":"SKIP","floor":5.0},{"not_picked":["Quick Slash","Bane","Malaise"],"picked":"SKIP","floor":6.0},{"not_picked":["Deadly Poison","Caltrops"],"picked":"Dash","floor":8.0},{"not_picked":["Riddle With Holes","Bane","Choke"],"picked":"SKIP","floor":12.0},{"not_picked":["Slice","Tactician","Poisoned Stab"],"picked":"SKIP","floor":14}],"player_experience":88180,"relics_obtained":[{"floor":6.0,"key":"Regal Pillow"},{"floor":8.0,"key":"Du-Vu Doll"},{"floor":9.0,"key":"Paper Crane"},{"floor":14,"key":"Strawberry"}],"event_choices":[{"damage_healed":0.0,"max_hp_gain":0.0,"max_hp_loss":0.0,"gold_gain":0.0,"event_name":"The Woman in Blue","player_choice":"Bought 3 Potions","floor":2.0,"gold_loss":0.0,"damage_taken":0.0}],"is_beta":false,"boss_relics":[],"items_purged_floors":[7,11],"is_endless":false,"potions_floor_spawned":[3,4,5],"killed_by":"Hexaghost","ascension_level":5}}