{"host":"ve5hox67eka4rdnb","time":1613138600,"event":{"mods":["ATMod(∞¢Ë™Mod)","AchievementEnabler","Act Like it!","BaseMod","Downfall","Gensokyo","Hermit","Lobotomy","LobotomyExtend","Marisa£®ÏF”Í°°ƒß¿Ì…≥£©","Minty Spire (QoL Compilation)","Quick Restart","Remilia£®¿Ÿ√◊¿Ú—«£©","Replay The Spire","Shop Mod","StSLib","The Servant 0.9.4"],"gold_per_floor":[116,191,209,209,221,221,252,252,277,277,277,311,321,337,337,432,432,432,451,67,81,81,115,115,140,140,151,151,151,169,198,198,294,294,308,323,373,373,424,456,456,488,514,514,514,514,544,444,444,444,444,444,444,73,100,100],"floor_reached":57,"language":"ZHS","playtime":2780,"items_purged":["Strike_B","Defend_B"],"score":1506,"play_id":"3809f354-1132-4bed-a035-b69dcba3dde9","local_time":"20210212220320","is_ascension_mode":true,"campfire_choices":[{"data":"AT_RealColorLess","floor":6.0,"key":"SMITH"},{"data":"Zap","floor":8.0,"key":"SMITH"},{"data":"Dualcast","floor":10.0,"key":"SMITH"},{"floor":15.0,"key":"REST"},{"data":"Skim","floor":24.0,"key":"SMITH"},{"data":"Turbo","floor":28.0,"key":"SMITH"},{"floor":32.0,"key":"RECALL"},{"data":"AT_EmpoweredMortalDraw","floor":44,"key":"SMITH"},{"data":"Reboot","floor":46,"key":"SMITH"},{"data":"ReplayGash","floor":49,"key":"SMITH"},{"data":"Turbo","floor":53,"key":"SMITH"}],"circlet_count":0,"master_deck":["Strike_B","Strike_B","Defend_B","Defend_B+1","Defend_B","Zap+1","Dualcast+1","AT_RealColorLess+1","Scrape","ReplayGash+1","Seek+1","Skim+1","Echo Form","Pot Of Greed","Pot Of Greed","All For One","Turbo+1","Turbo+1","All For One","ReplayTheSpireMod:System Scan","Reboot+1","AT_EmpoweredMortalDraw+1","Gash+1","Pot Of Greed","Madness","Madness","Beam Cell","Panic Button+1","FTL","FTL"],"relics":["Cracked Core","AT_ATBox","NeowsBlessing","LetterFromLob","Replay:Wax Seal","Potion Belt","Dream Catcher","Grinning Jar","AT_TrinityForce","War Paint","Vajra","TungstenRod","Replay:Baseball","AT_GuinsooRageblade","Gremlin Food","AT_MortalBlade","RedMistMask","Unceasing Top","CatCart","ReplayTheSpireMod:TigerMarble","Prayer Wheel","Regal Pillow","Toy Ornithopter","AT_ArchangelStaff","Torii","Bottled Flame"],"acts_visited":["Exordium","TheCity","TheBeyond","TheEnding"],"potions_floor_usage":[56,56,56],"damage_taken":[{"damage":0.0,"enemies":"Jaw Worm","floor":1.0,"turns":1.0},{"damage":0.0,"enemies":"Cultist","floor":3.0,"turns":1.0},{"damage":0.0,"enemies":"Small Slimes","floor":5.0,"turns":1.0},{"damage":0.0,"enemies":"Lagavulin","floor":7.0,"turns":2.0},{"damage":30.0,"enemies":"Gremlin Nob","floor":12.0,"turns":4.0},{"damage":9.0,"enemies":"Red Slaver","floor":13.0,"turns":2.0},{"damage":20.0,"enemies":"Gremlin Gang","floor":14.0,"turns":3.0},{"damage":8.0,"enemies":"Fading Forest","floor":16.0,"turns":11.0},{"damage":29.0,"enemies":"Shell Parasite","floor":19.0,"turns":3.0},{"damage":0.0,"enemies":"3 Byrds","floor":21.0,"turns":2.0},{"damage":0.0,"enemies":"Book of Stabbing","floor":23.0,"turns":2.0},{"damage":0.0,"enemies":"Gremlin Leader","floor":25.0,"turns":3.0},{"damage":7.0,"enemies":"Snake Plant","floor":27.0,"turns":2.0},{"damage":0.0,"enemies":"Sentry and Sphere","floor":30.0,"turns":2.0},{"damage":0.0,"enemies":"Book of Stabbing","floor":31.0,"turns":2.0},{"damage":8.0,"enemies":"Collector","floor":33.0,"turns":5.0},{"damage":0.0,"enemies":"Orb Walker","floor":35.0,"turns":1.0},{"damage":0.0,"enemies":"3 Darklings","floor":36.0,"turns":1.0},{"damage":5.0,"enemies":"Mind Bloom Boss Battle","floor":37.0,"turns":4.0},{"damage":0.0,"enemies":"Orin","floor":39.0,"turns":3.0},{"damage":0.0,"enemies":"R_Hoarder","floor":40.0,"turns":2.0},{"damage":0,"enemies":"Reptomancer","floor":42,"turns":2},{"damage":0,"enemies":"Nemesis","floor":47,"turns":1},{"damage":28,"enemies":"Replay:Hell Engine","floor":50,"turns":3},{"damage":0,"enemies":"Shield and Spear","floor":55,"turns":1},{"damage":60,"enemies":"The Heart","floor":56,"turns":6}],"seed_played":"8652086825261713764","potions_obtained":[{"floor":3.0,"key":"Reflective Coating"},{"floor":7.0,"key":"SpeedPotion"},{"floor":21.0,"key":"Fire Potion"},{"floor":23.0,"key":"AttackPotion"},{"floor":35.0,"key":"SpeedPotion"},{"floor":40.0,"key":"ColorlessPotion"},{"floor":42,"key":"PowerPotion"},{"floor":47,"key":"SteroidPotion"}],"is_trial":false,"path_per_floor":["M","?","M","?","M","R","E","R","T","R","?","E","M","M","R","B",null,"M","M","$","M","?","E","R","E","T","M","R","T","M","E","R","B",null,"M","M","?","?","?","E","?","E","T","R","?","R","E","$","R","B",null,null,"R","$","E","B",null],"character_chosen":"DEFECT","items_purchased":["War Paint","Vajra","FTL","Torii"],"campfire_rested":1,"item_purchase_floors":[20,20,54,54],"current_hp_per_floor":[75,64,64,64,64,64,64,64,64,64,64,34,25,5,27,27,75,75,46,46,46,58,58,58,58,58,51,51,51,51,51,51,43,75,75,75,70,62,62,62,62,62,62,62,62,62,62,62,62,34,34,75,75,75,75,15],"gold":100,"neow_bonus":"THREE_ENEMY_KILL","is_daily":false,"chose_seed":false,"campfire_upgraded":9,"win_rate":0.0,"timestamp":1613138600,"path_taken":["M","?","M","?","?","R","E","R","T","R","?","E","M","?","R","BOSS","M","?","$","M","?","E","R","E","T","M","R","?","M","E","R","BOSS","M","M","?","?","?","E","?","E","T","R","?","R","E","$","R","BOSS","R","$","E","BOSS"],"items_purchased_type":["Relic","Relic","Card","Relic"],"build_version":"2020-12-22","purchased_purges":2,"victory":true,"max_hp_per_floor":[75,75,75,75,75,75,75,75,75,75,75,75,75,75,75,75,75,75,75,75,75,75,75,75,75,75,75,75,75,75,75,75,75,75,75,75,75,75,75,75,75,75,75,75,75,75,75,75,75,75,75,75,75,75,75,75],"card_choices":[{"not_picked":["Gash","Hologram"],"picked":"Scrape","floor":1.0},{"not_picked":["AT_ThreeBodyProblem","Static Discharge"],"picked":"ReplayGash","floor":3.0},{"not_picked":["Rebound","Conserve Battery"],"picked":"Skim","floor":5.0},{"not_picked":["Redo","Gash"],"picked":"Echo Form","floor":7.0},{"not_picked":["Auto Shields","AT_EMC2"],"picked":"All For One","floor":12.0},{"not_picked":["Barrage","Ball Lightning"],"picked":"Turbo","floor":13.0},{"not_picked":["Heatsinks","Sweeping Beam"],"picked":"Beam Cell","floor":14.0},{"not_picked":["ReplayTheSpireMod:Reroute Power","Streamline"],"picked":"Turbo","floor":15.0},{"not_picked":["Buffer","ReplayRNGCard"],"picked":"All For One","floor":16.0},{"not_picked":["Beam Cell","ReplayTheSpireMod:Reroute Power","BasicCrystalCard"],"picked":"SKIP","floor":19.0},{"not_picked":["Steam+1","Crystallizer","Streamline"],"picked":"SKIP","floor":21.0},{"not_picked":["Reinforced Body","ReplaySolidLightProjector"],"picked":"ReplayTheSpireMod:System Scan","floor":23.0},{"not_picked":["BasicCrystalCard","Barrage","Storm"],"picked":"SKIP","floor":25.0},{"not_picked":["Ball Lightning","FIFO Queue","Compile Driver"],"picked":"SKIP","floor":27.0},{"not_picked":["Sunder","AT_RobotInSpace","AT_HeatAcrobatics"],"picked":"SKIP","floor":30.0},{"not_picked":["Leap","AT_RightCognition","Aggregate"],"picked":"SKIP","floor":31.0},{"not_picked":["AT_RightCognition","Rainbow"],"picked":"Reboot","floor":33.0},{"not_picked":["Reinforced Body+1","ReplayTheSpireMod:Reroute Power","Streamline"],"picked":"SKIP","floor":35.0},{"not_picked":["Redo+1","Sweeping Beam+1","Steam"],"picked":"SKIP","floor":36.0},{"not_picked":["Hello World+1","Ball Lightning"],"picked":"Gash+1","floor":37.0},{"not_picked":["Seek","Blizzard"],"picked":"ReplayTheSpireMod:Fabricate Wheel","floor":40.0},{"not_picked":["Auto Shields+1","Compile Driver+1"],"picked":"Beam Cell","floor":42},{"not_picked":["Steam+1","Leap"],"picked":"Panic Button+1","floor":47},{"not_picked":["Ball Lightning+1","Rip and Tear","Turbo+1"],"picked":"SKIP","floor":55}],"player_experience":210715,"relics_obtained":[{"floor":1.0,"key":"LetterFromLob"},{"floor":7.0,"key":"Replay:Wax Seal"},{"floor":9.0,"key":"Potion Belt"},{"floor":12.0,"key":"Grinning Jar"},{"floor":23.0,"key":"TungstenRod"},{"floor":25.0,"key":"Replay:Baseball"},{"floor":29.0,"key":"AT_GuinsooRageblade"},{"floor":31.0,"key":"Gremlin Food"},{"floor":36.0,"key":"RedMistMask"},{"floor":37.0,"key":"Unceasing Top"},{"floor":39.0,"key":"CatCart"},{"floor":40.0,"key":"ReplayTheSpireMod:TigerMarble"},{"floor":42,"key":"Regal Pillow"},{"floor":43,"key":"Toy Ornithopter"},{"floor":47,"key":"AT_ArchangelStaff"},{"floor":55,"key":"Bottled Flame"}],"event_choices":[{"damage_healed":0.0,"max_hp_gain":0.0,"max_hp_loss":0.0,"gold_gain":75.0,"event_name":"World of Goop","player_choice":"Gather Gold","floor":2.0,"gold_loss":0.0,"damage_taken":11.0},{"damage_healed":0.0,"max_hp_gain":0.0,"max_hp_loss":0.0,"gold_gain":0.0,"cards_transformed":["Strike_B"],"event_name":"Transmorgrifier","player_choice":"Transformed","floor":4.0,"gold_loss":0.0,"damage_taken":0.0,"cards_obtained":["Seek"]},{"damage_healed":0.0,"max_hp_gain":0.0,"max_hp_loss":0.0,"gold_gain":0.0,"event_name":"WeMeetAgain","player_choice":"Gave Potion","floor":11.0,"gold_loss":0.0,"damage_taken":0.0,"relics_obtained":["Dream Catcher"]},{"damage_healed":0.0,"max_hp_gain":0.0,"max_hp_loss":0.0,"gold_gain":0.0,"event_name":"MindBloom","player_choice":"Fight","floor":37.0,"gold_loss":0.0,"damage_taken":0.0},{"damage_healed":0.0,"max_hp_gain":0.0,"max_hp_loss":0.0,"gold_gain":0.0,"event_name":"Winding Halls","player_choice":"Embrace Madness","floor":38.0,"gold_loss":0.0,"damage_taken":9.0,"cards_obtained":["Madness","Madness"]},{"damage_healed":0.0,"max_hp_gain":0.0,"max_hp_loss":0.0,"gold_gain":0.0,"event_name":"OrinTheCat","player_choice":"Fight","floor":39.0,"gold_loss":0.0,"damage_taken":0.0},{"damage_healed":0,"gold_gain":0,"player_choice":"Ignored","damage_taken":0,"max_hp_gain":0,"max_hp_loss":0,"event_name":"Tomb of Lord Red Mask","floor":45,"gold_loss":0}],"is_beta":false,"boss_relics":[{"not_picked":["Busted Crown","Velvet Choker"],"picked":"AT_TrinityForce"},{"not_picked":["ReplayTheSpireMod:DimensionalGlitch","ChewingGum"],"picked":"AT_MortalBlade"}],"items_purged_floors":[20,48],"is_endless":false,"potions_floor_spawned":[3,7,21,23,35,40,42,47,55],"ascension_level":3}}