{"host":"gk5m6v7zec9neb0j","time":1613092347,"event":{"mods":["AchievementEnabler","AlwaysNeverKeys","BaseMod","BetterRewards","Block Reminder","Minty Spire (QoL Compilation)","Rare Cards Sparkle","Relic Stats","StSLib"],"gold_per_floor":[112,112,60,84,102,102,143,168,168,187,220,220,236,62,62,192,192,208,226,226,249,62,62,82,82,105,130,173,196,196,216,216,344,344,364,364,364,427,450,450,485,499,523,559,40,40,59,78,78,78,78,78,78,109,109,109],"floor_reached":55,"language":"ENG","playtime":4228,"items_purged":["Strike_G","Strike_G","Strike_G"],"score":1036,"play_id":"fee5431e-ff28-48db-b186-cd4475b0b330","local_time":"20210211201227","is_ascension_mode":false,"campfire_choices":[{"floor":6.0,"key":"REST"},{"data":"Accuracy","floor":12.0,"key":"SMITH"},{"floor":15.0,"key":"REST"},{"data":"Phantasmal Killer","floor":23.0,"key":"SMITH"},{"data":"Night Terror","floor":25.0,"key":"SMITH"},{"floor":32.0,"key":"REST"},{"floor":40.0,"key":"DIG"},{"floor":46.0,"key":"REST"},{"floor":49.0,"key":"REST"},{"data":"Night Terror","floor":52.0,"key":"SMITH"}],"circlet_count":0,"master_deck":["Strike_G","Defend_G","Defend_G","Defend_G","Defend_G","Defend_G","Survivor","Neutralize","Blade Dance","Blade Dance","Footwork","Accuracy+1","Blade Dance","Night Terror+1","Dodge and Roll","Prepared","Escape Plan","Blade Dance","Phantasmal Killer+1","Cloak And Dagger+1","Calculated Gamble","Cloak And Dagger+1","Mayhem+1","Escape Plan","Footwork+1","Accuracy+1","Night Terror+1","Blade Dance","Footwork+1","Setup","Well Laid Plans+1","Accuracy+1"],"relics":["Ring of the Snake","DollysMirror","The Specimen","ClockworkSouvenir","Gremlin Horn","Golden Idol","Akabeko","Ornamental Fan","Pantograph","Frozen Egg 2","HoveringKite","Toy Ornithopter","Potion Belt","WristBlade","Shovel","Singing Bowl","Orichalcum","Lantern","Blue Candle","Paper Crane","White Beast Statue","Pear"],"acts_visited":["Exordium","TheCity","TheBeyond","TheEnding"],"potions_floor_usage":[55,55,55,55],"damage_taken":[{"damage":0.0,"enemies":"2 Louse","floor":1.0,"turns":1.0},{"damage":0.0,"enemies":"Jaw Worm","floor":4.0,"turns":4.0},{"damage":0.0,"enemies":"Cultist","floor":5.0,"turns":2.0},{"damage":12.0,"enemies":"Gremlin Nob","floor":7.0,"turns":4.0},{"damage":0.0,"enemies":"Blue Slaver","floor":8.0,"turns":2.0},{"damage":0.0,"enemies":"3 Louse","floor":10.0,"turns":1.0},{"damage":1.0,"enemies":"3 Sentries","floor":11.0,"turns":6.0},{"damage":0.0,"enemies":"Looter","floor":13.0,"turns":3.0},{"damage":0.0,"enemies":"Slime Boss","floor":16.0,"turns":3.0},{"damage":0.0,"enemies":"3 Byrds","floor":18.0,"turns":3.0},{"damage":0.0,"enemies":"Chosen","floor":19.0,"turns":3.0},{"damage":4.0,"enemies":"Snecko","floor":21.0,"turns":3.0},{"damage":0.0,"enemies":"Centurion and Healer","floor":24.0,"turns":3.0},{"damage":0.0,"enemies":"Cultist and Chosen","floor":27.0,"turns":6.0},{"damage":21.0,"enemies":"Slavers","floor":28.0,"turns":6.0},{"damage":4.0,"enemies":"Snake Plant","floor":29.0,"turns":7.0},{"damage":0.0,"enemies":"Sentry and Sphere","floor":31.0,"turns":2.0},{"damage":11.0,"enemies":"Collector","floor":33.0,"turns":5.0},{"damage":0.0,"enemies":"3 Shapes","floor":35.0,"turns":4.0},{"damage":1.0,"enemies":"Mind Bloom Boss Battle","floor":38.0,"turns":4.0},{"damage":19.0,"enemies":"Orb Walker","floor":39.0,"turns":3.0},{"damage":10.0,"enemies":"Giant Head","floor":41.0,"turns":5.0},{"damage":0.0,"enemies":"Maw","floor":42.0,"turns":4.0},{"damage":36.0,"enemies":"Nemesis","floor":44.0,"turns":5.0},{"damage":2.0,"enemies":"4 Shapes","floor":47.0,"turns":2.0},{"damage":0.0,"enemies":"3 Darklings","floor":48.0,"turns":5.0},{"damage":66.0,"enemies":"Time Eater","floor":50.0,"turns":10.0},{"damage":9.0,"enemies":"Shield and Spear","floor":54.0,"turns":4.0},{"damage":106,"enemies":"The Heart","floor":55,"turns":9}],"seed_played":"5573725514937646480","potions_obtained":[{"floor":8.0,"key":"GhostInAJar"},{"floor":11.0,"key":"BlessingOfTheForge"},{"floor":16.0,"key":"DuplicationPotion"},{"floor":44.0,"key":"LiquidMemories"},{"floor":47.0,"key":"Dexterity Potion"},{"floor":54.0,"key":"Swift Potion"}],"is_trial":false,"path_per_floor":["M","?","?","M","M","R","E","M","T","M","E","R","M","$","R","B",null,"M","M","$","M","$","R","M","R","T","M","E","M","?","M","R","B",null,"M","?","?","?","M","R","E","M","T","E","$","R","M","M","R","B",null,"R","$","E","B"],"character_chosen":"THE_SILENT","items_purchased":["Blade Dance","DollysMirror","Footwork","ClockworkSouvenir","Gremlin Horn","Accuracy","Blade Dance","Mayhem+1","Paper Crane","White Beast Statue"],"campfire_rested":5,"item_purchase_floors":[0,0,0,0,0,0,14,22,45,45],"current_hp_per_floor":[28,28,28,28,28,47,35,35,35,35,34,34,34,34,53,65,65,65,65,65,61,61,61,61,61,61,61,40,36,25,25,46,59,70,70,70,70,69,50,50,42,42,42,13,13,35,35,37,60,12,78,78,78,79,0,0],"gold":109,"neow_bonus":"","is_daily":false,"chose_seed":false,"campfire_upgraded":4,"win_rate":0.0,"timestamp":1613092347,"path_taken":["M","?","?","?","M","R","E","M","T","M","E","R","M","$","R","BOSS","M","M","$","M","$","R","M","R","T","M","E","M","?","M","R","BOSS","M","?","?","?","M","R","E","M","T","E","$","R","M","M","R","BOSS","R","$","E","BOSS"],"items_purchased_type":["Card","Relic","Card","Relic","Relic","Card","Card","Card","Relic","Relic"],"build_version":"2020-12-22","purchased_purges":3,"victory":false,"max_hp_per_floor":[70,65,65,65,65,65,65,65,65,65,65,65,65,65,65,65,65,65,65,65,65,65,65,65,65,65,65,65,65,70,70,70,70,70,70,70,70,70,70,70,72,72,72,74,74,74,76,78,78,78,78,78,78,88,88,88],"relic_stats":{"Gremlin Horn":[24,24],"Singing Bowl":26,"counters":[603,3253],"Golden Idol":204,"Blue Candle":[0],"HoveringKite":[34],"Orichalcum":[30],"Shovel":1,"Ornamental Fan":[364],"Pantograph":112,"obtain_stats":[{"TwistedFunnel":0,"Ginger":0,"Whetstone":11,"Bottled Tornado":43,"Old Coin":34,"Blood Vial":17,"Sundial":24,"HandDrill":48,"Kunai":0,"Pear":28,"Blue Candle":54,"Eternal Feather":54,"Tingsha":0,"Pen Nib":11,"Paper Crane":43,"Akabeko":3,"SlaversCollar":17,"MutagenicStrength":19,"Bird Faced Urn":38,"StrikeDummy":27,"Unceasing Top":46,"Ring of the Serpent":17,"Regal Pillow":9,"Lantern":45,"Torii":0,"Singing Bowl":43,"StoneCalendar":42,"Bag of Preparation":26,"Ancient Tea Set":4,"Cursed Key":17,"Smiling Mask":41,"Matryoshka":37,"Shovel":38,"WristBlade":34,"Ninja Scroll":0,"WingedGreaves":17,"Chemical X":37,"InkBottle":54,"Ring of the Snake":0,"Potion Belt":9,"The Specimen":0,"Golden Idol":3,"Thread and Needle":45,"The Courier":26,"PreservedInsect":38,"Omamori":39,"Frozen Egg 2":43,"MawBank":45,"Ornamental Fan":0,"Bloody Idol":31,"Orrery":0,"Turnip":38,"Art of War":17,"Bottled Lightning":43,"Toy Ornithopter":27,"Ice Cream":7,"Calipers":13,"Gremlin Horn":26,"CeramicFish":0,"HoveringKite":34,"Vajra":43,"Sozu":34,"Centennial Puzzle":6,"Lizard Tail":10,"DollysMirror":4,"Strawberry":26,"Prayer Wheel":38,"Toxic Egg 2":28,"Girya":0,"Happy Flower":13,"Astrolabe":34,"Oddly Smooth Stone":0,"Letter Opener":53,"War Paint":43,"Question Card":48,"Du-Vu Doll":47,"Bottled Flame":25,"Shuriken":0,"Bronze Scales":10,"Molten Egg 2":9,"Black Star":17,"Meat on the Bone":17,"Pocketwatch":17,"Darkstone Periapt":23,"SacredBark":17,"Enchiridion":22,"Mango":43,"Snake Skull":54,"Juzu Bracelet":43,"Incense Burner":29,"Empty Cage":17,"PrismaticShard":53,"ClockworkSouvenir":20,"Tough Bandages":25,"Nunchaku":31,"Dream Catcher":9,"Mummified Hand":30,"Pantograph":12,"Gambling Chip":0,"Tiny Chest":26,"Red Mask":47,"Orichalcum":26,"Odd Mushroom":12,"Medical Kit":37,"White Beast Statue":9,"Mercury Hourglass":54,"Peace Pipe":9,"Calling Bell":17,"Anchor":34,"CaptainsWheel":54,"Bag of Marbles":43,"Membership Card":36,"FossilizedHelix":0,"TungstenRod":26},{"TwistedFunnel":381,"Ginger":97,"Whetstone":100,"Bottled Tornado":52,"Old Coin":338,"Blood Vial":129,"Sundial":44,"HandDrill":491,"Kunai":31,"Pear":315,"Blue Candle":249,"Eternal Feather":146,"Tingsha":274,"Pen Nib":356,"Paper Crane":322,"Akabeko":575,"SlaversCollar":231,"MutagenicStrength":156,"Bird Faced Urn":189,"StrikeDummy":17,"Unceasing Top":193,"Ring of the Serpent":388,"Regal Pillow":36,"Lantern":269,"Torii":31,"Singing Bowl":116,"StoneCalendar":217,"Bag of Preparation":366,"Ancient Tea Set":2,"Cursed Key":281,"Smiling Mask":452,"Matryoshka":137,"Shovel":594,"WristBlade":112,"Ninja Scroll":172,"WingedGreaves":80,"Chemical X":22,"InkBottle":57,"Ring of the Snake":0,"Potion Belt":3,"The Specimen":274,"Golden Idol":2,"Thread and Needle":245,"The Courier":183,"PreservedInsect":240,"Omamori":189,"Frozen Egg 2":398,"MawBank":245,"Ornamental Fan":72,"Bloody Idol":161,"Orrery":58,"Turnip":116,"Art of War":80,"Bottled Lightning":24,"Toy Ornithopter":17,"Ice Cream":11,"Calipers":154,"Gremlin Horn":480,"CeramicFish":172,"HoveringKite":21,"Vajra":91,"Sozu":136,"Centennial Puzzle":278,"Lizard Tail":329,"DollysMirror":123,"Strawberry":107,"Prayer Wheel":138,"Toxic Egg 2":108,"Girya":250,"Happy Flower":12,"Astrolabe":86,"Oddly Smooth Stone":122,"Letter Opener":272,"War Paint":191,"Question Card":94,"Du-Vu Doll":540,"Bottled Flame":16,"Shuriken":97,"Bronze Scales":36,"Molten Egg 2":151,"Black Star":13,"Meat on the Bone":80,"Pocketwatch":129,"Darkstone Periapt":182,"SacredBark":360,"Enchiridion":68,"Mango":538,"Snake Skull":273,"Juzu Bracelet":141,"Incense Burner":560,"Empty Cage":103,"PrismaticShard":272,"ClockworkSouvenir":41,"Tough Bandages":16,"Nunchaku":85,"Dream Catcher":355,"Mummified Hand":110,"Pantograph":11,"Gambling Chip":197,"Tiny Chest":16,"Red Mask":54,"Orichalcum":235,"Odd Mushroom":499,"Medical Kit":188,"White Beast Statue":11,"Mercury Hourglass":349,"Peace Pipe":62,"Calling Bell":80,"Anchor":338,"CaptainsWheel":349,"Bag of Marbles":267,"Membership Card":163,"FossilizedHelix":250,"TungstenRod":416},{"TwistedFunnel":2158,"Ginger":599,"Whetstone":611,"Bottled Tornado":309,"Old Coin":1918,"Blood Vial":722,"Sundial":249,"HandDrill":2775,"Kunai":183,"Pear":1796,"Blue Candle":1454,"Eternal Feather":781,"Tingsha":1567,"Pen Nib":2009,"Paper Crane":1834,"Akabeko":3135,"SlaversCollar":1359,"MutagenicStrength":843,"Bird Faced Urn":1121,"StrikeDummy":100,"Unceasing Top":1141,"Ring of the Serpent":2183,"Regal Pillow":206,"Lantern":1539,"Torii":183,"Singing Bowl":676,"StoneCalendar":1281,"Bag of Preparation":2061,"Ancient Tea Set":5,"Cursed Key":1617,"Smiling Mask":2575,"Matryoshka":750,"Shovel":3206,"WristBlade":661,"Ninja Scroll":996,"WingedGreaves":500,"Chemical X":129,"InkBottle":364,"Ring of the Snake":0,"Potion Belt":9,"The Specimen":1567,"Golden Idol":5,"Thread and Needle":1436,"The Courier":1085,"PreservedInsect":1411,"Omamori":1121,"Frozen Egg 2":2226,"MawBank":1436,"Ornamental Fan":459,"Bloody Idol":873,"Orrery":367,"Turnip":676,"Art of War":500,"Bottled Lightning":139,"Toy Ornithopter":100,"Ice Cream":57,"Calipers":823,"Gremlin Horn":2719,"CeramicFish":996,"HoveringKite":124,"Vajra":558,"Sozu":746,"Centennial Puzzle":1590,"Lizard Tail":1866,"DollysMirror":699,"Strawberry":637,"Prayer Wheel":755,"Toxic Egg 2":643,"Girya":1462,"Happy Flower":68,"Astrolabe":533,"Oddly Smooth Stone":696,"Letter Opener":1557,"War Paint":1131,"Question Card":574,"Du-Vu Doll":2986,"Bottled Flame":94,"Shuriken":599,"Bronze Scales":206,"Molten Egg 2":801,"Black Star":79,"Meat on the Bone":500,"Pocketwatch":722,"Darkstone Periapt":1075,"SacredBark":2027,"Enchiridion":435,"Mango":2979,"Snake Skull":1562,"Juzu Bracelet":766,"Incense Burner":3065,"Empty Cage":621,"PrismaticShard":1557,"ClockworkSouvenir":234,"Tough Bandages":94,"Nunchaku":521,"Dream Catcher":2005,"Mummified Hand":652,"Pantograph":57,"Gambling Chip":1176,"Tiny Chest":94,"Red Mask":329,"Orichalcum":1384,"Odd Mushroom":2819,"Medical Kit":1117,"White Beast Statue":57,"Mercury Hourglass":1972,"Peace Pipe":387,"Calling Bell":500,"Anchor":1918,"CaptainsWheel":1972,"Bag of Marbles":1530,"Membership Card":899,"FossilizedHelix":1462,"TungstenRod":2337}],"Toy Ornithopter":20,"Ring of the Snake":[399]},"card_choices":[{"not_picked":["Prepared","Underhanded Strike","Infinite Blades"],"picked":"SKIP","floor":1.0},{"not_picked":["Sucker Punch","Dash"],"picked":"Blade Dance","floor":4.0},{"not_picked":["Poisoned Stab","Quick Slash","Outmaneuver"],"picked":"SKIP","floor":5.0},{"not_picked":["Malaise","Sucker Punch"],"picked":"Night Terror","floor":7.0},{"not_picked":["Poisoned Stab","Masterful Stab","Flechettes"],"picked":"SKIP","floor":8.0},{"not_picked":["Quick Slash","Catalyst"],"picked":"Dodge and Roll","floor":10.0},{"not_picked":["Masterful Stab","Infinite Blades+1"],"picked":"Prepared","floor":11.0},{"not_picked":["Leg Sweep","Underhanded Strike"],"picked":"Escape Plan","floor":13.0},{"not_picked":["Malaise","Storm of Steel"],"picked":"Phantasmal Killer","floor":16.0},{"not_picked":["Underhanded Strike","Bouncing Flask"],"picked":"Cloak And Dagger+1","floor":18.0},{"not_picked":["Predator","Dodge and Roll+1"],"picked":"Calculated Gamble","floor":19.0},{"not_picked":["Deadly Poison","Crippling Poison"],"picked":"Cloak And Dagger+1","floor":21.0},{"not_picked":["Backstab","Dagger Throw"],"picked":"Escape Plan","floor":24.0},{"not_picked":["Terror","Deadly Poison"],"picked":"Footwork+1","floor":27.0},{"not_picked":["Cloak And Dagger","Dash","Malaise"],"picked":"SKIP","floor":28.0},{"not_picked":["Prepared+1","PiercingWail"],"picked":"Accuracy+1","floor":29.0},{"not_picked":["PiercingWail+1","Sucker Punch","Leg Sweep"],"picked":"SKIP","floor":31.0},{"not_picked":["Die Die Die","Malaise"],"picked":"Night Terror","floor":33.0},{"not_picked":["Deflect+1","Backflip"],"picked":"Blade Dance","floor":35.0},{"not_picked":["Deadly Poison+1","Dagger Throw+1"],"picked":"Footwork+1","floor":38.0},{"not_picked":["Eviscerate+1","Underhanded Strike"],"picked":"Setup","floor":39.0},{"not_picked":["Sucker Punch","Doppelganger","Cloak And Dagger+1"],"picked":"Singing Bowl","floor":41.0},{"not_picked":["Blade Dance","Setup"],"picked":"Well Laid Plans+1","floor":42.0},{"not_picked":["PiercingWail","Expertise+1","Bouncing Flask+1"],"picked":"Singing Bowl","floor":44.0},{"not_picked":["PiercingWail","Dagger Spray+1","Poisoned Stab+1"],"picked":"Singing Bowl","floor":47.0},{"not_picked":["Crippling Poison","Deadly Poison+1","Blade Dance+1"],"picked":"Singing Bowl","floor":48.0},{"not_picked":["Outmaneuver+1","Deflect+1"],"picked":"Accuracy+1","floor":54.0}],"player_experience":821258,"relics_obtained":[{"floor":7.0,"key":"Ornamental Fan"},{"floor":9.0,"key":"Pantograph"},{"floor":11.0,"key":"Frozen Egg 2"},{"floor":26.0,"key":"Toy Ornithopter"},{"floor":28.0,"key":"Potion Belt"},{"floor":38.0,"key":"Shovel"},{"floor":40.0,"key":"Singing Bowl"},{"floor":41.0,"key":"Orichalcum"},{"floor":43.0,"key":"Lantern"},{"floor":44.0,"key":"Blue Candle"},{"floor":54.0,"key":"Pear"}],"event_choices":[{"damage_healed":0.0,"max_hp_gain":0.0,"max_hp_loss":5.0,"gold_gain":0.0,"event_name":"Golden Idol","player_choice":"Lose Max HP","floor":2.0,"gold_loss":0.0,"damage_taken":0.0,"relics_obtained":["Golden Idol"]},{"damage_healed":0.0,"max_hp_gain":0.0,"max_hp_loss":0.0,"gold_gain":0.0,"event_name":"WeMeetAgain","player_choice":"Paid Gold","floor":3.0,"gold_loss":52.0,"damage_taken":0.0,"relics_obtained":["Akabeko"]},{"damage_healed":0.0,"max_hp_gain":5.0,"max_hp_loss":0.0,"gold_gain":0.0,"event_name":"Forgotten Altar","player_choice":"Shed Blood","floor":30.0,"gold_loss":0.0,"damage_taken":16.0},{"cards_removed":["Strike_G"],"damage_healed":0.0,"max_hp_gain":0.0,"max_hp_loss":0.0,"gold_gain":0.0,"event_name":"Falling","player_choice":"Removed Attack","floor":36.0,"gold_loss":0.0,"damage_taken":0.0},{"damage_healed":0.0,"max_hp_gain":0.0,"max_hp_loss":0.0,"gold_gain":0.0,"event_name":"Tomb of Lord Red Mask","player_choice":"Ignored","floor":37.0,"gold_loss":0.0,"damage_taken":0.0},{"damage_healed":0.0,"max_hp_gain":0.0,"max_hp_loss":0.0,"gold_gain":0.0,"event_name":"MindBloom","player_choice":"Fight","floor":38.0,"gold_loss":0.0,"damage_taken":0.0}],"is_beta":false,"boss_relics":[{"not_picked":["Astrolabe","Tiny House"],"picked":"HoveringKite"},{"not_picked":["Cursed Key","Pandora\u0027s Box"],"picked":"WristBlade"}],"items_purged_floors":[0,0,14],"is_endless":false,"potions_floor_spawned":[8,11,13,16,18,19,24,33,38,44,47,48,54],"killed_by":"The Heart","ascension_level":0}}