{"host":"fmpket6nt7x2ysgi","time":1613129217,"event":{"mods":["AchievementEnabler","BaseMod","Colored Map","Colored Powertips","Downfall","Minty Spire (QoL Compilation)","Quick Restart","Relic Stats","StSLib"],"gold_per_floor":[109,127,127,143,156,156,4162,4188,4259,4259,4259,4269,4285,4301,4301,4400,4400,4413,3755,3755,3767,3767,3801,3820,2953,2980,2895,2909,1941,1967,0,0,97,97,109,109,109,121,121,155,155,4132,4159,4179,4204,4204,4223,4223,4223,4223,4223,4223,3249,3278,3278],"floor_reached":56,"language":"ZHS","playtime":5708,"items_purged":["Eruption","Defend_P","Defend_P","Pray+1","Vigilance","Strike_P"],"score":1495,"play_id":"60531e90-3949-4dee-b6f3-27364965860c","local_time":"20210212192657","is_ascension_mode":true,"campfire_choices":[{"floor":6.0,"key":"REST"},{"floor":15.0,"key":"REST"},{"floor":32.0,"key":"RECALL"},{"floor":41.0,"key":"REST"},{"data":"Sanctity","floor":46.0,"key":"SMITH"},{"floor":49.0,"key":"REST"},{"data":"LikeWater","floor":52.0,"key":"SMITH"}],"circlet_count":0,"master_deck":["Strike_P","InnerPeace","LikeWater+1","EmptyMind+1","Finesse+1","BattleHymn","Tantrum+1","LikeWater+1","Sanctity+1","CarveReality+1","DeceiveReality+1","LikeWater+1","Master of Strategy","Study+1","LikeWater+1","Establishment+1","Secret Technique","Indignation+1","FearNoEvil+1","Tantrum+1"],"relics":["PureWater","StoneCalendar","Singing Bowl","Incense Burner","Frozen Egg 2","Astrolabe","Sling","Omamori","Whetstone","Toy Ornithopter","ClockworkSouvenir","Regal Pillow","Shuriken","Juzu Bracelet","PreservedInsect","Chemical X","Sundial","FossilizedHelix","Mango","Cursed Key","War Paint","Medical Kit","Du-Vu Doll","Molten Egg 2","Letter Opener","Kunai","Melange","Pocketwatch","Bag of Marbles","Anchor"],"acts_visited":["Exordium","TheCity","TheBeyond","TheEnding"],"potions_floor_usage":[],"damage_taken":[{"damage":0.0,"enemies":"Small Slimes","floor":1.0,"turns":2.0},{"damage":19.0,"enemies":"Jaw Worm","floor":2.0,"turns":4.0},{"damage":2.0,"enemies":"Cultist","floor":4.0,"turns":3.0},{"damage":4.0,"enemies":"Blue Slaver","floor":5.0,"turns":5.0},{"damage":19.0,"enemies":"Gremlin Nob","floor":8.0,"turns":5.0},{"damage":3.0,"enemies":"2 Fungi Beasts","floor":12.0,"turns":4.0},{"damage":9.0,"enemies":"Exordium Thugs","floor":13.0,"turns":3.0},{"damage":4.0,"enemies":"3 Louse","floor":14.0,"turns":4.0},{"damage":23.0,"enemies":"The Guardian","floor":16.0,"turns":7.0},{"damage":14.0,"enemies":"2 Thieves","floor":18.0,"turns":5.0},{"damage":10.0,"enemies":"3 Byrds","floor":21.0,"turns":5.0},{"damage":7.0,"enemies":"Book of Stabbing","floor":23.0,"turns":3.0},{"damage":2.0,"enemies":"Sentry and Sphere","floor":24.0,"turns":6.0},{"damage":0.0,"enemies":"Cultist and Chosen","floor":28.0,"turns":6.0},{"damage":8.0,"enemies":"Slavers","floor":30.0,"turns":6.0},{"damage":2.0,"enemies":"Collector","floor":33.0,"turns":6.0},{"damage":45.0,"enemies":"3 Shapes","floor":35.0,"turns":7.0},{"damage":24.0,"enemies":"3 Darklings","floor":38.0,"turns":4.0},{"damage":0.0,"enemies":"Reptomancer","floor":40.0,"turns":3.0},{"damage":0.0,"enemies":"Maw","floor":44.0,"turns":4.0},{"damage":27.0,"enemies":"Nemesis","floor":45.0,"turns":3.0},{"damage":21.0,"enemies":"4 Shapes","floor":47.0,"turns":4.0},{"damage":0.0,"enemies":"Time Eater","floor":50.0,"turns":8.0},{"damage":10.0,"enemies":"Shield and Spear","floor":54.0,"turns":4.0},{"damage":48,"enemies":"The Heart","floor":55,"turns":7}],"seed_played":"1742576642510674025","potions_obtained":[{"floor":1.0,"key":"SpeedPotion"},{"floor":4.0,"key":"Ambrosia"},{"floor":13.0,"key":"AttackPotion"},{"floor":14.0,"key":"AttackPotion"},{"floor":28.0,"key":"Energy Potion"},{"floor":33.0,"key":"PowerPotion"},{"floor":40.0,"key":"EssenceOfSteel"},{"floor":45.0,"key":"BottledMiracle"}],"is_trial":false,"path_per_floor":["M","M","?","M","M","R","$","E","T","?","?","M","M","M","R","B",null,"M","$","?","M","?","E","M","$","T","?","M","$","E","?","R","B",null,"M","?","?","M","?","E","R","$","T","M","E","R","M","T","R","B",null,"R","$","E","B",null],"character_chosen":"WATCHER","items_purchased":["Finesse","StoneCalendar","Fruit Juice","Dexterity Potion","DuplicationPotion","Singing Bowl","BattleHymn","Sling","Omamori","ColorlessPotion","Dexterity Potion","Whetstone","ClockworkSouvenir","Regal Pillow","Shuriken","Master of Strategy","Chemical X","Sundial","FossilizedHelix","LikeWater+1","BottledMiracle","Medical Kit","Du-Vu Doll","Molten Egg 2","Regen Potion","GamblersBrew","Melange","Pocketwatch","Bag of Marbles","Tantrum+1","SteroidPotion","FearPotion"],"campfire_rested":4,"item_purchase_floors":[7,7,7,7,7,7,7,19,19,19,19,19,25,25,25,25,29,29,29,29,29,42,42,42,42,42,53,53,53,53,53,53],"current_hp_per_floor":[79,60,60,58,54,77,82,65,65,70,70,67,58,54,81,60,93,79,79,79,71,71,66,66,66,66,66,66,66,84,84,84,82,115,72,72,72,48,48,58,108,108,108,115,100,100,86,86,123,123,123,123,123,115,67],"gold":3278,"neow_bonus":"TEN_PERCENT_HP_BONUS","is_daily":false,"chose_seed":false,"campfire_upgraded":2,"win_rate":0.0,"timestamp":1613129217,"path_taken":["M","M","?","M","M","R","$","E","T","?","?","M","?","M","R","BOSS","M","$","?","M","?","E","M","$","T","?","M","$","E","?","R","BOSS","M","?","?","M","?","E","R","$","T","M","E","R","M","?","R","BOSS","R","$","E","BOSS"],"items_purchased_type":["Card","Relic","Potion","Potion","Potion","Relic","Card","Relic","Relic","Potion","Potion","Relic","Relic","Relic","Relic","Card","Relic","Relic","Relic","Card","Potion","Relic","Relic","Relic","Potion","Potion","Relic","Relic","Relic","Card","Potion","Potion"],"build_version":"2020-12-22","purchased_purges":6,"victory":true,"max_hp_per_floor":[79,79,79,79,79,79,84,86,86,91,91,91,91,91,91,93,93,93,93,93,95,95,97,99,99,99,99,99,99,115,115,115,115,115,117,117,117,117,117,117,117,117,117,119,121,121,123,123,123,123,123,123,123,125,125],"relic_stats":{"Regal Pillow":16,"Singing Bowl":22,"counters":[25,118],"Astrolabe":["Pray","CarveReality","DeceiveReality"],"Melange":[14],"StoneCalendar":[60],"PreservedInsect":212,"Juzu Bracelet":1,"Whetstone":["Tantrum","Strike_P"],"Letter Opener":[95],"War Paint":["Finesse","EmptyMind"],"Cursed Key":2,"Medical Kit":[9],"Shuriken":[25],"Sundial":[14],"Chemical X":[1],"Kunai":[10],"obtain_stats":[{"Regal Pillow":25,"Singing Bowl":7,"Melange":53,"StoneCalendar":7,"Mango":30,"Incense Burner":8,"Juzu Bracelet":26,"Whetstone":19,"Sling":19,"Cursed Key":34,"ClockworkSouvenir":25,"Sundial":29,"Chemical X":29,"Kunai":48,"Astrolabe":17,"PreservedInsect":27,"Omamori":19,"Letter Opener":45,"Frozen Egg 2":9,"War Paint":40,"Medical Kit":42,"Du-Vu Doll":42,"Anchor":54,"Shuriken":25,"Molten Egg 2":42,"Bag of Marbles":53,"PureWater":0,"Toy Ornithopter":23,"FossilizedHelix":29,"Pocketwatch":53},{"Regal Pillow":13,"Singing Bowl":4,"Melange":23,"StoneCalendar":4,"Mango":15,"Incense Burner":5,"Juzu Bracelet":13,"Whetstone":10,"Sling":10,"Cursed Key":16,"ClockworkSouvenir":13,"Sundial":14,"Chemical X":14,"Kunai":22,"Astrolabe":9,"PreservedInsect":13,"Omamori":10,"Letter Opener":21,"Frozen Egg 2":5,"War Paint":19,"Medical Kit":19,"Du-Vu Doll":19,"Anchor":24,"Shuriken":13,"Molten Egg 2":19,"Bag of Marbles":23,"PureWater":0,"Toy Ornithopter":12,"FossilizedHelix":14,"Pocketwatch":23},{"Regal Pillow":56,"Singing Bowl":14,"Melange":107,"StoneCalendar":14,"Mango":68,"Incense Burner":19,"Juzu Bracelet":56,"Whetstone":42,"Sling":42,"Cursed Key":74,"ClockworkSouvenir":56,"Sundial":62,"Chemical X":62,"Kunai":99,"Astrolabe":37,"PreservedInsect":56,"Omamori":42,"Letter Opener":95,"Frozen Egg 2":19,"War Paint":88,"Medical Kit":88,"Du-Vu Doll":88,"Anchor":111,"Shuriken":56,"Molten Egg 2":88,"Bag of Marbles":107,"PureWater":0,"Toy Ornithopter":50,"FossilizedHelix":62,"Pocketwatch":107}],"Toy Ornithopter":35,"Pocketwatch":[0]},"card_choices":[{"not_picked":["Meditate","Vengeance"],"picked":"InnerPeace","floor":1.0},{"not_picked":["FlurryOfBlows","DeceiveReality","Evaluate"],"picked":"SKIP","floor":2.0},{"not_picked":["Swivel","CutThroughFate"],"picked":"LikeWater","floor":4.0},{"not_picked":["Halt","Prostrate"],"picked":"EmptyMind","floor":5.0},{"not_picked":["FlurryOfBlows","Judgement","Perseverance"],"picked":"Singing Bowl","floor":8.0},{"not_picked":["SashWhip","PathToVictory"],"picked":"Tantrum","floor":12.0},{"not_picked":["JustLucky","PathToVictory"],"picked":"LikeWater+1","floor":13.0},{"not_picked":["Crescendo","EmptyBody"],"picked":"Sanctity","floor":14.0},{"not_picked":["Establishment+1","Blasphemy","Omniscience"],"picked":"Singing Bowl","floor":16.0},{"not_picked":["FollowUp+1","Prostrate"],"picked":"LikeWater+1","floor":18.0},{"not_picked":["EmptyBody","Conclude+1","EmptyFist"],"picked":"Singing Bowl","floor":21.0},{"not_picked":["WreathOfFlame","WindmillStrike","DeusExMachina"],"picked":"Singing Bowl","floor":23.0},{"not_picked":["FlurryOfBlows","CrushJoints+1","ClearTheMind+1"],"picked":"Singing Bowl","floor":24.0},{"not_picked":["Sanctity","Worship"],"picked":"Study+1","floor":28.0},{"not_picked":["PathToVictory","Halt","Weave"],"picked":"Singing Bowl","floor":30.0},{"not_picked":["Judgement","ConjureBlade"],"picked":"Establishment+1","floor":33.0},{"not_picked":["Pray+1","ThirdEye+1","FollowUp"],"picked":"Singing Bowl","floor":35.0},{"not_picked":["Magnetism+1","Dark Shackles"],"picked":"Secret Technique","floor":37.0},{"not_picked":["JustLucky","BowlingBash+1"],"picked":"Indignation+1","floor":38.0},{"not_picked":["DeceiveReality+1","Meditate"],"picked":"FearNoEvil+1","floor":40.0},{"not_picked":["ReachHeaven+1","PathToVictory","SashWhip+1"],"picked":"Singing Bowl","floor":44.0},{"not_picked":["CutThroughFate+1","Protect","CarveReality+1"],"picked":"Singing Bowl","floor":45.0},{"not_picked":["Consecrate+1","CutThroughFate+1","Sanctity"],"picked":"Singing Bowl","floor":47.0},{"not_picked":["LikeWater+1","Fasting2+1","PathToVictory+1"],"picked":"Singing Bowl","floor":54.0}],"player_experience":121036,"relics_obtained":[{"floor":8.0,"key":"Incense Burner"},{"floor":9.0,"key":"Frozen Egg 2"},{"floor":23.0,"key":"Toy Ornithopter"},{"floor":26.0,"key":"Juzu Bracelet"},{"floor":30.0,"key":"Mango"},{"floor":40.0,"key":"War Paint"},{"floor":45.0,"key":"Letter Opener"},{"floor":48.0,"key":"Kunai"},{"floor":54.0,"key":"Anchor"}],"event_choices":[{"damage_healed":0.0,"max_hp_gain":0.0,"max_hp_loss":0.0,"gold_gain":0.0,"event_name":"Liars Game","player_choice":"Ignored","floor":3.0,"gold_loss":0.0,"damage_taken":0.0},{"damage_healed":0.0,"max_hp_gain":5.0,"max_hp_loss":0.0,"gold_gain":0.0,"event_name":"Big Fish","player_choice":"Donut","floor":10.0,"gold_loss":0.0,"damage_taken":0.0},{"damage_healed":0.0,"max_hp_gain":0.0,"max_hp_loss":0.0,"gold_gain":0.0,"event_name":"Match and Keep!","player_choice":"0 cards matched","floor":11.0,"gold_loss":0.0,"damage_taken":0.0,"cards_obtained":[]},{"damage_healed":0.0,"max_hp_gain":0.0,"max_hp_loss":0.0,"gold_gain":0.0,"event_name":"Ghosts","player_choice":"Ignored","floor":20.0,"gold_loss":0.0,"damage_taken":0.0},{"damage_healed":0.0,"max_hp_gain":0.0,"max_hp_loss":0.0,"gold_gain":0.0,"event_name":"Cursed Tome","player_choice":"Ignored","floor":22.0,"gold_loss":0.0,"damage_taken":0.0},{"damage_healed":0.0,"max_hp_gain":0.0,"max_hp_loss":0.0,"gold_gain":0.0,"event_name":"Addict","player_choice":"Obtained Relic","floor":27.0,"gold_loss":85.0,"damage_taken":0.0,"relics_obtained":["PreservedInsect"]},{"damage_healed":0.0,"max_hp_gain":0.0,"max_hp_loss":0.0,"gold_gain":0.0,"event_name":"Masked Bandits","player_choice":"Paid Fearfully","floor":31.0,"gold_loss":1967.0,"damage_taken":0.0},{"damage_healed":0.0,"max_hp_gain":0.0,"max_hp_loss":0.0,"gold_gain":0.0,"event_name":"Mysterious Sphere","player_choice":"Ignored","floor":36.0,"gold_loss":0.0,"damage_taken":0.0},{"damage_healed":0.0,"max_hp_gain":0.0,"max_hp_loss":0.0,"gold_gain":0.0,"event_name":"SensoryStone","player_choice":"Memory 1","floor":37.0,"gold_loss":0.0,"damage_taken":0.0},{"cards_removed":["Strike_P"],"damage_healed":0.0,"max_hp_gain":0.0,"max_hp_loss":0.0,"gold_gain":0.0,"event_name":"Falling","player_choice":"Removed Attack","floor":39.0,"gold_loss":0.0,"damage_taken":0.0}],"is_beta":false,"boss_relics":[{"not_picked":["Philosopher\u0027s Stone","Pandora\u0027s Box"],"picked":"Astrolabe"},{"not_picked":["HolyWater","Calling Bell"],"picked":"Cursed Key"}],"items_purged_floors":[7,19,25,29,42,53],"is_endless":false,"potions_floor_spawned":[1,4,13,14,21,23,28,33,40,45],"ascension_level":1}}