{"host":"mvk4cyf8p31hksyn","time":1613125384,"event":{"mods":["BaseMod","Block Reminder","Colored Map","Highlight Path","Minty Spire (QoL Compilation)","Relic Sorter"],"gold_per_floor":[116,116,135,60,70,90,90,115,142,160,185,185,185,219,231,342,354,386,411,130,148,175,192,226,226,299,311,311,311,186,202,202,301,301,318,328,104,115,115,115,147,147,147,180,206,206,206,206,206,206],"floor_reached":51,"language":"ENG","playtime":2471,"items_purged":["Defend_G","Strike_G","Choke","Strike_G"],"score":806,"play_id":"f7472e76-4e5d-442c-b068-6af491d0efd7","local_time":"20210212112304","is_ascension_mode":true,"campfire_choices":[{"data":"Choke","floor":7,"key":"SMITH"},{"data":"Footwork","floor":12,"key":"SMITH"},{"data":"Footwork","floor":15,"key":"SMITH"},{"data":"A Thousand Cuts","floor":29,"key":"SMITH"},{"floor":32,"key":"REST"},{"data":"The Bomb","floor":40,"key":"SMITH"},{"floor":42,"key":"REST"},{"floor":47,"key":"REST"},{"floor":49,"key":"REST"}],"circlet_count":0,"master_deck":["Strike_G","Defend_G","Defend_G+1","Defend_G+1","Defend_G","Survivor","Neutralize","Choke+1","Footwork+1","Backflip","Footwork+1","After Image","Doppelganger","A Thousand Cuts+1","The Bomb+1","Riddle With Holes","Bouncing Flask+1","Backflip","Footwork+1","Leg Sweep","HandOfGreed","Acrobatics+1","Choke+1"],"relics":["Snecko Eye","Strawberry","Centennial Puzzle","PreservedInsect","MawBank","Philosopher\u0027s Stone","Red Mask","Juzu Bracelet","Sozu","Bag of Marbles","Ninja Scroll","Boot"],"acts_visited":["Exordium","TheCity","TheBeyond"],"potions_floor_usage":[],"damage_taken":[{"damage":0,"enemies":"Cultist","floor":1,"turns":4},{"damage":1,"enemies":"Jaw Worm","floor":3,"turns":4},{"damage":0,"enemies":"2 Louse","floor":5,"turns":2},{"damage":0,"enemies":"Exordium Wildlife","floor":6,"turns":2},{"damage":16,"enemies":"3 Sentries","floor":8,"turns":9},{"damage":2,"enemies":"3 Louse","floor":10,"turns":3},{"damage":6,"enemies":"Lagavulin","floor":11,"turns":4},{"damage":0,"enemies":"Gremlin Nob","floor":14,"turns":3},{"damage":16,"enemies":"Slime Boss","floor":16,"turns":14},{"damage":0,"enemies":"Chosen","floor":18,"turns":5},{"damage":15,"enemies":"3 Byrds","floor":19,"turns":3},{"damage":0,"enemies":"Centurion and Healer","floor":21,"turns":4},{"damage":10,"enemies":"Masked Bandits","floor":22,"turns":4},{"damage":0,"enemies":"Chosen and Byrds","floor":23,"turns":4},{"damage":13,"enemies":"Slavers","floor":24,"turns":3},{"damage":0,"enemies":"Snecko","floor":27,"turns":4},{"damage":2,"enemies":"Centurion and Healer","floor":31,"turns":5},{"damage":13,"enemies":"Collector","floor":33,"turns":8},{"damage":1,"enemies":"Orb Walker","floor":35,"turns":3},{"damage":1,"enemies":"3 Shapes","floor":36,"turns":3},{"damage":0,"enemies":"Transient","floor":38,"turns":5},{"damage":29,"enemies":"Reptomancer","floor":41,"turns":6},{"damage":6,"enemies":"3 Darklings","floor":44,"turns":3},{"damage":13,"enemies":"Nemesis","floor":45,"turns":5},{"damage":25,"enemies":"Time Eater","floor":50,"turns":11}],"seed_played":"5874708303725302614","potions_obtained":[{"floor":1,"key":"GamblersBrew"},{"floor":10,"key":"BlessingOfTheForge"},{"floor":14,"key":"PowerPotion"}],"is_trial":false,"path_per_floor":["M","?","M","$","M","M","R","E","T","M","E","R","?","E","R","B",null,"M","M","$","M","?","M","E","?","T","M","?","R","$","M","R","B",null,"M","M","$","M","?","R","E","R","T","M","E","?","R","?","R","B",null],"character_chosen":"THE_SILENT","items_purchased":["The Bomb","Leg Sweep"],"campfire_rested":4,"item_purchase_floors":[20,37],"current_hp_per_floor":[70,56,55,55,55,55,55,46,46,44,38,38,38,38,38,22,77,77,62,62,62,52,52,39,25,25,25,25,25,25,23,47,34,82,81,80,80,80,70,70,41,65,65,59,46,46,70,70,78,53],"gold":206,"neow_bonus":"BOSS_RELIC","is_daily":false,"chose_seed":false,"campfire_upgraded":5,"win_rate":0.0,"timestamp":1613125384,"path_taken":["M","?","M","$","M","M","R","E","T","M","E","R","?","E","R","BOSS","M","M","$","M","?","M","E","?","T","M","?","R","$","M","R","BOSS","M","M","$","M","?","R","E","R","T","M","E","?","R","?","R","BOSS"],"items_purchased_type":["Card","Card"],"build_version":"2020-12-22","purchased_purges":4,"victory":true,"max_hp_per_floor":[70,70,70,70,70,70,70,77,77,77,77,77,77,77,77,77,77,77,77,77,77,77,77,77,82,82,82,82,82,82,82,82,82,82,82,82,82,82,82,82,82,82,82,82,82,82,82,78,78,78],"card_choices":[{"not_picked":["All Out Attack","Riddle With Holes"],"picked":"Choke","floor":1},{"not_picked":["Flying Knee","Concentrate"],"picked":"Footwork","floor":3},{"not_picked":["Deadly Poison","Heel Hook","Sucker Punch"],"picked":"SKIP","floor":5},{"not_picked":["Reflex","Deflect"],"picked":"Backflip","floor":6},{"not_picked":["Flying Knee","Backstab","Blade Dance"],"picked":"SKIP","floor":8},{"not_picked":["Endless Agony","Blade Dance"],"picked":"Footwork","floor":10},{"not_picked":["Dagger Spray","Outmaneuver"],"picked":"After Image","floor":11},{"not_picked":["Dagger Spray","Wraith Form v2","Bane"],"picked":"SKIP","floor":14},{"not_picked":["Envenom","Wraith Form v2"],"picked":"A Thousand Cuts","floor":16},{"not_picked":["Dagger Spray","Masterful Stab"],"picked":"Choke","floor":18},{"not_picked":["Expertise","Prepared+1","Acrobatics"],"picked":"SKIP","floor":19},{"not_picked":["Quick Slash","Blur","Deadly Poison"],"picked":"SKIP","floor":21},{"not_picked":["Dagger Throw+1","Dagger Spray+1"],"picked":"Riddle With Holes","floor":22},{"not_picked":["Backstab","Slice","Deadly Poison+1"],"picked":"SKIP","floor":23},{"not_picked":["Quick Slash","Underhanded Strike+1","Reflex"],"picked":"SKIP","floor":24},{"not_picked":["PiercingWail","Catalyst","Finisher"],"picked":"SKIP","floor":27},{"not_picked":["Underhanded Strike","Sucker Punch"],"picked":"Bouncing Flask+1","floor":31},{"not_picked":["Prepared+1","Noxious Fumes+1"],"picked":"Backflip","floor":35},{"not_picked":["Bane","Underhanded Strike+1"],"picked":"Footwork+1","floor":36},{"not_picked":["Bane","Blade Dance","Quick Slash+1"],"picked":"SKIP","floor":38},{"not_picked":["Bandage Up","Master of Strategy"],"picked":"HandOfGreed","floor":39},{"not_picked":["Flechettes+1","Dodge and Roll+1"],"picked":"Acrobatics+1","floor":41},{"not_picked":["Caltrops","Endless Agony+1"],"picked":"Choke+1","floor":44},{"not_picked":["Flying Knee+1","Dagger Throw","Grand Finale"],"picked":"SKIP","floor":45}],"player_experience":849694,"relics_obtained":[{"floor":8,"key":"Strawberry"},{"floor":9,"key":"Centennial Puzzle"},{"floor":11,"key":"PreservedInsect"},{"floor":14,"key":"MawBank"},{"floor":22,"key":"Red Mask"},{"floor":24,"key":"Juzu Bracelet"},{"floor":41,"key":"Bag of Marbles"},{"floor":43,"key":"Ninja Scroll"},{"floor":45,"key":"Boot"}],"event_choices":[{"damage_healed":0,"gold_gain":0,"player_choice":"Entered Light","damage_taken":14,"max_hp_gain":0,"max_hp_loss":0,"event_name":"Shining Light","floor":2,"gold_loss":0,"cards_upgraded":["Defend_G","Defend_G"]},{"damage_healed":0,"gold_gain":0,"cards_transformed":["Strike_G"],"player_choice":"Change","damage_taken":0,"max_hp_gain":0,"max_hp_loss":0,"event_name":"Living Wall","floor":13,"gold_loss":0,"cards_obtained":["Doppelganger"]},{"damage_healed":0,"gold_gain":0,"player_choice":"Fought Bandits","damage_taken":0,"max_hp_gain":0,"max_hp_loss":0,"event_name":"Masked Bandits","floor":22,"gold_loss":0},{"damage_healed":0,"gold_gain":0,"player_choice":"Shed Blood","damage_taken":19,"max_hp_gain":5,"max_hp_loss":0,"event_name":"Forgotten Altar","floor":25,"gold_loss":0},{"damage_healed":0,"gold_gain":0,"player_choice":"Ignored","damage_taken":0,"max_hp_gain":0,"max_hp_loss":0,"event_name":"Vampires","floor":28,"gold_loss":0},{"damage_healed":0,"gold_gain":0,"player_choice":"Memory 3","damage_taken":10,"max_hp_gain":0,"max_hp_loss":0,"event_name":"SensoryStone","floor":39,"gold_loss":0},{"cards_removed":["Strike_G"],"damage_healed":0,"gold_gain":0,"player_choice":"Removed Attack","damage_taken":0,"max_hp_gain":0,"max_hp_loss":0,"event_name":"Falling","floor":46,"gold_loss":0},{"damage_healed":0,"gold_gain":0,"player_choice":"Max HP","damage_taken":0,"max_hp_gain":0,"max_hp_loss":4,"event_name":"Winding Halls","floor":48,"gold_loss":0}],"is_beta":false,"boss_relics":[{"not_picked":["Fusion Hammer","SacredBark"],"picked":"Philosopher\u0027s Stone"},{"not_picked":["Empty Cage","Cursed Key"],"picked":"Sozu"}],"items_purged_floors":[4,20,30,37],"is_endless":false,"potions_floor_spawned":[1,10,14,16,21,22,31,33,38,41,44],"ascension_level":1}}