{"host":"gobyjzz6xbwq9f9i","time":1613112309,"event":{"mods":["AchievementEnabler","BaseMod","Bestiary","Colored Map","Minty Spire (QoL Compilation)","Relic Stats"],"gold_per_floor":[119,138,153,153,328,328,357,18,42,42,42,83,108,108,108,214,214,206,228,248,248,257,257,281,319,319,319,74,100,122,146,146,259,259,283,342,366,391,391,433,433,459,486,352,370,411,438,473,473,473,473],"floor_reached":50,"language":"ENG","playtime":2913,"items_purged":["Strike_B"],"score":1013,"play_id":"e4b5b525-1db0-4f6b-8dcc-0ac2d545948e","local_time":"20210211224509","is_ascension_mode":true,"campfire_choices":[{"data":"Rebound","floor":6,"key":"SMITH"},{"data":"Glacier","floor":10,"key":"SMITH"},{"data":"Zap","floor":15,"key":"SMITH"},{"data":"Creative AI","floor":23,"key":"SMITH"},{"data":"RitualDagger","floor":27,"key":"SMITH"},{"data":"Self Repair","floor":32,"key":"SMITH"},{"data":"Undo","floor":41,"key":"SMITH"},{"floor":49,"key":"RECALL"}],"circlet_count":0,"master_deck":["AscendersBane","Strike_B+1","Strike_B","Defend_B+1","Defend_B","Defend_B+1","Defend_B","Zap+1","Dualcast","Rebound+1","Glacier+1","Barrage+1","Undo+1","Reinforced Body+1","Undo+1","Coolheaded+1","Creative AI+1","Hologram+1","Auto Shields+1","Coolheaded+1","RitualDagger+1","Self Repair+1","Turbo+1","Double Energy+1","Rainbow+1","Coolheaded+1","Multi-Cast+1","Conserve Battery+1","Stack+1","Heatsinks+1","White Noise+1","Steam Power+1","Capacitor","Loop+1","Doom and Gloom+1","Capacitor"],"relics":["Cracked Core","Bronze Scales","Toxic Egg 2","CeramicFish","Omamori","Coffee Dripper","Necronomicon","Orichalcum","Blue Candle","Bottled Tornado","Runic Pyramid","Bird Faced Urn","Kunai","War Paint","Singing Bowl","Molten Egg 2"],"acts_visited":["Exordium","TheCity","TheBeyond"],"potions_floor_usage":[7,7,25,31,33,33,40],"damage_taken":[{"damage":7,"enemies":"2 Louse","floor":1,"turns":3},{"damage":2,"enemies":"Jaw Worm","floor":2,"turns":3},{"damage":0,"enemies":"Small Slimes","floor":3,"turns":4},{"damage":13,"enemies":"Gremlin Nob","floor":7,"turns":3},{"damage":12,"enemies":"3 Sentries","floor":12,"turns":8},{"damage":0,"enemies":"Exordium Wildlife","floor":13,"turns":6},{"damage":0,"enemies":"The Guardian","floor":16,"turns":11},{"damage":0,"enemies":"2 Thieves","floor":18,"turns":4},{"damage":0,"enemies":"Chosen","floor":19,"turns":6},{"damage":0,"enemies":"Snecko","floor":20,"turns":5},{"damage":4,"enemies":"Shelled Parasite and Fungi","floor":24,"turns":6},{"damage":5,"enemies":"Gremlin Leader","floor":25,"turns":7},{"damage":21,"enemies":"Snake Plant","floor":29,"turns":4},{"damage":0,"enemies":"3 Cultists","floor":30,"turns":3},{"damage":15,"enemies":"Cultist and Chosen","floor":31,"turns":7},{"damage":3,"enemies":"Collector","floor":33,"turns":17},{"damage":26,"enemies":"Orb Walker","floor":35,"turns":5},{"damage":0,"enemies":"Mind Bloom Boss Battle","floor":36,"turns":4},{"damage":4,"enemies":"3 Shapes","floor":37,"turns":6},{"damage":11,"enemies":"Transient","floor":38,"turns":5},{"damage":9,"enemies":"Nemesis","floor":40,"turns":7},{"damage":42,"enemies":"Reptomancer","floor":42,"turns":9},{"damage":32,"enemies":"Jaw Worm Horde","floor":45,"turns":4},{"damage":11,"enemies":"Nemesis","floor":46,"turns":9},{"damage":30,"enemies":"3 Darklings","floor":47,"turns":3},{"damage":98,"enemies":"Giant Head","floor":48,"turns":12},{"damage":67,"enemies":"Time Eater","floor":50,"turns":8}],"seed_played":"2873751704009771219","potions_obtained":[{"floor":0,"key":"LiquidBronze"},{"floor":0,"key":"SmokeBomb"},{"floor":0,"key":"Energy Potion"},{"floor":1,"key":"AttackPotion"},{"floor":2,"key":"DistilledChaos"},{"floor":16,"key":"Strength Potion"},{"floor":20,"key":"Explosive Potion"},{"floor":29,"key":"FairyPotion"},{"floor":31,"key":"EssenceOfSteel"},{"floor":33,"key":"PotionOfCapacity"},{"floor":35,"key":"Ancient Potion"},{"floor":40,"key":"BlessingOfTheForge"}],"is_trial":false,"path_per_floor":["M","M","M","?","?","R","E","$","T","R","$","E","M","?","R","B",null,"M","M","M","?","?","R","M","E","T","R","$","M","M","M","R","B",null,"M","?","M","M","?","E","R","E","T","$","M","E","M","E","R","B"],"character_chosen":"DEFECT","items_purchased":["Toxic Egg 2","Reinforced Body+1","Bottled Tornado","Capacitor"],"campfire_rested":0,"item_purchase_floors":[8,8,28,44],"current_hp_per_floor":[61,59,59,44,44,44,31,31,31,31,31,19,19,12,12,12,59,59,59,59,43,37,37,33,35,35,35,35,21,28,20,20,27,63,47,57,75,75,75,75,75,57,57,57,49,72,49,32,32,0,0],"gold":473,"neow_bonus":"THREE_SMALL_POTIONS","is_daily":false,"chose_seed":false,"campfire_upgraded":7,"win_rate":0.0,"timestamp":1613112309,"path_taken":["M","M","M","?","?","R","E","?","T","R","$","E","M","?","R","BOSS","M","M","M","?","?","R","M","E","T","R","?","M","M","?","R","BOSS","M","?","M","M","?","E","R","E","T","$","?","E","M","E","R","BOSS"],"items_purchased_type":["Relic","Card","Relic","Card"],"build_version":"2020-12-22","purchased_purges":1,"victory":false,"max_hp_per_floor":[75,75,75,75,75,75,75,75,75,75,75,75,75,75,75,75,75,75,75,75,75,75,75,75,75,75,75,75,75,75,75,75,75,75,75,75,75,75,75,75,75,75,75,75,75,75,75,75,75,75,75],"relic_stats":{"Singing Bowl":0,"counters":[27,168],"Bronze Scales":[499],"CeramicFish":198,"Blue Candle":[0],"Bird Faced Urn":[149],"Necronomicon":[2],"Kunai":[3],"Orichalcum":[78],"War Paint":["Defend_B","Defend_B"],"obtain_stats":[{"Singing Bowl":46,"CeramicFish":9,"Blue Candle":26,"Omamori":12,"Orichalcum":25,"Bottled Tornado":28,"War Paint":42,"Bronze Scales":7,"Bird Faced Urn":36,"Molten Egg 2":48,"Coffee Dripper":17,"Necronomicon":21,"Kunai":40,"Toxic Egg 2":8,"Cracked Core":0,"Runic Pyramid":34},{"Singing Bowl":24,"CeramicFish":4,"Blue Candle":12,"Omamori":5,"Orichalcum":12,"Bottled Tornado":12,"War Paint":22,"Bronze Scales":4,"Bird Faced Urn":18,"Molten Egg 2":26,"Coffee Dripper":7,"Necronomicon":10,"Kunai":21,"Toxic Egg 2":4,"Cracked Core":0,"Runic Pyramid":16},{"Singing Bowl":145,"CeramicFish":13,"Blue Candle":66,"Omamori":21,"Orichalcum":66,"Bottled Tornado":66,"War Paint":132,"Bronze Scales":13,"Bird Faced Urn":105,"Molten Egg 2":160,"Coffee Dripper":38,"Necronomicon":53,"Kunai":123,"Toxic Egg 2":13,"Cracked Core":0,"Runic Pyramid":96}]},"card_choices":[{"not_picked":["Fusion","Sweeping Beam"],"picked":"Rebound","floor":1},{"not_picked":["Compile Driver","Turbo"],"picked":"Glacier","floor":2},{"not_picked":["Streamline","Heatsinks"],"picked":"Barrage","floor":3},{"not_picked":["Leap","Turbo"],"picked":"Undo","floor":7},{"not_picked":["Storm","FTL"],"picked":"Undo+1","floor":12},{"not_picked":["Turbo+1","Redo+1"],"picked":"Coolheaded+1","floor":13},{"not_picked":["Echo Form","Meteor Strike"],"picked":"Creative AI","floor":16},{"not_picked":["Heatsinks","Scrape"],"picked":"Hologram+1","floor":18},{"not_picked":["Cold Snap","Stack+1"],"picked":"Auto Shields+1","floor":19},{"not_picked":["Barrage","Steam+1"],"picked":"Coolheaded+1","floor":20},{"not_picked":["Beam Cell","Barrage"],"picked":"Self Repair","floor":24},{"not_picked":["Coolheaded+1","Conserve Battery+1"],"picked":"Turbo+1","floor":25},{"not_picked":["Compile Driver","Redo+1"],"picked":"Double Energy+1","floor":29},{"not_picked":["Hologram+1","Recycle+1"],"picked":"Rainbow+1","floor":30},{"not_picked":["Glacier+1","BootSequence+1"],"picked":"Coolheaded+1","floor":31},{"not_picked":["Reboot+1","Electrodynamics"],"picked":"Multi-Cast+1","floor":33},{"not_picked":["Gash","Rebound+1"],"picked":"Conserve Battery+1","floor":35},{"not_picked":["Cold Snap+1","Static Discharge"],"picked":"Stack+1","floor":36},{"not_picked":["Consume+1","Conserve Battery+1"],"picked":"Heatsinks+1","floor":37},{"not_picked":["Gash","Stack+1"],"picked":"White Noise+1","floor":38},{"not_picked":["Cold Snap","Compile Driver+1"],"picked":"Steam Power+1","floor":40},{"not_picked":["Self Repair+1","Thunder Strike","Heatsinks+1"],"picked":"SKIP","floor":42},{"not_picked":["Turbo+1","Sunder","Barrage"],"picked":"SKIP","floor":45},{"not_picked":["Skim+1","Rebound+1"],"picked":"Loop+1","floor":46},{"not_picked":["Rebound+1","Coolheaded+1"],"picked":"Doom and Gloom+1","floor":47},{"not_picked":["Coolheaded+1","Gash+1"],"picked":"Capacitor","floor":48}],"player_experience":1339577,"relics_obtained":[{"floor":7,"key":"Bronze Scales"},{"floor":9,"key":"CeramicFish"},{"floor":12,"key":"Omamori"},{"floor":21,"key":"Necronomicon"},{"floor":25,"key":"Orichalcum"},{"floor":26,"key":"Blue Candle"},{"floor":36,"key":"Bird Faced Urn"},{"floor":40,"key":"Kunai"},{"floor":42,"key":"War Paint"},{"floor":46,"key":"Singing Bowl"},{"floor":48,"key":"Molten Egg 2"}],"event_choices":[{"damage_healed":0,"gold_gain":0,"player_choice":"Entered Light","damage_taken":15,"max_hp_gain":0,"max_hp_loss":0,"event_name":"Shining Light","floor":4,"gold_loss":0,"cards_upgraded":["Strike_B","Barrage"]},{"damage_healed":0,"gold_gain":175,"player_choice":"AGREE","damage_taken":0,"max_hp_gain":0,"max_hp_loss":0,"event_name":"Liars Game","floor":5,"gold_loss":0,"cards_obtained":["Doubt"]},{"cards_removed":["Doubt"],"damage_healed":0,"gold_gain":0,"player_choice":"Card Removal","damage_taken":7,"max_hp_gain":0,"max_hp_loss":0,"event_name":"Golden Wing","floor":14,"gold_loss":0},{"damage_healed":0,"gold_gain":0,"player_choice":"Obtained Book","damage_taken":16,"max_hp_gain":0,"max_hp_loss":0,"event_name":"Cursed Tome","floor":21,"gold_loss":0},{"damage_healed":0,"gold_gain":0,"player_choice":"Joined the Cult","damage_taken":6,"max_hp_gain":0,"max_hp_loss":0,"event_name":"Nest","floor":22,"gold_loss":0,"cards_obtained":["RitualDagger"]},{"damage_healed":0,"gold_gain":0,"player_choice":"Fight","damage_taken":0,"max_hp_gain":0,"max_hp_loss":0,"event_name":"MindBloom","floor":36,"gold_loss":0},{"cards_removed":["Strike_B"],"damage_healed":0,"gold_gain":0,"player_choice":"Card Removal","damage_taken":0,"max_hp_gain":0,"max_hp_loss":0,"event_name":"Wheel of Change","floor":39,"gold_loss":0}],"is_beta":false,"boss_relics":[{"not_picked":["Astrolabe","SacredBark"],"picked":"Coffee Dripper"},{"not_picked":["FrozenCore","Fusion Hammer"],"picked":"Runic Pyramid"}],"items_purged_floors":[44],"is_endless":false,"potions_floor_spawned":[1,2,16,20,24,29,31,33,35,38,40,45],"killed_by":"Time Eater","ascension_level":10}}