{"host":"b6y7xm5pwpiq42ks","time":1613161582,"event":{"mods":["AchievementEnabler","BaseMod","Highlight Path","Minty Spire (QoL Compilation)","Permanent Neow","Quick Restart"],"gold_per_floor":[114,126,126,38,53,53,68,143,143,143,143,168,4,34,34,129,179,197,197,197,2,13,13,13],"floor_reached":23,"language":"ENG","playtime":631,"items_purged":[],"score":236,"play_id":"c9957a17-66ed-4bfa-b3e6-6dfd55eb5bc1","local_time":"20210212122622","is_ascension_mode":true,"campfire_choices":[{"data":"Madness","floor":6.0,"key":"SMITH"},{"floor":15.0,"key":"REST"}],"circlet_count":0,"master_deck":["Strike_R","Strike_R","Strike_R","Strike_R","Strike_R","Defend_R","Defend_R","Defend_R","Defend_R","Bash","Twin Strike","Thunderclap","Cleave","Dual Wield","PanicButton","Sentinel","Fire Breathing","Juggernaut","Barricade+1","Shockwave","Iron Wave","Necronomicurse","Metallicize","Iron Wave","Metallicize"],"relics":["Burning Blood","PreservedInsect","Gremlin Horn","Paper Frog","Bag of Marbles","Membership Card","StoneCalendar","Tiny House","Necronomicon","Ginger"],"acts_visited":["Exordium","TheCity"],"potions_floor_usage":[],"damage_taken":[{"damage":6.0,"enemies":"Cultist","floor":1.0,"turns":3.0},{"damage":1.0,"enemies":"Jaw Worm","floor":2.0,"turns":5.0},{"damage":12.0,"enemies":"Small Slimes","floor":5.0,"turns":3.0},{"damage":16.0,"enemies":"Blue Slaver","floor":7.0,"turns":3.0},{"damage":22.0,"enemies":"Lagavulin","floor":12.0,"turns":5.0},{"damage":23.0,"enemies":"3 Sentries","floor":14.0,"turns":4.0},{"damage":28.0,"enemies":"The Guardian","floor":16.0,"turns":12.0},{"damage":43.0,"enemies":"Spheric Guardian","floor":18.0,"turns":7.0},{"damage":9.0,"enemies":"Chosen","floor":22.0,"turns":6.0},{"damage":21,"enemies":"Book of Stabbing","floor":23,"turns":3}],"seed_played":"-4335520386913878715","potions_obtained":[{"floor":2.0,"key":"GamblersBrew"},{"floor":7.0,"key":"Dexterity Potion"},{"floor":12.0,"key":"PowerPotion"},{"floor":16.0,"key":"Regen Potion"},{"floor":17.0,"key":"Swift Potion"}],"is_trial":false,"path_per_floor":["M","M","?","$","M","R","M","?","T","?","?","E","$","E","R","B",null,"M","?","?","$","M","E"],"character_chosen":"IRONCLAD","items_purchased":["Madness","Membership Card","Fire Breathing","Ginger","Metallicize","Iron Wave"],"campfire_rested":1,"item_purchase_floors":[4,13,13,21,21,21],"current_hp_per_floor":[80,80,80,80,74,74,64,53,53,53,53,37,37,20,44,22,85,48,32,32,32,29,8,8],"gold":13,"neow_bonus":"RANDOM_COMMON_RELIC","is_daily":false,"chose_seed":false,"campfire_upgraded":1,"win_rate":0.0,"timestamp":1613161582,"path_taken":["M","?","?","?","M","R","?","?","T","?","?","E","$","E","R","BOSS","M","?","?","$","?","E"],"items_purchased_type":["Card","Relic","Card","Relic","Card","Card"],"build_version":"2020-12-22","purchased_purges":0,"victory":false,"max_hp_per_floor":[80,80,80,80,80,80,80,80,80,80,80,80,80,80,80,80,85,85,85,85,85,85,85,85],"card_choices":[{"not_picked":["Headbutt","Clothesline"],"picked":"Twin Strike","floor":1.0},{"not_picked":["Warcry","True Grit"],"picked":"Thunderclap","floor":2.0},{"not_picked":["Clash","Rampage"],"picked":"Cleave","floor":5.0},{"not_picked":["Twin Strike","Headbutt"],"picked":"Dual Wield","floor":7.0},{"not_picked":["Cleave","Whirlwind"],"picked":"Sentinel","floor":12.0},{"not_picked":["Rage","Dropkick"],"picked":"Juggernaut","floor":14.0},{"not_picked":["Limit Break","Bludgeon"],"picked":"Barricade","floor":16.0},{"not_picked":["Headbutt","Fire Breathing"],"picked":"Shockwave","floor":17.0},{"not_picked":["Twin Strike","Shrug It Off"],"picked":"Iron Wave","floor":18.0},{"not_picked":["Shrug It Off","Heavy Blade"],"picked":"Metallicize","floor":22.0}],"player_experience":169030,"relics_obtained":[{"floor":9.0,"key":"Gremlin Horn"},{"floor":12.0,"key":"Bag of Marbles"},{"floor":14.0,"key":"StoneCalendar"},{"floor":19.0,"key":"Necronomicon"}],"event_choices":[{"damage_healed":0.0,"max_hp_gain":0.0,"max_hp_loss":0.0,"gold_gain":0.0,"event_name":"Golden Wing","player_choice":"Ignored","floor":3.0,"gold_loss":0.0,"damage_taken":0.0},{"damage_healed":0.0,"max_hp_gain":0.0,"max_hp_loss":0.0,"gold_gain":75.0,"event_name":"World of Goop","player_choice":"Gather Gold","floor":8.0,"gold_loss":0.0,"damage_taken":11.0},{"damage_healed":0.0,"max_hp_gain":0.0,"max_hp_loss":0.0,"gold_gain":0.0,"event_name":"Big Fish","player_choice":"Box","floor":10.0,"gold_loss":0.0,"damage_taken":0.0,"relics_obtained":["Paper Frog"],"cards_obtained":["Regret"]},{"damage_healed":0.0,"max_hp_gain":0.0,"max_hp_loss":0.0,"gold_gain":0.0,"cards_transformed":["Madness"],"event_name":"Living Wall","player_choice":"Change","floor":11.0,"gold_loss":0.0,"damage_taken":0.0,"cards_obtained":["PanicButton"]},{"damage_healed":0.0,"max_hp_gain":0.0,"max_hp_loss":0.0,"gold_gain":0.0,"event_name":"Cursed Tome","player_choice":"Obtained Book","floor":19.0,"gold_loss":0.0,"damage_taken":16.0},{"cards_removed":["Regret"],"damage_healed":0.0,"max_hp_gain":0.0,"max_hp_loss":0.0,"gold_gain":0.0,"event_name":"Purifier","player_choice":"Purged","floor":20.0,"gold_loss":0.0,"damage_taken":0.0}],"is_beta":false,"boss_relics":[{"not_picked":["Philosopher\u0027s Stone","Snecko Eye"],"picked":"Tiny House"}],"items_purged_floors":[],"is_endless":false,"potions_floor_spawned":[2,7,12,16],"killed_by":"Book of Stabbing","ascension_level":4}}