{"host":"7qoz5gmva6til3yp","time":1613148527,"event":{"mods":["2.2 Compatiblity","BaseMod","Minty Spire (QoL Compilation)","StSLib","SuperFastMode"],"gold_per_floor":[112,124,124,140,160,160,160,182,182,182,198,198,198,231,231,334,334,354,373,373,373,373],"floor_reached":21,"language":"KOR","playtime":451,"items_purged":[],"score":269,"play_id":"c51b2501-558a-4929-877a-eb3bc25b63c9","local_time":"20210213014847","is_ascension_mode":true,"campfire_choices":[{"floor":6.0,"key":"REST"},{"data":"1","floor":10.0,"key":"LIFT"},{"floor":12.0,"key":"REST"},{"data":"Hologram","floor":15.0,"key":"SMITH"}],"circlet_count":0,"master_deck":["AscendersBane","Strike_B","Strike_B","Strike_B","Strike_B","Defend_B","Defend_B","Defend_B","Zap","Dualcast","Ball Lightning","Compile Driver","Streamline","Coolheaded","Hologram+1","Beam Cell","Hyperbeam","Reprogram"],"relics":["Girya","Odd Mushroom","Cables","Turnip","Nloth\u0027s Gift"],"acts_visited":["Exordium","TheCity"],"potions_floor_usage":[21],"damage_taken":[{"damage":2.0,"enemies":"2 Louse","floor":1.0,"turns":3.0},{"damage":7.0,"enemies":"Jaw Worm","floor":2.0,"turns":2.0},{"damage":5.0,"enemies":"Small Slimes","floor":4.0,"turns":3.0},{"damage":18.0,"enemies":"Red Slaver","floor":5.0,"turns":4.0},{"damage":17.0,"enemies":"The Mushroom Lair","floor":8.0,"turns":4.0},{"damage":3.0,"enemies":"Blue Slaver","floor":11.0,"turns":2.0},{"damage":18.0,"enemies":"Gremlin Nob","floor":14.0,"turns":3.0},{"damage":21.0,"enemies":"Hexaghost","floor":16.0,"turns":8.0},{"damage":25.0,"enemies":"Shell Parasite","floor":18.0,"turns":6.0},{"damage":14,"enemies":"Chosen","floor":19,"turns":5},{"damage":26,"enemies":"Snake Plant","floor":21,"turns":3}],"seed_played":"2329393569562275179","potions_obtained":[{"floor":4.0,"key":"Weak Potion"},{"floor":5.0,"key":"LiquidBronze"},{"floor":14.0,"key":"LiquidBronze"},{"floor":16.0,"key":"SteroidPotion"},{"floor":18,"key":"EssenceOfSteel"},{"floor":19,"key":"Block Potion"}],"is_trial":false,"path_per_floor":["M","M","?","M","M","R","?","?","T","R","M","R","?","E","R","B",null,"M","M","?","M"],"character_chosen":"DEFECT","items_purchased":[],"campfire_rested":2,"item_purchase_floors":[],"current_hp_per_floor":[48,41,46,41,23,47,47,30,30,30,27,51,44,26,26,5,61,36,22,22,0,0],"gold":373,"neow_bonus":"ONE_RARE_RELIC","is_daily":false,"chose_seed":false,"campfire_upgraded":1,"win_rate":0.0,"timestamp":1613148527,"path_taken":["M","M","?","M","M","R","?","?","T","R","M","R","?","E","R","BOSS","M","M","?","M"],"items_purchased_type":[],"build_version":"2020-12-22","purchased_purges":0,"victory":false,"max_hp_per_floor":[75,75,80,80,80,80,80,80,80,80,80,80,80,80,80,80,80,80,80,80,80,80],"card_choices":[{"not_picked":["Defragment","Recycle"],"picked":"Ball Lightning","floor":1.0},{"not_picked":["Redo","Conserve Battery"],"picked":"Compile Driver","floor":2.0},{"not_picked":["Rebound","Echo Form"],"picked":"Streamline","floor":4.0},{"not_picked":["Gash","Cold Snap"],"picked":"Coolheaded","floor":5.0},{"not_picked":["Ball Lightning","Static Discharge"],"picked":"Hologram","floor":8.0},{"not_picked":["Fusion","Blizzard","Aggregate"],"picked":"SKIP","floor":11.0},{"not_picked":["Chill","Thunder Strike"],"picked":"Beam Cell","floor":14.0},{"not_picked":["Seek","Meteor Strike"],"picked":"Hyperbeam","floor":16.0},{"not_picked":["Self Repair","Sweeping Beam"],"picked":"Reprogram","floor":18},{"not_picked":["Beam Cell","Gash+1","Steam"],"picked":"SKIP","floor":19}],"player_experience":477413,"relics_obtained":[{"floor":8.0,"key":"Odd Mushroom"},{"floor":9.0,"key":"Cables"},{"floor":14.0,"key":"Turnip"}],"event_choices":[{"damage_healed":0.0,"max_hp_gain":5.0,"max_hp_loss":0.0,"gold_gain":0.0,"event_name":"Big Fish","player_choice":"Donut","floor":3.0,"gold_loss":0.0,"damage_taken":0.0},{"damage_healed":0.0,"max_hp_gain":0.0,"max_hp_loss":0.0,"gold_gain":0.0,"event_name":"Golden Idol","player_choice":"Ignored","floor":7.0,"gold_loss":0.0,"damage_taken":0.0},{"damage_healed":0.0,"max_hp_gain":0.0,"max_hp_loss":0.0,"gold_gain":0.0,"event_name":"Mushrooms","player_choice":"Fought Mushrooms","floor":8.0,"gold_loss":0.0,"damage_taken":0.0},{"cards_removed":["Defend_B"],"damage_healed":0.0,"max_hp_gain":0.0,"max_hp_loss":0.0,"gold_gain":0.0,"event_name":"Golden Wing","player_choice":"Card Removal","floor":13.0,"gold_loss":0.0,"damage_taken":7.0},{"damage_healed":0,"gold_gain":0,"player_choice":"Traded Relic","damage_taken":0,"relics_obtained":["Nloth\u0027s Gift"],"max_hp_gain":0,"max_hp_loss":0,"event_name":"N\u0027loth","floor":20,"relics_lost":["FrozenCore"],"gold_loss":0}],"is_beta":false,"boss_relics":[{"not_picked":["Calling Bell","Tiny House"],"picked":"FrozenCore"}],"items_purged_floors":[],"is_endless":false,"potions_floor_spawned":[4,5,14,16,18,19],"killed_by":"Snake Plant","ascension_level":10}}