{"host":"agbyy69nq62afhwx","time":1613145336,"event":{"mods":["BaseMod","Colored Map","DeckTracker","Hermit","Highlight Path","Keyboard Shortcuts","Minty Spire (QoL Compilation)","Quick Restart","StSLib","SuperFastMode","everything is the same but u backflip on backflip"],"gold_per_floor":[118,135,151,2,21,56,231,231,231,241,253,203,223,234,234,338,338,353,342,342,361,371,406,406,201,201,221,76,36,55,68,68,164,164,196,196,216,216,216,216,226,226,226,238,267,277,140,93,93,93],"floor_reached":51,"language":"KOR","playtime":3992,"items_purged":["hermit:Strike_Hermit","Doubt"],"score":705,"play_id":"cdf78e96-71bd-4c24-a6d1-12710f5db467","local_time":"20210213005536","is_ascension_mode":false,"campfire_choices":[{"data":"hermit:GhostlyPresence","floor":8.0,"key":"SMITH"},{"data":"hermit:Dive","floor":15.0,"key":"SMITH"},{"floor":24.0,"key":"REST"},{"data":"hermit:EyeOfTheStorm","floor":32.0,"key":"SMITH"},{"data":"hermit:FlashPowder","floor":40.0,"key":"SMITH"},{"floor":49.0,"key":"REST"}],"circlet_count":0,"master_deck":["hermit:Strike_Hermit+1","hermit:Defend_Hermit","hermit:Defend_Hermit","hermit:Defend_Hermit","hermit:Defend_Hermit","hermit:Snapshot","hermit:Covet","hermit:CalledShot","hermit:Malice","hermit:Snipe","hermit:GhostlyPresence+1","hermit:Deadeye+1","hermit:TakeAim+1","hermit:Dive+1","hermit:FlashPowder+1","hermit:GoldenBullet","hermit:WideOpen","hermit:Cheat","hermit:Gestalt+1","hermit:EyeOfTheStorm+1","hermit:Gestalt+1","hermit:Adapt+1","Parasite","hermit:Vantage+1"],"relics":["hermit:Momento","Mango","Dead Branch","SacredBark","Sundial","Bag of Marbles","Lee\u0027s Waffle","Runic Pyramid","StrikeDummy","Whetstone","Toxic Egg 2"],"acts_visited":["Exordium","TheCity","TheBeyond"],"potions_floor_usage":[50,50],"damage_taken":[{"damage":0.0,"enemies":"Small Slimes","floor":1.0,"turns":3.0},{"damage":4.0,"enemies":"2 Louse","floor":2.0,"turns":3.0},{"damage":8.0,"enemies":"Jaw Worm","floor":3.0,"turns":3.0},{"damage":14.0,"enemies":"Exordium Thugs","floor":5.0,"turns":5.0},{"damage":17.0,"enemies":"3 Sentries","floor":6.0,"turns":10.0},{"damage":11.0,"enemies":"Large Slime","floor":10.0,"turns":5.0},{"damage":7.0,"enemies":"Lots of Slimes","floor":11.0,"turns":5.0},{"damage":0.0,"enemies":"2 Fungi Beasts","floor":13.0,"turns":2.0},{"damage":0.0,"enemies":"3 Louse","floor":14.0,"turns":5.0},{"damage":28.0,"enemies":"The Guardian","floor":16.0,"turns":16.0},{"damage":18.0,"enemies":"Chosen","floor":18.0,"turns":12.0},{"damage":4.0,"enemies":"2 Thieves","floor":19.0,"turns":4.0},{"damage":33.0,"enemies":"3 Cultists","floor":21.0,"turns":6.0},{"damage":25.0,"enemies":"Snecko","floor":22.0,"turns":8.0},{"damage":31.0,"enemies":"Slavers","floor":23.0,"turns":9.0},{"damage":14.0,"enemies":"Snake Plant","floor":27.0,"turns":7.0},{"damage":24.0,"enemies":"Sentry and Sphere","floor":30.0,"turns":11.0},{"damage":3.0,"enemies":"Cultist and Chosen","floor":31.0,"turns":6.0},{"damage":24.0,"enemies":"Automaton","floor":33.0,"turns":16.0},{"damage":26.0,"enemies":"3 Shapes","floor":35.0,"turns":8.0},{"damage":39.0,"enemies":"3 Darklings","floor":37.0,"turns":8.0},{"damage":0.0,"enemies":"Maw","floor":41.0,"turns":12.0},{"damage":3.0,"enemies":"Writhing Mass","floor":44.0,"turns":9.0},{"damage":7.0,"enemies":"Giant Head","floor":45.0,"turns":13.0},{"damage":59.0,"enemies":"3 Darklings","floor":46.0,"turns":6.0},{"damage":35,"enemies":"Awakened One","floor":50,"turns":18}],"seed_played":"1719625632904398981","potions_obtained":[{"floor":1.0,"key":"hermit:Tonic"},{"floor":6.0,"key":"SkillPotion"},{"floor":13.0,"key":"PowerPotion"},{"floor":16.0,"key":"DistilledChaos"},{"floor":19.0,"key":"PowerPotion"},{"floor":21.0,"key":"hermit:Tonic"},{"floor":27.0,"key":"ColorlessPotion"},{"floor":31.0,"key":"Fire Potion"},{"floor":37.0,"key":"BlessingOfTheForge"}],"is_trial":false,"path_per_floor":["M","M","M","$","M","E","?","R","T","M","M","?","M","M","R","B",null,"M","M","?","M","M","E","R","$","T","M","$","?","M","M","R","B",null,"M","?","M","?","?","R","M","$","T","M","E","M","?","$","R","B",null],"character_chosen":"HERMIT","items_purchased":["hermit:GhostlyPresence","FairyPotion","Lee\u0027s Waffle","hermit:Vantage+1"],"campfire_rested":2,"item_purchase_floors":[4,25,28,48],"current_hp_per_floor":[82,78,70,70,56,53,53,53,53,42,35,35,35,35,35,7,96,78,74,74,41,24,1,29,29,29,15,103,103,79,76,76,56,103,77,113,74,74,74,74,74,74,74,71,64,5,5,5,38,3],"gold":93,"neow_bonus":"TEN_PERCENT_HP_BONUS","is_daily":false,"chose_seed":false,"campfire_upgraded":4,"win_rate":0.0,"timestamp":1613145336,"path_taken":["M","M","M","$","M","E","?","R","T","M","M","?","M","M","R","BOSS","M","M","?","M","M","E","R","$","T","M","$","?","?","M","R","BOSS","M","?","?","?","?","R","M","$","T","?","E","?","?","?","R","BOSS"],"items_purchased_type":["Card","Potion","Relic","Card"],"build_version":"2020-12-22","purchased_purges":2,"victory":true,"max_hp_per_floor":[82,82,82,82,82,96,96,96,96,96,96,96,96,96,96,96,96,96,96,96,96,96,96,96,96,96,96,103,103,103,103,103,103,103,103,113,113,113,113,113,113,113,113,113,113,113,113,113,113,113],"card_choices":[{"not_picked":["hermit:ItchyTrigger","hermit:HighCaliber"],"picked":"hermit:CalledShot","floor":1.0},{"not_picked":["hermit:CursedWeapon","hermit:Feint"],"picked":"hermit:Malice","floor":2.0},{"not_picked":["hermit:CalledShot","hermit:Manifest"],"picked":"hermit:Snipe","floor":3.0},{"not_picked":["hermit:BlackWind","hermit:Misfire","hermit:ShadowCloak"],"picked":"SKIP","floor":5.0},{"not_picked":["hermit:Malice","hermit:Horror"],"picked":"hermit:Deadeye","floor":6.0},{"not_picked":["hermit:Manifest","hermit:LowProfile"],"picked":"hermit:TakeAim","floor":10.0},{"not_picked":["hermit:Cheat","hermit:HoleUp"],"picked":"hermit:Dive","floor":11.0},{"not_picked":["hermit:Snipe","hermit:TakeAim"],"picked":"hermit:FlashPowder","floor":13.0},{"not_picked":["hermit:Quickdraw","hermit:BodyArmor"],"picked":"hermit:GoldenBullet","floor":14.0},{"not_picked":["hermit:HighNoon","hermit:DeadOrAlive"],"picked":"hermit:Reprieve","floor":16.0},{"not_picked":["hermit:Glare","hermit:Dive","hermit:TrackingShot"],"picked":"SKIP","floor":18.0},{"not_picked":["hermit:Snipe","hermit:LowProfile+1"],"picked":"hermit:WideOpen","floor":19.0},{"not_picked":["hermit:FlashPowder","hermit:CalledShot"],"picked":"hermit:Cheat","floor":21.0},{"not_picked":["hermit:NoHoldsBarred","hermit:Glare","hermit:Midnight+1"],"picked":"SKIP","floor":22.0},{"not_picked":["hermit:Misfire+1","hermit:TrackingShot"],"picked":"hermit:Gestalt+1","floor":23.0},{"not_picked":["hermit:Manifest","hermit:HoleUp"],"picked":"hermit:EyeOfTheStorm","floor":27.0},{"not_picked":["hermit:Showdown","hermit:Midnight+1"],"picked":"hermit:Gestalt+1","floor":30.0},{"not_picked":["hermit:Desperado","hermit:OverwhelmingPower","hermit:HoleUp"],"picked":"SKIP","floor":31.0},{"not_picked":["hermit:EternalForm","hermit:Magnum"],"picked":"hermit:Adapt","floor":33.0},{"not_picked":["hermit:Virtue+1","hermit:Cheat+1","hermit:BodyArmor+1"],"picked":"SKIP","floor":35.0},{"not_picked":["hermit:Snipe+1","hermit:BodyArmor+1","hermit:SprayPray+1"],"picked":"SKIP","floor":37.0},{"not_picked":["hermit:Cheat","hermit:Spite+1","hermit:Headshot"],"picked":"SKIP","floor":41.0},{"not_picked":["hermit:CursedWeapon","hermit:FullyLoaded","hermit:FlashPowder"],"picked":"SKIP","floor":44.0},{"not_picked":["hermit:ItchyTrigger","hermit:Determination","hermit:BigShot"],"picked":"SKIP","floor":45.0},{"not_picked":["hermit:DeadMansHand+1","hermit:PistolWhip","hermit:HighCaliber+1"],"picked":"SKIP","floor":46.0}],"player_experience":494564,"relics_obtained":[{"floor":6.0,"key":"Mango"},{"floor":9.0,"key":"Dead Branch"},{"floor":23.0,"key":"Sundial"},{"floor":26.0,"key":"Bag of Marbles"},{"floor":43.0,"key":"StrikeDummy"},{"floor":45.0,"key":"Whetstone"}],"event_choices":[{"damage_healed":0.0,"max_hp_gain":0.0,"max_hp_loss":0.0,"gold_gain":175.0,"event_name":"Liars Game","player_choice":"AGREE","floor":7.0,"gold_loss":0.0,"damage_taken":0.0,"cards_obtained":["Doubt"]},{"cards_removed":["hermit:Strike_Hermit"],"damage_healed":0.0,"max_hp_gain":0.0,"max_hp_loss":0.0,"gold_gain":0.0,"event_name":"The Cleric","player_choice":"Card Removal","floor":12.0,"gold_loss":50.0,"damage_taken":0.0},{"cards_removed":["hermit:Strike_Hermit"],"damage_healed":0.0,"max_hp_gain":0.0,"max_hp_loss":0.0,"gold_gain":0.0,"event_name":"Back to Basics","player_choice":"Elegance","floor":20.0,"gold_loss":0.0,"damage_taken":0.0},{"damage_healed":0.0,"max_hp_gain":0.0,"max_hp_loss":0.0,"gold_gain":0.0,"event_name":"Designer","player_choice":"Upgrade","floor":29.0,"gold_loss":40.0,"damage_taken":0.0,"cards_upgraded":["hermit:TakeAim"]},{"cards_removed":["hermit:Reprieve"],"damage_healed":26.0,"max_hp_gain":10.0,"max_hp_loss":0.0,"gold_gain":0.0,"event_name":"Bonfire Elementals","player_choice":"Offered Rare","floor":36.0,"gold_loss":0.0,"damage_taken":0.0},{"damage_healed":0.0,"max_hp_gain":0.0,"max_hp_loss":0.0,"gold_gain":0.0,"event_name":"Tomb of Lord Red Mask","player_choice":"Ignored","floor":38.0,"gold_loss":0.0,"damage_taken":0.0},{"damage_healed":0.0,"max_hp_gain":0.0,"max_hp_loss":0.0,"gold_gain":0.0,"event_name":"Accursed Blacksmith","player_choice":"Forge","floor":39.0,"gold_loss":0.0,"damage_taken":0.0,"cards_upgraded":["hermit:Adapt"]},{"damage_healed":0.0,"max_hp_gain":0.0,"max_hp_loss":0.0,"gold_gain":0.0,"event_name":"WeMeetAgain","player_choice":"Paid Gold","floor":47.0,"gold_loss":137.0,"damage_taken":0.0,"relics_obtained":["Toxic Egg 2"]}],"is_beta":false,"boss_relics":[{"not_picked":["Coffee Dripper","Tiny House"],"picked":"SacredBark"},{"not_picked":["Empty Cage","Snecko Eye"],"picked":"Runic Pyramid"}],"items_purged_floors":[4,25],"is_endless":false,"potions_floor_spawned":[1,6,13,16,18,19,21,27,31,37,44],"ascension_level":0}}