{"host":"zjc1tzo4ovig5lll","time":1613143098,"event":{"mods":["AchievementEnabler","Aspiration","BaseMod","Beaked The Cultist","Better Altar","Better Match","Better Note","Better Sensory Stone","Colored Map","Colored Powertips","Conspire","Energized Spire","Friendly Minions","GifTheSpireLib","Halation","Hermit","Hubris","Minty Spire (QoL Compilation)","Rare Cards Sparkle","Reliquary","Replay The Spire","StSLib","The Blue Laboratory","The Bug Knight","The Construct","The Jungle","everything is the same but u backflip on backflip"],"gold_per_floor":[115,10,24,40,40,51,85,85,85,85,85,85],"floor_reached":11,"language":"ENG","playtime":607,"items_purged":[],"score":88,"play_id":"68b55b0a-77d6-4618-976a-19477e86f0f1","local_time":"20210212171818","is_ascension_mode":true,"campfire_choices":[{"floor":8,"key":"REST"},{"floor":10,"key":"REST"}],"circlet_count":0,"master_deck":["Strike_R","Strike_R","Strike_R","Strike_R","Defend_R","Defend_R","Defend_R","Defend_R","Bash","Warcry","Havoc","Dark Embrace","Shrug It Off","Evolve","Pain"],"relics":["Burning Blood","WarpedTongs","reliquary:QuartzCube"],"acts_visited":["Exordium"],"potions_floor_usage":[7],"damage_taken":[{"damage":4.0,"enemies":"2 Louse","floor":1.0,"turns":3.0},{"damage":11,"enemies":"Cultist","floor":3,"turns":4},{"damage":3,"enemies":"Small Slimes","floor":4,"turns":4},{"damage":18,"enemies":"Looter","floor":6,"turns":4},{"damage":51,"enemies":"Lagavulin","floor":7,"turns":9},{"damage":78,"enemies":"Gremlin Nob","floor":11,"turns":5}],"seed_played":"7457825992795730425","potions_obtained":[{"floor":1.0,"key":"Explosive Potion"}],"is_trial":false,"path_per_floor":["M","$","M","M","?","M","E","R","T","R","E"],"character_chosen":"IRONCLAD","items_purchased":["Havoc","Dark Embrace"],"campfire_rested":2,"item_purchase_floors":[2,2],"current_hp_per_floor":[80,80,75,78,78,66,21,45,45,69,0,0],"gold":85,"neow_bonus":"REMOVE_CARD","is_daily":false,"chose_seed":false,"campfire_upgraded":0,"win_rate":0.0,"timestamp":1613143098,"path_taken":["M","$","M","M","?","M","E","R","T","R","E"],"items_purchased_type":["Card","Card"],"build_version":"2020-12-22","purchased_purges":0,"victory":false,"max_hp_per_floor":[80,80,80,80,80,80,80,80,80,80,80,80],"card_choices":[{"not_picked":["Heavy Blade","Twin Strike"],"picked":"Warcry","floor":1.0},{"not_picked":["Entrench","Infernal Blade"],"picked":"Shrug It Off","floor":3},{"not_picked":["Clothesline","Anger"],"picked":"Evolve","floor":4},{"not_picked":["Sword Boomerang","Hemokinesis","Defy Death"],"picked":"SKIP","floor":6},{"not_picked":["conspire:Charge","Wild Strike","Twin Strike"],"picked":"SKIP","floor":7}],"player_experience":720032,"relics_obtained":[{"floor":9,"key":"reliquary:QuartzCube"}],"event_choices":[{"damage_healed":0,"gold_gain":0,"player_choice":"Rummage","damage_taken":0,"relics_obtained":["WarpedTongs"],"max_hp_gain":0,"max_hp_loss":0,"event_name":"Accursed Blacksmith","floor":5,"gold_loss":0,"cards_obtained":["Pain"]}],"is_beta":false,"boss_relics":[],"items_purged_floors":[],"is_endless":false,"potions_floor_spawned":[1],"killed_by":"Gremlin Nob","ascension_level":4}}