{"host":"oy4pyvr762z5n0bb","time":1613111971,"event":{"mods":["AchievementEnabler","BaseMod","Colored Map","Colored Powertips","Googly Eyes","Key Reminder","Minty Spire (QoL Compilation)","Quick Restart","Relic Sorter","Slay the Relics Exporter","StSLib","SuperFastMode","Unceasing Turn Reminder","slay the spire mod where everything is the same but ironclad has a cowboy hat"],"gold_per_floor":[115,115,126,201,211,211,54,54,124,74,74,87,104,124,124,226,226,241,251,251,22,42,42,42,42],"floor_reached":24,"language":"ENG","playtime":572,"items_purged":["Strike_R"],"score":188,"play_id":"6ac86154-1fa8-40db-96e4-9e4da0d19dbb","local_time":"20210211223931","is_ascension_mode":false,"campfire_choices":[{"data":"Bash","floor":6,"key":"SMITH"},{"data":"Pommel Strike","floor":11,"key":"SMITH"},{"floor":15,"key":"REST"},{"floor":23,"key":"REST"}],"circlet_count":0,"master_deck":["Strike_R","Strike_R","Strike_R","Strike_R","Defend_R+1","Defend_R","Defend_R","Defend_R","Bash+1","Perfected Strike","True Grit","Pommel Strike+1","Headbutt","Leg Sweep","Undo","DevaForm","LessonLearned","Concentrate+1"],"relics":["Burning Blood","Champion Belt","PrismaticShard","Vajra","Matryoshka","Black Star","Boot","Self Forming Clay","Frozen Eye"],"acts_visited":["Exordium","TheCity"],"potions_floor_usage":[22,24],"damage_taken":[{"damage":0,"enemies":"Small Slimes","floor":1,"turns":5},{"damage":11,"enemies":"2 Louse","floor":3,"turns":2},{"damage":6,"enemies":"Jaw Worm","floor":5,"turns":3},{"damage":5,"enemies":"3 Louse","floor":12,"turns":2},{"damage":1,"enemies":"Red Slaver","floor":13,"turns":3},{"damage":26,"enemies":"Exordium Thugs","floor":14,"turns":6},{"damage":21,"enemies":"The Guardian","floor":16,"turns":11},{"damage":18,"enemies":"Shell Parasite","floor":18,"turns":9},{"damage":32,"enemies":"Spheric Guardian","floor":19,"turns":7},{"damage":31,"enemies":"Snecko","floor":22,"turns":8},{"damage":65,"enemies":"Gremlin Leader","floor":24,"turns":4}],"seed_played":"-6354889375561803183","potions_obtained":[{"floor":5,"key":"SneckoOil"},{"floor":14,"key":"BloodPotion"},{"floor":18,"key":"Ancient Potion"},{"floor":22,"key":"Fire Potion"}],"is_trial":false,"path_per_floor":["M","?","M","?","M","R","$","?","T","$","R","M","M","M","R","B",null,"M","M","T","$","M","R","E"],"character_chosen":"IRONCLAD","items_purchased":["PrismaticShard","Headbutt","Frozen Eye"],"campfire_rested":2,"item_purchase_floors":[7,10,21],"current_hp_per_floor":[80,73,68,57,57,57,57,57,57,57,57,58,63,43,67,52,80,68,42,42,42,33,57,0,0],"gold":42,"neow_bonus":"ONE_RARE_RELIC","is_daily":false,"chose_seed":false,"campfire_upgraded":2,"win_rate":0.0,"timestamp":1613111971,"path_taken":["M","?","M","?","M","R","?","?","T","$","R","M","M","M","R","BOSS","M","M","?","$","?","R","E"],"items_purchased_type":["Relic","Card","Relic"],"build_version":"2020-12-22","purchased_purges":1,"victory":false,"max_hp_per_floor":[80,80,80,80,80,80,80,80,80,80,80,80,80,80,80,80,80,80,80,80,80,80,80,80,80],"card_choices":[{"not_picked":["True Grit","Warcry"],"picked":"Perfected Strike","floor":1},{"not_picked":["Second Wind","Anger"],"picked":"True Grit","floor":3},{"not_picked":["Shrug It Off","Perfected Strike"],"picked":"Pommel Strike","floor":5},{"not_picked":["EmptyBody","Stack"],"picked":"Leg Sweep","floor":12},{"not_picked":["Searing Blow","Rage"],"picked":"Undo","floor":13},{"not_picked":["FollowUp","Sweeping Beam"],"picked":"DevaForm","floor":14},{"not_picked":["Bullet Time","Venomology"],"picked":"LessonLearned","floor":16},{"not_picked":["FlyingSleeves","Outmaneuver+1"],"picked":"Concentrate+1","floor":18},{"not_picked":["Blizzard","Rampage","Streamline"],"picked":"SKIP","floor":19},{"not_picked":["Iron Wave","TalkToTheHand+1","Scrape"],"picked":"SKIP","floor":22}],"player_experience":640404,"relics_obtained":[{"floor":8,"key":"Vajra"},{"floor":9,"key":"Matryoshka"},{"floor":20,"key":"Boot"},{"floor":20,"key":"Self Forming Clay"}],"event_choices":[{"cards_removed":["Doubt"],"damage_healed":0,"gold_gain":0,"player_choice":"Card Removal","damage_taken":7,"max_hp_gain":0,"max_hp_loss":0,"event_name":"Golden Wing","floor":2,"gold_loss":0},{"damage_healed":0,"gold_gain":75,"player_choice":"Gather Gold","damage_taken":11,"max_hp_gain":0,"max_hp_loss":0,"event_name":"World of Goop","floor":4,"gold_loss":0},{"damage_healed":0,"gold_gain":0,"player_choice":"Relic","damage_taken":0,"max_hp_gain":0,"max_hp_loss":0,"event_name":"Wheel of Change","floor":8,"gold_loss":0}],"is_beta":false,"boss_relics":[{"not_picked":["SlaversCollar","Philosopher\u0027s Stone"],"picked":"Black Star"}],"items_purged_floors":[21],"is_endless":false,"potions_floor_spawned":[5,14,18,22],"killed_by":"Gremlin Leader","ascension_level":0}}