{"host":"za1qviwhp34x909e","time":1613169423,"event":{"mods":["BaseMod","Colored Map","Colored Powertips","Highlight Path","Koishi","Marisa????????","Minty Spire (QoL Compilation)","Quick Restart","Reimu??????","Remilia??????","StSLib","The Bug Knight","The Servant 0.9.4","Youmu??????"],"gold_per_floor":[118,132,132,132,132,171,31,46,99,142,142,160,160,180,180,304,304,317,333,349,372,390,390,433,358,358,396,420,434,452,472,472,595,595,615,447,463,477,493,493,527,586,609,609,609],"floor_reached":44,"language":"ENG","playtime":3846,"items_purged":["Exchange"],"score":646,"play_id":"c767ee5c-6122-4346-ba5d-76886bdf2a10","local_time":"20210212163703","is_ascension_mode":false,"campfire_choices":[{"data":"InstantArmor","floor":13,"key":"SMITH"},{"data":"FastForward","floor":15,"key":"SMITH"},{"data":"SilverBlades","floor":23,"key":"SMITH"},{"data":"LightFlow","floor":32,"key":"SMITH"},{"data":"LightFlow","floor":40,"key":"SMITH"}],"circlet_count":0,"master_deck":["Strike_S+1","Defend_S","Defend_S","Defend_S","Defend_S","KidneyShot","Moonlight+1","ShatteredReality","Read","FastForward+1","SilverBlades+1","SoulSculpture","InstantArmor+1","MurderousAura","SurpressingFire","FastForward","LightFlow+1","BottledTime+1","Comet","ReturningBlade","Alleviate","DualDimension+1","Contraction+1","GearUp+1","Ricochet","Starlight","Barrier+1","LightFlow+1","Revamp+1","Luminosity","Comet","BottledTime+1","ShiftingGears+1","DoubleEdge+1","LightFlow"],"relics":["SplendidAttire","NeowsBlessing","Golden Idol","Happy Flower","Smiling Mask","Akabeko","Runic Pyramid","Toxic Egg 2","Meat on the Bone","Eternal Feather","Unceasing Top","StoneCalendar"],"acts_visited":["Exordium","TheCity","TheBeyond"],"potions_floor_usage":[16,24,33,33,38,42,44,44],"damage_taken":[{"damage":0,"enemies":"2 Louse","floor":1,"turns":1},{"damage":0,"enemies":"Jaw Worm","floor":2,"turns":1},{"damage":0,"enemies":"3 Sentries","floor":6,"turns":1},{"damage":0,"enemies":"Small Slimes","floor":8,"turns":2},{"damage":0,"enemies":"HollowMod:MossKnight","floor":10,"turns":3},{"damage":0,"enemies":"Looter","floor":12,"turns":1},{"damage":0,"enemies":"Gremlin Gang","floor":14,"turns":4},{"damage":0,"enemies":"Hexaghost","floor":16,"turns":8},{"damage":0,"enemies":"3 Byrds","floor":18,"turns":5},{"damage":0,"enemies":"Chosen","floor":19,"turns":4},{"damage":8,"enemies":"Centurion and Healer","floor":20,"turns":4},{"damage":0,"enemies":"Cultist and Chosen","floor":21,"turns":6},{"damage":6,"enemies":"Shelled Parasite and Fungi","floor":22,"turns":5},{"damage":11,"enemies":"HollowMod:Nosk","floor":24,"turns":3},{"damage":11,"enemies":"Slavers","floor":27,"turns":6},{"damage":0,"enemies":"Snecko","floor":28,"turns":5},{"damage":0,"enemies":"3 Cultists","floor":29,"turns":5},{"damage":6,"enemies":"Snake Plant","floor":30,"turns":1},{"damage":0,"enemies":"Centurion and Healer","floor":31,"turns":4},{"damage":14,"enemies":"Champ","floor":33,"turns":12},{"damage":6,"enemies":"3 Darklings","floor":35,"turns":4},{"damage":11,"enemies":"3 Shapes","floor":37,"turns":4},{"damage":5,"enemies":"Spire Growth","floor":38,"turns":4},{"damage":26,"enemies":"3 Darklings","floor":39,"turns":9},{"damage":0,"enemies":"HollowMod:StalkingDevout","floor":41,"turns":6},{"damage":11,"enemies":"2 Orb Walkers","floor":42,"turns":5},{"damage":49,"enemies":"Reptomancer","floor":44,"turns":2}],"seed_played":"4512309571161293213","potions_obtained":[{"floor":1,"key":"SmokeBomb"},{"floor":10,"key":"DistilledChaos"},{"floor":12,"key":"ColorlessPotion"},{"floor":18,"key":"EssenceOfSteel"},{"floor":20,"key":"GrandPatriotsElixir:ReiMu"},{"floor":27,"key":"BlessingOfTheForge"},{"floor":33,"key":"DistilledChaos"},{"floor":37,"key":"Dexterity Potion"},{"floor":41,"key":"SkillPotion"},{"floor":42,"key":"Dexterity Potion"}],"is_trial":false,"path_per_floor":["M","M","?","?","?","E","$","M","T","E","?","M","R","M","R","B",null,"M","M","M","M","M","R","E","?","T","E","M","M","M","M","R","B",null,"M","$","M","M","M","R","E","?","T","E"],"character_chosen":"THE_SERVANT","items_purchased":["SilverBlades","SoulSculpture","Luminosity","Comet"],"campfire_rested":0,"item_purchase_floors":[7,7,36,36],"current_hp_per_floor":[65,65,65,52,52,52,52,52,52,52,52,52,52,52,52,52,60,60,60,52,52,46,46,35,35,35,36,36,36,42,42,57,43,60,54,54,43,38,24,42,42,31,31,0,0],"gold":609,"neow_bonus":"THREE_ENEMY_KILL","is_daily":false,"chose_seed":false,"campfire_upgraded":5,"win_rate":0.0,"timestamp":1613169423,"path_taken":["M","M","?","?","?","E","$","M","T","E","?","?","R","M","R","BOSS","M","M","?","M","M","R","E","?","T","E","M","M","M","M","R","BOSS","M","$","M","M","M","R","E","?","T","E"],"items_purchased_type":["Card","Card","Card","Card"],"build_version":"2020-12-22","purchased_purges":1,"victory":false,"max_hp_per_floor":[65,65,65,65,60,60,60,60,60,60,60,60,60,60,60,60,60,60,60,60,60,60,60,60,60,60,60,60,60,60,60,60,60,60,60,60,60,60,60,60,60,60,60,60,60],"card_choices":[{"not_picked":["Starlight","Replace"],"picked":"Moonlight","floor":1},{"not_picked":["Luminosity","Replace"],"picked":"ShatteredReality","floor":2},{"not_picked":["Rewind","TimeWarp"],"picked":"FastForward","floor":6},{"not_picked":["TimeWarp","Potential"],"picked":"InstantArmor","floor":8},{"not_picked":["Rewind","Hightail"],"picked":"MurderousAura","floor":10},{"not_picked":["Revamp","Alleviate"],"picked":"SurpressingFire","floor":12},{"not_picked":["Rewind","Unruled"],"picked":"FastForward","floor":14},{"not_picked":["Dilation","Deny"],"picked":"LightFlow","floor":16},{"not_picked":["FastForward","Misdirection"],"picked":"BottledTime+1","floor":18},{"not_picked":["Alleviate","Rewind+1","Unruled"],"picked":"SKIP","floor":19},{"not_picked":["Hightail","TimeWarp+1"],"picked":"Comet","floor":20},{"not_picked":["Unruled+1","DualDimension"],"picked":"ReturningBlade","floor":21},{"not_picked":["Potential+1","Replace"],"picked":"Alleviate","floor":22},{"not_picked":["BestPractice","RealityMarble+1"],"picked":"DualDimension+1","floor":24},{"not_picked":["TimeWarp","ForgedInTime+1"],"picked":"Contraction+1","floor":27},{"not_picked":["Starlight","TimeWarp"],"picked":"GearUp+1","floor":28},{"not_picked":["Hightail+1","Rearm+1"],"picked":"Ricochet","floor":29},{"not_picked":["ShatteredReality","Misdirection+1"],"picked":"Starlight","floor":30},{"not_picked":["Rewind+1","Unruled"],"picked":"Barrier+1","floor":31},{"not_picked":["Initiator","Deny+1"],"picked":"LightFlow","floor":33},{"not_picked":["FastForward+1","Barrier+1"],"picked":"Revamp+1","floor":35},{"not_picked":["Revamp+1","GearUp+1"],"picked":"BottledTime+1","floor":37},{"not_picked":["Reset+1","Misdirection+1"],"picked":"ShiftingGears+1","floor":38},{"not_picked":["Unruled","Rearm+1"],"picked":"DoubleEdge+1","floor":39},{"not_picked":["Contraction+1","ShiftingGears+1"],"picked":"LightFlow","floor":41}],"player_experience":675087,"relics_obtained":[{"floor":6,"key":"Happy Flower"},{"floor":9,"key":"Smiling Mask"},{"floor":10,"key":"Akabeko"},{"floor":24,"key":"Toxic Egg 2"},{"floor":26,"key":"Meat on the Bone"},{"floor":27,"key":"Eternal Feather"},{"floor":41,"key":"Unceasing Top"},{"floor":42,"key":"StoneCalendar"}],"event_choices":[{"damage_healed":0,"gold_gain":0,"cards_transformed":["Strike_S"],"player_choice":"Change","damage_taken":0,"max_hp_gain":0,"max_hp_loss":0,"event_name":"Living Wall","floor":3,"gold_loss":0,"cards_obtained":["Read"]},{"damage_healed":0,"gold_gain":0,"player_choice":"Entered Light","damage_taken":13,"max_hp_gain":0,"max_hp_loss":0,"event_name":"Shining Light","floor":4,"gold_loss":0,"cards_upgraded":["Strike_S","Moonlight"]},{"damage_healed":0,"gold_gain":0,"player_choice":"Lose Max HP","damage_taken":0,"relics_obtained":["Golden Idol"],"max_hp_gain":0,"max_hp_loss":5,"event_name":"Golden Idol","floor":5,"gold_loss":0},{"cards_removed":["Strike_S"],"damage_healed":0,"gold_gain":0,"player_choice":"Purged","damage_taken":0,"max_hp_gain":0,"max_hp_loss":0,"event_name":"Purifier","floor":11,"gold_loss":0},{"cards_removed":["Strike_S"],"damage_healed":0,"gold_gain":0,"player_choice":"Gave Gold","damage_taken":0,"max_hp_gain":0,"max_hp_loss":0,"event_name":"Beggar","floor":25,"gold_loss":75},{"damage_healed":0,"gold_gain":0,"player_choice":"Fight","damage_taken":0,"max_hp_gain":0,"max_hp_loss":0,"event_name":"Mysterious Sphere","floor":42,"gold_loss":0}],"is_beta":false,"boss_relics":[{"not_picked":["Philosopher\u0027s Stone","Ectoplasm"],"picked":"Runic Pyramid"},{"not_picked":["Snecko Eye","Empty Cage"],"picked":"SplendidAttire"}],"items_purged_floors":[36],"is_endless":false,"potions_floor_spawned":[1,10,12,18,20,22,27,33,37,41,42],"killed_by":"Reptomancer","ascension_level":0}}