{"host":"27c7lqff1bu0ydoz","time":1613106290,"event":{"mods":["AchievementEnabler","Act Like it!","Aspiration","BaseMod","Bestiary","Better Third Choice","Block Reminder","CapriCore","Colored Powertips","Conspire","Energized Spire","Friendly Minions","Gensokyo","GifTheSpireLib","Hermit","Highlight Path","Hubris","Infinite Spire","Koishi","Marisa????????","Minty Spire (QoL Compilation)","Rare Cards Sparkle","Reimu??????","Reliquary","Remilia??????","Replay The Spire","StSLib","The Immortal","The Servant 0.9.4","Wandering Minibosses","Yakumo Yukari mod","Yuyuko","yUi"],"gold_per_floor":[212,222,222,147,157,157,169,169,193,223,242,242,254,97,97,193,193,211,211,221,416,206,206,216,216,268,301,318,318,334,334,334,334,334],"floor_reached":33,"language":"ENG","playtime":2514,"items_purged":["hermit:Strike_Hermit"],"score":267,"play_id":"8ad4737e-190e-41e9-a42f-f7b4d3080913","local_time":"20210212060449","is_ascension_mode":false,"campfire_choices":[{"data":"hermit:Maintenance","floor":6,"key":"SMITH"},{"data":"hermit:Quickdraw","floor":8,"key":"SMITH"},{"data":"hermit:Vantage","floor":12,"key":"SMITH"},{"data":"hermit:FullyLoaded","floor":15,"key":"SMITH"},{"data":"hermit:Covet","floor":23,"key":"SMITH"},{"floor":25,"key":"REST"},{"floor":32,"key":"REST"}],"circlet_count":0,"master_deck":["hermit:Strike_Hermit","hermit:Strike_Hermit","hermit:Strike_Hermit","hermit:Defend_Hermit","hermit:Defend_Hermit","hermit:Defend_Hermit","hermit:Defend_Hermit","hermit:Snapshot","hermit:Covet+1","hermit:Misfire","hermit:ShadowCloak+1","hermit:Maintenance+1","hermit:Quickdraw+1","hermit:Vantage+1","hermit:FullyLoaded+1","hermit:LoneWolf","hermit:RoundhouseKick","hermit:Shortfuse+1","hermit:Misfire+1","hermit:Horror","hermit:BigShot+1","hermit:Glare","Pot Of Greed","Pot Of Greed","hermit:Vantage","hermit:TakeCover","Pot Of Greed","hermit:Deadeye"],"relics":["hermit:Momento","Mastiff:ReiMu","Thread and Needle","reliquary:RoseTintedGlasses","Replay:Grab Bag","energizedSpire:NeverEndingSparkler","conspire:SlowCooker","SlaversCollar","hubris:Icosahedron","TentaclePot:ReiMu","Blue Doll","Grinning Jar","Replay:Blank Codex"],"acts_visited":["Exordium","TheCity"],"potions_floor_usage":[13,16,24,27,30,33,33],"damage_taken":[{"damage":0,"enemies":"2 Louse","floor":1,"turns":2},{"damage":6,"enemies":"Cultist","floor":2,"turns":3},{"damage":2,"enemies":"conspire:RoseBush","floor":5,"turns":2},{"damage":4,"enemies":"Blue Slaver","floor":7,"turns":4},{"damage":3,"enemies":"3 Sentries","floor":10,"turns":9},{"damage":0,"enemies":"Looter","floor":11,"turns":3},{"damage":1,"enemies":"Exordium Wildlife","floor":13,"turns":5},{"damage":30,"enemies":"Fading Forest","floor":16,"turns":11},{"damage":3,"enemies":"Spheric Guardian","floor":18,"turns":5},{"damage":13,"enemies":"2 Thieves","floor":20,"turns":6},{"damage":26,"enemies":"Shelled Parasite and Fungi","floor":24,"turns":5},{"damage":19,"enemies":"conspire:SneckoGhost","floor":27,"turns":5},{"damage":15,"enemies":"Centurion and Healer","floor":28,"turns":5},{"damage":6,"enemies":"3 Cultists","floor":30,"turns":5},{"damage":34,"enemies":"Collector","floor":33,"turns":8}],"seed_played":"4460367387355488259","potions_obtained":[{"floor":2,"key":"hermit:Tonic"},{"floor":5,"key":"hermit:Tonic"},{"floor":11,"key":"BlessingOfTheForge"},{"floor":16,"key":"SkillPotion"},{"floor":20,"key":"PowerPotion"},{"floor":24,"key":"Toxic Potion"},{"floor":28,"key":"conspire:TimeTravelPotion"}],"is_trial":false,"path_per_floor":["M","M","?","$","M","R","M","R","T","E","M","R","M","$","R","B",null,"M","?","M","?","$","R","M","R","T","E","M","?","M","?","R","B"],"character_chosen":"HERMIT","items_purchased":["reliquary:RoseTintedGlasses","TentaclePot:ReiMu","hermit:BigShot+1"],"campfire_rested":2,"item_purchase_floors":[14,22,22],"current_hp_per_floor":[75,69,69,69,67,67,63,63,63,60,60,60,59,59,59,39,75,72,72,59,59,59,59,33,55,55,36,21,5,3,3,25,0,0],"gold":334,"neow_bonus":"HUNDRED_GOLD","is_daily":false,"chose_seed":false,"campfire_upgraded":5,"win_rate":0.0,"timestamp":1613106289,"path_taken":["M","M","?","$","M","R","M","R","T","E","M","R","M","$","R","BOSS","M","?","M","?","$","R","M","R","T","E","M","?","M","?","R","BOSS"],"items_purchased_type":["Relic","Relic","Card"],"build_version":"2020-12-22","purchased_purges":1,"victory":false,"max_hp_per_floor":[75,75,75,75,75,75,75,75,75,75,75,75,75,75,75,75,75,75,75,75,75,75,75,75,75,75,75,75,75,75,75,75,75,75],"card_choices":[{"not_picked":["hermit:CalledShot","hermit:SprayPray"],"picked":"hermit:Misfire","floor":1},{"not_picked":["hermit:PistolWhip","hermit:NoHoldsBarred"],"picked":"hermit:ShadowCloak","floor":2},{"not_picked":["hermit:Enervate","hermit:Ricochet"],"picked":"hermit:Maintenance","floor":5},{"not_picked":["hermit:Roulette","hermit:Ricochet"],"picked":"hermit:Quickdraw","floor":7},{"not_picked":["hermit:Headshot","hermit:Quickdraw"],"picked":"hermit:Vantage","floor":10},{"not_picked":["hermit:SprayPray","hermit:Maintenance"],"picked":"hermit:FullyLoaded","floor":11},{"not_picked":["hermit:ItchyTrigger","hermit:NoHoldsBarred"],"picked":"hermit:LoneWolf","floor":13},{"not_picked":["hermit:FinalCanter","hermit:Magnum"],"picked":"hermit:RoundhouseKick","floor":16},{"not_picked":["hermit:LowProfile","hermit:CursedWeapon+1"],"picked":"hermit:Shortfuse+1","floor":18},{"not_picked":["hermit:HoleUp","hermit:SprayPray"],"picked":"hermit:Misfire+1","floor":20},{"not_picked":["hermit:LoneWolf+1","hermit:Snipe+1"],"picked":"hermit:Horror","floor":21},{"not_picked":["hermit:BigShot","hermit:Horror"],"picked":"hermit:Glare","floor":24},{"not_picked":["hermit:Roulette","hermit:Horror"],"picked":"hermit:Vantage","floor":27},{"not_picked":["hermit:Enervate","hermit:WideOpen"],"picked":"hermit:TakeCover","floor":28},{"not_picked":["hermit:LuckOfTheDraw+1","hermit:Brawl"],"picked":"hermit:Deadeye","floor":30}],"player_experience":315217,"relics_obtained":[{"floor":9,"key":"Mastiff:ReiMu"},{"floor":10,"key":"Thread and Needle"},{"floor":26,"key":"Blue Doll"},{"floor":27,"key":"Grinning Jar"},{"floor":29,"key":"Replay:Blank Codex"}],"event_choices":[{"damage_healed":0,"gold_gain":0,"player_choice":"Upgraded","damage_taken":0,"max_hp_gain":0,"max_hp_loss":0,"event_name":"Upgrade Shrine","floor":3,"gold_loss":0,"cards_upgraded":["hermit:ShadowCloak"]},{"damage_healed":0,"gold_gain":0,"player_choice":"Obtained Book","damage_taken":16,"max_hp_gain":0,"max_hp_loss":0,"event_name":"Cursed Tome","floor":29,"gold_loss":0},{"damage_healed":0,"gold_gain":0,"player_choice":"Ignored","damage_taken":0,"max_hp_gain":0,"max_hp_loss":0,"event_name":"Vampires","floor":31,"gold_loss":0}],"is_beta":false,"boss_relics":[{"not_picked":["hermit:ClaspedLocket","Runic Dome"],"picked":"Replay:Grab Bag"},{"not_picked":["hubris:GrandSneckoEye","energizedSpire:SpiderWeb"],"picked":"energizedSpire:NeverEndingSparkler"},{"not_picked":["reliquary:Ember","hubris:RunicObelisk"],"picked":"conspire:SlowCooker"},{"not_picked":["hubris:HollowSoul","hubris:Backtick"],"picked":"SlaversCollar"}],"items_purged_floors":[4],"is_endless":false,"potions_floor_spawned":[2,5,11,16,20,24,28],"killed_by":"Collector","ascension_level":0}}