{"host":"cb9xh4d0ss8ax8yb","time":1613098086,"event":{"mods":["100% Spire Juice","BaseMod","Good Game Mod","Jess\u0027s Bottle","Minty Spire (QoL Compilation)","StSLib","The Cursed","The Dragon Tamer","The Gatherer"],"gold_per_floor":[117,117,117,133,150,176,191,216,216,244,244,264,13,40,40,136,136,136,152,152,165,175,210,210,33,33,58,58,58,78,78,78,176,176,186,239,239,257,307,307,320,320,320,40,0,33,33,60,60,60,60,60,2,30,30],"floor_reached":56,"language":"KOR","playtime":4426,"items_purged":["TheCursedMod:Strike_TheCursed"],"score":1539,"play_id":"81f45298-37da-4594-9b15-c55145b3d0f9","local_time":"20210212114806","is_ascension_mode":true,"campfire_choices":[{"data":"TheCursedMod:Hemoplague","floor":11,"key":"SMITH"},{"data":"TheCursedMod:SpitefulPray","floor":15,"key":"SMITH"},{"data":"TheCursedMod:CleanUpWorkshop","floor":24,"key":"SMITH"},{"floor":32,"key":"RECALL"},{"floor":40,"key":"REST"},{"floor":42,"key":"REST"},{"floor":49,"key":"REST"},{"floor":52,"key":"REST"}],"circlet_count":0,"master_deck":["TheCursedMod:Strike_TheCursed+1","TheCursedMod:Strike_TheCursed","TheCursedMod:Strike_TheCursed","TheCursedMod:Defend_TheCursed+1","TheCursedMod:Defend_TheCursed","TheCursedMod:Defend_TheCursed","TheCursedMod:CursedWand+1","TheCursedMod:CleanUpWorkshop+1","Moonworks:WindyEnchantment","TheCursedMod:HellsGateOpen+1","TheCursedMod:SpitefulPray+1","TheCursedMod:CircleOfCorruption+1","TheCursedMod:ForbiddenAlchemy+1","TheCursedMod:Hemoplague+1","TheCursedMod:ReleasedStrength+1","TheCursedMod:Neurasthenia+1","TheCursedMod:CircleOfFlame+1","TheCursedMod:SoulReap+1","TheCursedMod:NeowsMight+1","TheCursedMod:WearCloak+1","TheCursedMod:StingEye+1","TheCursedMod:LuckyCharm","TheCursedMod:SpitefulPlan","TheCursedMod:CursedStaff+1"],"relics":["TheCursedMod:BlackMagic101","REME:ComplimentaryCards","Anchor","Singing Bowl","Toxic Egg 2","The Courier","Meat on the Bone","Bag of Preparation","Bag of Marbles","Sling","Whetstone","Busted Crown","Enchiridion","War Paint","TheCursedMod:Tack","Bottled Flame","Pen Nib","Fusion Hammer","FossilizedHelix","Du-Vu Doll","Membership Card","TheCursedMod:BloodyHarpoon","Happy Flower","Red Mask","Smiling Mask","Unceasing Top","Toy Ornithopter","Vajra"],"acts_visited":["Exordium","TheCity","TheBeyond","TheEnding"],"potions_floor_usage":[6,7,7,7,8,8,8,8,10,10,10,16,16,16,16,18,19,21,21,21,21,21,22,22,22,22,22,23,23,23,23,23,23,27,27,27,27,27,27,30,33,33,33,33,33,33,33,33,36,36,39,39,39,39,39,39,41,46,46,46,46,46,48,48,48,48,50,50,50,50,50,50,50,50,50,50,50,50,55,55,55,55,55,55,55,55],"damage_taken":[{"damage":0,"enemies":"2 Louse","floor":1,"turns":3},{"damage":1,"enemies":"Cultist","floor":4,"turns":3},{"damage":0,"enemies":"Jaw Worm","floor":5,"turns":4},{"damage":1,"enemies":"3 Sentries","floor":6,"turns":6},{"damage":0,"enemies":"3 Louse","floor":7,"turns":3},{"damage":16,"enemies":"Gremlin Nob","floor":8,"turns":4},{"damage":0,"enemies":"Lagavulin","floor":10,"turns":3},{"damage":0,"enemies":"Looter","floor":12,"turns":3},{"damage":17,"enemies":"The Guardian","floor":16,"turns":8},{"damage":0,"enemies":"Shell Parasite","floor":18,"turns":2},{"damage":0,"enemies":"Chosen","floor":19,"turns":4},{"damage":0,"enemies":"Snake Plant","floor":21,"turns":3},{"damage":0,"enemies":"Snecko","floor":22,"turns":3},{"damage":32,"enemies":"Book of Stabbing","floor":23,"turns":5},{"damage":0,"enemies":"Gremlin Leader","floor":27,"turns":2},{"damage":0,"enemies":"Cultist and Chosen","floor":30,"turns":3},{"damage":48,"enemies":"Champ","floor":33,"turns":6},{"damage":0,"enemies":"Orb Walker","floor":35,"turns":1},{"damage":3,"enemies":"2 Orb Walkers","floor":36,"turns":3},{"damage":0,"enemies":"3 Darklings","floor":38,"turns":3},{"damage":30,"enemies":"Mind Bloom Boss Battle","floor":39,"turns":5},{"damage":0,"enemies":"Sphere and 2 Shapes","floor":41,"turns":3},{"damage":1,"enemies":"Nemesis","floor":46,"turns":5},{"damage":0,"enemies":"Giant Head","floor":48,"turns":5},{"damage":3,"enemies":"Awakened One","floor":50,"turns":7},{"damage":4,"enemies":"Shield and Spear","floor":54,"turns":6},{"damage":62,"enemies":"The Heart","floor":55,"turns":7}],"seed_played":"-3945777948409342968","potions_obtained":[{"floor":1,"key":"AttackPotion"},{"floor":5,"key":"Dexterity Potion"},{"floor":8,"key":"AttackPotion"},{"floor":12,"key":"CultistPotion"},{"floor":16,"key":"BlessingOfTheForge"},{"floor":19,"key":"Dexterity Potion"},{"floor":21,"key":"Block Potion"},{"floor":27,"key":"Weak Potion"},{"floor":36,"key":"FearPotion"},{"floor":39,"key":"SteroidPotion"},{"floor":41,"key":"CultistPotion"}],"is_trial":false,"path_per_floor":["M","?","?","M","M","E","M","E","T","E","R","M","$","T","R","B",null,"M","M","?","M","M","E","R","$","T","E","$","?","M","$","R","B",null,"M","?","?","M","?","R","M","R","T","$","?","E","?","E","R","B",null,"R","$","E","B",null],"character_chosen":"THE_CURSED","items_purchased":["Bag of Marbles","Sling","TheCursedMod:Tack","Membership Card","TheCursedMod:BloodyHarpoon","Happy Flower","Toy Ornithopter"],"campfire_rested":4,"item_purchase_floors":[13,13,25,44,44,44,53],"current_hp_per_floor":[75,72,72,71,71,70,72,56,56,56,56,58,58,58,58,41,79,79,81,65,67,67,47,47,47,47,71,71,71,78,78,78,51,87,89,89,89,89,59,85,91,91,91,91,91,90,90,93,93,90,93,93,93,93,78],"gold":30,"neow_bonus":"RANDOM_COMMON_RELIC","is_daily":false,"chose_seed":false,"campfire_upgraded":3,"win_rate":0.0,"timestamp":1613098086,"path_taken":["M","?","?","M","?","E","M","E","T","E","R","?","$","?","R","BOSS","M","M","?","M","M","E","R","$","T","E","?","?","M","$","R","BOSS","M","?","?","M","?","R","M","R","T","$","?","E","?","E","R","BOSS","R","$","E","BOSS"],"items_purchased_type":["Relic","Relic","Relic","Relic","Relic","Relic","Relic"],"build_version":"2020-12-22","purchased_purges":1,"victory":true,"max_hp_per_floor":[75,75,75,75,75,75,77,77,77,77,77,79,79,79,79,79,79,79,81,81,83,83,83,83,83,83,85,85,85,87,87,87,87,87,89,89,89,89,89,89,91,91,91,91,91,91,91,93,93,93,93,93,93,93,93],"card_choices":[{"not_picked":["TheCursedMod:TacticalStrike","TheCursedMod:ManaBullet"],"picked":"TheCursedMod:HellsGateOpen","floor":1},{"not_picked":["TheCursedMod:Torture","TheCursedMod:Evocation"],"picked":"TheCursedMod:SpitefulPray","floor":4},{"not_picked":["TheCursedMod:SoulReap","TheCursedMod:CircleOfAmplification"],"picked":"TheCursedMod:CircleOfCorruption","floor":5},{"not_picked":["TheCursedMod:EmpowerCircles","TheCursedMod:CursedBlade"],"picked":"TheCursedMod:ForbiddenAlchemy+1","floor":6},{"not_picked":["TheCursedMod:TacticalStrike","TheCursedMod:ManaBullet","TheCursedMod:CursedMace"],"picked":"Singing Bowl","floor":7},{"not_picked":["TheCursedMod:DoubleShield+1","TheCursedMod:CursedShiv"],"picked":"TheCursedMod:Hemoplague","floor":8},{"not_picked":["TheCursedMod:CircleOfFocus+1","TheCursedMod:ManaCirculation"],"picked":"TheCursedMod:ReleasedStrength+1","floor":10},{"not_picked":["TheCursedMod:CursedAmulet+1","TheCursedMod:Obscuration+1","TheCursedMod:CursedStaff"],"picked":"Singing Bowl","floor":12},{"not_picked":["TheCursedMod:DemonSword","TheCursedMod:ForbiddenAlchemy+1"],"picked":"TheCursedMod:Neurasthenia+1","floor":16},{"not_picked":["TheCursedMod:ReleasedKnowledge+1"],"picked":"Singing Bowl","floor":19},{"not_picked":["TheCursedMod:Torture+1"],"picked":"Singing Bowl","floor":21},{"not_picked":[],"picked":"TheCursedMod:CircleOfFlame+1","floor":22},{"not_picked":[],"picked":"TheCursedMod:SoulReap+1","floor":23},{"not_picked":["TheCursedMod:Stretching+1"],"picked":"Singing Bowl","floor":27},{"not_picked":["TheCursedMod:CircleOfFlame+1"],"picked":"Singing Bowl","floor":30},{"not_picked":[],"picked":"TheCursedMod:NeowsMight+1","floor":33},{"not_picked":["TheCursedMod:Torture+1"],"picked":"Singing Bowl","floor":35},{"not_picked":[],"picked":"TheCursedMod:WearCloak+1","floor":36},{"not_picked":[],"picked":"TheCursedMod:StingEye+1","floor":38},{"not_picked":[],"picked":"TheCursedMod:LuckyCharm","floor":39},{"not_picked":["TheCursedMod:PrepareRite+1"],"picked":"Singing Bowl","floor":41},{"not_picked":[],"picked":"TheCursedMod:SpitefulPlan","floor":46},{"not_picked":["TheCursedMod:CursedBoomerang"],"picked":"Singing Bowl","floor":48},{"not_picked":[],"picked":"TheCursedMod:CursedStaff+1","floor":54}],"player_experience":486853,"relics_obtained":[{"floor":6,"key":"Toxic Egg 2"},{"floor":8,"key":"The Courier"},{"floor":9,"key":"Meat on the Bone"},{"floor":10,"key":"Bag of Preparation"},{"floor":14,"key":"Whetstone"},{"floor":20,"key":"Enchiridion"},{"floor":23,"key":"War Paint"},{"floor":26,"key":"Bottled Flame"},{"floor":27,"key":"Pen Nib"},{"floor":36,"key":"FossilizedHelix"},{"floor":39,"key":"Du-Vu Doll"},{"floor":46,"key":"Smiling Mask"},{"floor":48,"key":"Unceasing Top"},{"floor":54,"key":"Vajra"}],"event_choices":[{"damage_healed":0,"gold_gain":0,"player_choice":"Success","damage_taken":3,"relics_obtained":["Singing Bowl"],"max_hp_gain":0,"max_hp_loss":0,"event_name":"Scrap Ooze","floor":2,"gold_loss":0},{"damage_healed":0,"gold_gain":0,"player_choice":"Upgraded","damage_taken":0,"max_hp_gain":0,"max_hp_loss":0,"event_name":"Upgrade Shrine","floor":3,"gold_loss":0,"cards_upgraded":["TheCursedMod:HellsGateOpen"]},{"damage_healed":0,"gold_gain":0,"player_choice":"Obtained Book","damage_taken":16,"max_hp_gain":0,"max_hp_loss":0,"event_name":"Cursed Tome","floor":20,"gold_loss":0},{"damage_healed":0,"gold_gain":0,"player_choice":"Ignored","damage_taken":0,"max_hp_gain":0,"max_hp_loss":0,"event_name":"Vampires","floor":29,"gold_loss":0},{"damage_healed":0,"gold_gain":0,"player_choice":"Fight","damage_taken":0,"max_hp_gain":0,"max_hp_loss":0,"event_name":"Mysterious Sphere","floor":36,"gold_loss":0},{"cards_removed":["TheCursedMod:Defend_TheCursed"],"damage_healed":0,"gold_gain":0,"player_choice":"Removed Skill","damage_taken":0,"max_hp_gain":0,"max_hp_loss":0,"event_name":"Falling","floor":37,"gold_loss":0},{"damage_healed":0,"gold_gain":0,"player_choice":"Fight","damage_taken":0,"max_hp_gain":0,"max_hp_loss":0,"event_name":"MindBloom","floor":39,"gold_loss":0},{"damage_healed":0,"gold_gain":0,"player_choice":"Paid","damage_taken":0,"relics_obtained":["Red Mask"],"max_hp_gain":0,"max_hp_loss":0,"event_name":"Tomb of Lord Red Mask","floor":45,"gold_loss":40},{"cards_removed":["TheCursedMod:Dregs"],"damage_healed":0,"gold_gain":0,"player_choice":"Removed Curses","damage_taken":0,"max_hp_gain":0,"max_hp_loss":0,"event_name":"Fountain of Cleansing","floor":47,"gold_loss":0}],"is_beta":false,"boss_relics":[{"not_picked":["Philosopher\u0027s Stone","SacredBark"],"picked":"Busted Crown"},{"not_picked":["Runic Pyramid","Sozu"],"picked":"Fusion Hammer"}],"items_purged_floors":[25],"is_endless":false,"potions_floor_spawned":[1,5,8,12,16,19,21,27,36,39,41],"ascension_level":1}}