{"host":"cb9xh4d0ss8ax8yb","time":1613127372,"event":{"mods":["100% Spire Juice","BaseMod","Good Game Mod","Jess\u0027s Bottle","Minty Spire (QoL Compilation)","Reliquary","StSLib","The Cursed","The Dragon Tamer","The Gatherer"],"gold_per_floor":[116,132,157,209,229,255,265,265,265,302,302,302,328,343,343,441,441,461,479,496,348,367,395,411,436,436,463,474,501,510,526,526,623,623,637,637,648,675,230,230,271,271,295,321,330,330,430,441,441,441,441,441,62,96,96],"floor_reached":56,"language":"KOR","playtime":3356,"items_purged":[],"score":1814,"play_id":"d034421d-7a9c-4417-a638-1d9df9b646c5","local_time":"20210212195612","is_ascension_mode":true,"campfire_choices":[{"data":"TheCursedMod:EmpowerCircles","floor":12,"key":"SMITH"},{"data":"TheCursedMod:CircleOfFocus","floor":15,"key":"SMITH"},{"data":"1","floor":32,"key":"LIFT"},{"data":"TheCursedMod:CircleOfWindfury","floor":40,"key":"SMITH"},{"data":"2","floor":42,"key":"LIFT"},{"data":"3","floor":46,"key":"LIFT"},{"floor":49,"key":"RECALL"},{"data":"TheCursedMod:CleanUpWorkshop","floor":52,"key":"SMITH"}],"circlet_count":0,"master_deck":["TheCursedMod:CleanUpWorkshop+1","TheCursedMod:CursedBoomerang","TheCursedMod:RavingStaff+1","TheCursedMod:SpitefulStrike","TheCursedMod:CursedSpellbook+1","TheCursedMod:DoubleShield","TheCursedMod:EmpowerCircles+1","TheCursedMod:CircleOfFocus+1","TheCursedMod:CircleOfWindfury+1","TheCursedMod:CircleOfAbyss+1","TheCursedMod:SpitefulPray","TheCursedMod:CursedBlade+1","TheCursedMod:DoubleShield","Parasite","TheCursedMod:CursedShiv+1","Secret Technique","Dark Shackles","TheCursedMod:RavingStaff+1"],"relics":["TheCursedMod:DemonicMark","REME:ComplimentaryCards","CeramicFish","Nunchaku","reliquary:HotPoker","Gremlin Horn","reliquary:RosewoodLute","Busted Crown","TheAbacus","Oddly Smooth Stone","Whetstone","White Beast Statue","StrikeDummy","Girya","Runic Pyramid","Vajra","Lizard Tail","Boot","Toy Ornithopter","Medical Kit","Bag of Preparation","reliquary:SharkskinSheath"],"acts_visited":["Exordium","TheCity","TheBeyond","TheEnding"],"potions_floor_usage":[7,7,16,19,23,25,31,33,33,41,48,50,50,55,55],"damage_taken":[{"damage":2,"enemies":"2 Louse","floor":1,"turns":2},{"damage":12,"enemies":"Jaw Worm","floor":2,"turns":2},{"damage":6,"enemies":"Cultist","floor":3,"turns":2},{"damage":0,"enemies":"Looter","floor":5,"turns":1},{"damage":0,"enemies":"Lagavulin","floor":6,"turns":3},{"damage":3,"enemies":"Gremlin Gang","floor":7,"turns":2},{"damage":9,"enemies":"3 Sentries","floor":10,"turns":5},{"damage":0,"enemies":"Lagavulin","floor":13,"turns":3},{"damage":0,"enemies":"2 Fungi Beasts","floor":14,"turns":1},{"damage":9,"enemies":"The Guardian","floor":16,"turns":4},{"damage":0,"enemies":"Shell Parasite","floor":18,"turns":3},{"damage":11,"enemies":"2 Thieves","floor":19,"turns":2},{"damage":0,"enemies":"3 Cultists","floor":20,"turns":2},{"damage":23,"enemies":"Centurion and Healer","floor":22,"turns":2},{"damage":0,"enemies":"Book of Stabbing","floor":23,"turns":2},{"damage":0,"enemies":"Chosen and Byrds","floor":24,"turns":2},{"damage":28,"enemies":"Slavers","floor":25,"turns":2},{"damage":0,"enemies":"Book of Stabbing","floor":27,"turns":3},{"damage":0,"enemies":"3 Cultists","floor":28,"turns":2},{"damage":0,"enemies":"Gremlin Leader","floor":29,"turns":1},{"damage":2,"enemies":"Shelled Parasite and Fungi","floor":31,"turns":2},{"damage":3,"enemies":"Automaton","floor":33,"turns":3},{"damage":0,"enemies":"3 Darklings","floor":35,"turns":2},{"damage":0,"enemies":"Orb Walker","floor":37,"turns":2},{"damage":0,"enemies":"Writhing Mass","floor":38,"turns":3},{"damage":0,"enemies":"Reptomancer","floor":41,"turns":2},{"damage":12,"enemies":"Nemesis","floor":44,"turns":4},{"damage":0,"enemies":"Jaw Worm Horde","floor":48,"turns":1},{"damage":0,"enemies":"Time Eater","floor":50,"turns":5},{"damage":30,"enemies":"Shield and Spear","floor":54,"turns":3},{"damage":36,"enemies":"The Heart","floor":55,"turns":6}],"seed_played":"3784674067386634560","potions_obtained":[{"floor":2,"key":"SkillPotion"},{"floor":3,"key":"PowerPotion"},{"floor":6,"key":"Block Potion"},{"floor":10,"key":"Explosive Potion"},{"floor":13,"key":"FairyPotion"},{"floor":16,"key":"Dexterity Potion"},{"floor":22,"key":"SteroidPotion"},{"floor":23,"key":"Ancient Potion"},{"floor":27,"key":"Block Potion"},{"floor":28,"key":"Ancient Potion"},{"floor":29,"key":"FearPotion"},{"floor":31,"key":"Explosive Potion"},{"floor":33,"key":"PowerPotion"},{"floor":35,"key":"GamblersBrew"},{"floor":37,"key":"LiquidMemories"},{"floor":38,"key":"PowerPotion"},{"floor":44,"key":"AttackPotion"},{"floor":48,"key":"AttackPotion"},{"floor":54,"key":"SteroidPotion"}],"is_trial":false,"path_per_floor":["M","M","M","?","M","E","M","?","T","E","?","R","E","M","R","B",null,"M","M","M","$","M","E","M","E","T","E","M","E","?","M","R","B",null,"M","$","M","M","$","R","E","R","T","E","?","R","?","M","R","B",null,"R","$","E","B",null],"character_chosen":"THE_CURSED","items_purchased":["TheAbacus","Vajra","Lizard Tail","Medical Kit","Dark Shackles","Bag of Preparation"],"campfire_rested":0,"item_purchase_floors":[21,39,39,53,53,53],"current_hp_per_floor":[66,54,48,48,48,48,45,30,30,21,21,21,21,21,21,12,59,59,48,48,48,25,25,25,22,22,22,22,22,22,20,20,17,61,61,61,61,61,61,61,61,61,61,49,49,49,49,54,54,64,72,72,72,42,16],"gold":96,"neow_bonus":"RANDOM_COMMON_RELIC","is_daily":false,"chose_seed":false,"campfire_upgraded":4,"win_rate":0.0,"timestamp":1613127372,"path_taken":["M","M","M","?","M","E","M","?","T","E","?","R","E","M","R","BOSS","M","M","M","$","M","E","?","E","T","E","M","E","?","M","R","BOSS","M","$","?","M","$","R","E","R","T","E","?","R","?","M","R","BOSS","R","$","E","BOSS"],"items_purchased_type":["Relic","Relic","Relic","Relic","Card","Relic"],"build_version":"2020-12-22","purchased_purges":0,"victory":true,"max_hp_per_floor":[75,75,75,75,75,75,75,75,75,75,75,75,75,75,75,75,75,75,75,75,75,75,75,75,75,75,75,75,75,75,75,75,75,75,75,75,75,75,75,75,75,75,75,75,75,75,75,75,75,75,75,75,75,75,75],"card_choices":[{"not_picked":["TheCursedMod:AshesToAshes","TheCursedMod:CircleOfFocus","TheCursedMod:CircleOfAmplification"],"picked":"SKIP","floor":1},{"not_picked":["TheCursedMod:AshesToAshes","TheCursedMod:CircleOfFocus","TheCursedMod:CircleOfAmplification"],"picked":"SKIP","floor":1},{"not_picked":["TheCursedMod:Wield","TheCursedMod:VitalStrike","TheCursedMod:Torture"],"picked":"SKIP","floor":2},{"not_picked":["TheCursedMod:SpitefulStrike","TheCursedMod:CursedAmulet"],"picked":"TheCursedMod:SpitefulPray","floor":3},{"not_picked":["TheCursedMod:CircleOfCorruption","TheCursedMod:Stretching","TheCursedMod:CursedMace"],"picked":"SKIP","floor":5},{"not_picked":["TheCursedMod:TacticalStrike","TheCursedMod:SpitefulStrike","TheCursedMod:Neurasthenia"],"picked":"SKIP","floor":6},{"not_picked":["TheCursedMod:Wield","TheCursedMod:SpitefulPlan","TheCursedMod:VitalStrike"],"picked":"SKIP","floor":7},{"not_picked":["TheCursedMod:CircleOfFocus","TheCursedMod:SmokeScreen"],"picked":"TheCursedMod:CursedBlade","floor":10},{"not_picked":["TheCursedMod:Torture","TheCursedMod:BloodBarrier","TheCursedMod:Mangle"],"picked":"SKIP","floor":13},{"not_picked":["TheCursedMod:CursedSpellbook","TheCursedMod:TroublousMinions","TheCursedMod:Wield"],"picked":"SKIP","floor":14},{"not_picked":["TheCursedMod:CursedSpellbook"],"picked":"SKIP","floor":18},{"not_picked":["TheCursedMod:TroublousMinions"],"picked":"SKIP","floor":19},{"not_picked":["TheCursedMod:CursedArmor"],"picked":"SKIP","floor":20},{"not_picked":["TheCursedMod:Grudge"],"picked":"SKIP","floor":22},{"not_picked":["TheCursedMod:CursedBoomerang"],"picked":"SKIP","floor":23},{"not_picked":["TheCursedMod:CursedAmulet"],"picked":"SKIP","floor":24},{"not_picked":["TheCursedMod:WearCloak+1"],"picked":"SKIP","floor":25},{"not_picked":["TheCursedMod:Obscuration+1"],"picked":"SKIP","floor":27},{"not_picked":["TheCursedMod:TroublousMinions+1"],"picked":"SKIP","floor":28},{"not_picked":["TheCursedMod:BlessingInDisguise"],"picked":"SKIP","floor":29},{"not_picked":["TheCursedMod:SmokeScreen+1"],"picked":"SKIP","floor":31},{"not_picked":["TheCursedMod:FleshFromBone"],"picked":"SKIP","floor":35},{"not_picked":["TheCursedMod:WearCloak"],"picked":"SKIP","floor":37},{"not_picked":["TheCursedMod:RapidMovement+1"],"picked":"SKIP","floor":38},{"not_picked":[],"picked":"TheCursedMod:CursedShiv+1","floor":41},{"not_picked":["TheCursedMod:CursedAmulet"],"picked":"SKIP","floor":44},{"not_picked":[],"picked":"Secret Technique","floor":45},{"not_picked":["TheCursedMod:Stretching"],"picked":"SKIP","floor":48},{"not_picked":[],"picked":"TheCursedMod:RavingStaff+1","floor":54}],"player_experience":506593,"relics_obtained":[{"floor":6,"key":"Nunchaku"},{"floor":9,"key":"reliquary:HotPoker"},{"floor":10,"key":"Gremlin Horn"},{"floor":13,"key":"reliquary:RosewoodLute"},{"floor":23,"key":"Oddly Smooth Stone"},{"floor":25,"key":"Whetstone"},{"floor":26,"key":"White Beast Statue"},{"floor":27,"key":"StrikeDummy"},{"floor":29,"key":"Girya"},{"floor":41,"key":"Boot"},{"floor":44,"key":"Toy Ornithopter"},{"floor":54,"key":"reliquary:SharkskinSheath"}],"event_choices":[{"damage_healed":0,"gold_gain":52,"player_choice":"Gained Gold","damage_taken":0,"max_hp_gain":0,"max_hp_loss":0,"event_name":"Golden Wing","floor":4,"gold_loss":0},{"damage_healed":0,"gold_gain":0,"player_choice":"Entered Light","damage_taken":15,"max_hp_gain":0,"max_hp_loss":0,"event_name":"Shining Light","floor":8,"gold_loss":0,"cards_upgraded":["TheCursedMod:CursedSpellbook","TheCursedMod:CircleOfAbyss"]},{"damage_healed":0,"gold_gain":0,"player_choice":"Ignored","damage_taken":0,"max_hp_gain":0,"max_hp_loss":0,"event_name":"Transmorgrifier","floor":11,"gold_loss":0},{"damage_healed":0,"gold_gain":0,"player_choice":"Memory 1","damage_taken":0,"max_hp_gain":0,"max_hp_loss":0,"event_name":"SensoryStone","floor":45,"gold_loss":0},{"damage_healed":0,"gold_gain":100,"player_choice":"Pray","damage_taken":0,"max_hp_gain":0,"max_hp_loss":0,"event_name":"Golden Shrine","floor":47,"gold_loss":0}],"is_beta":false,"boss_relics":[{"not_picked":["Tiny House","reliquary:RedCape"],"picked":"Busted Crown"},{"not_picked":["Cursed Key","Pandora\u0027s Box"],"picked":"Runic Pyramid"}],"items_purged_floors":[],"is_endless":false,"potions_floor_spawned":[2,3,6,10,13,16,18,22,23,24,27,28,29,31,33,35,37,38,41,44,48,54],"ascension_level":6}}