{"host":"wrdw6zkxuilnr6rg","time":1612701857,"event":{"mods":["BaseMod","Bestiary","Colored Powertips","Highlight Path","Minty Spire (QoL Compilation)","Quick Restart","Relic Stats","StSLib"],"gold_per_floor":[116,66,66,241,316,348,348,348,428,194,221,221,237,251,251,347,347,366,291,291,316,71,106,106,140,140,140,171,171,187,197,197,295,295,312,92,142,142,497,531,531,556,605,102,102,116,149,165,165,165],"floor_reached":51,"language":"ENG","playtime":1275,"items_purged":["Doubt","Writhe","Defend_R","Strike_R"],"score":933,"play_id":"2b660f58-74e3-41bb-a97a-136bdbd4a50d","local_time":"20210207154417","is_ascension_mode":true,"campfire_choices":[{"data":"Bludgeon","floor":7,"key":"SMITH"},{"data":"Uppercut","floor":12,"key":"SMITH"},{"data":"Inflame","floor":15,"key":"SMITH"},{"data":"Berserk","floor":24,"key":"SMITH"},{"data":"Immolate","floor":29,"key":"SMITH"},{"data":"Sword Boomerang","floor":32,"key":"SMITH"},{"data":"1","floor":41,"key":"LIFT"},{"data":"2","floor":49,"key":"LIFT"}],"circlet_count":0,"master_deck":["Strike_R","Strike_R","Strike_R","Strike_R","Defend_R","Defend_R","Defend_R+1","Bash","Bludgeon+1","Second Wind","Dark Shackles+1","Uppercut+1","Immolate+1","Inflame+1","Berserk+1","Shrug It Off","Seeing Red","Battle Trance","Sword Boomerang+1","Sword Boomerang+1","Madness","Inflame","Madness","Madness","Flex+1","Demon Form"],"relics":["Black Blood","Juzu Bracelet","Bronze Scales","Darkstone Periapt","War Paint","Philosopher\u0027s Stone","Incense Burner","Akabeko","Lee\u0027s Waffle","Red Skull","Dream Catcher","Bottled Lightning","Meat on the Bone","Girya","Old Coin","The Courier","Mercury Hourglass","Centennial Puzzle","PreservedInsect","HornCleat","White Beast Statue"],"acts_visited":["Exordium","TheCity","TheBeyond"],"potions_floor_usage":[16,23,33,33,39,42,50,50,50],"damage_taken":[{"damage":13,"enemies":"Jaw Worm","floor":1,"turns":2},{"damage":57,"enemies":"3 Sentries","floor":6,"turns":10},{"damage":10,"enemies":"Gremlin Nob","floor":11,"turns":3},{"damage":0,"enemies":"Small Slimes","floor":13,"turns":2},{"damage":0,"enemies":"Cultist","floor":14,"turns":3},{"damage":10,"enemies":"The Guardian","floor":16,"turns":6},{"damage":8,"enemies":"Chosen","floor":18,"turns":4},{"damage":74,"enemies":"Slavers","floor":23,"turns":4},{"damage":12,"enemies":"Gremlin Leader","floor":25,"turns":4},{"damage":1,"enemies":"Book of Stabbing","floor":28,"turns":4},{"damage":0,"enemies":"Spheric Guardian","floor":30,"turns":2},{"damage":18,"enemies":"Shelled Parasite and Fungi","floor":31,"turns":3},{"damage":14,"enemies":"Champ","floor":33,"turns":5},{"damage":0,"enemies":"Orb Walker","floor":35,"turns":3},{"damage":9,"enemies":"Mind Bloom Boss Battle","floor":37,"turns":5},{"damage":34,"enemies":"2 Orb Walkers","floor":39,"turns":3},{"damage":28,"enemies":"Nemesis","floor":40,"turns":5},{"damage":35,"enemies":"Giant Head","floor":42,"turns":6},{"damage":2,"enemies":"3 Shapes","floor":46,"turns":4},{"damage":0,"enemies":"Reptomancer","floor":47,"turns":3},{"damage":34,"enemies":"Maw","floor":48,"turns":5},{"damage":56,"enemies":"Donu and Deca","floor":50,"turns":7}],"seed_played":"-5548686276891643864","potions_obtained":[{"floor":1,"key":"EssenceOfSteel"},{"floor":14,"key":"LiquidMemories"},{"floor":16,"key":"Strength Potion"},{"floor":30,"key":"SkillPotion"},{"floor":31,"key":"Strength Potion"},{"floor":37,"key":"SteroidPotion"},{"floor":40,"key":"ColorlessPotion"},{"floor":45,"key":"Regen Potion"},{"floor":45,"key":"Regen Potion"}],"is_trial":false,"path_per_floor":["M","?","?","?","?","E","R","?","T","$","E","R","M","M","R","B",null,"M","?","?","T","$","E","R","E","T","?","E","R","M","M","R","B",null,"M","$","?","?","?","E","R","E","T","$","?","M","E","M","R","B",null],"character_chosen":"IRONCLAD","items_purchased":["Dark Shackles","Uppercut","Lee\u0027s Waffle","Madness","Regen Potion","PreservedInsect","HornCleat"],"campfire_rested":0,"item_purchase_floors":[10,10,22,36,44,44,44],"current_hp_per_floor":[73,73,73,73,62,11,11,31,31,31,27,27,33,39,39,35,80,78,77,83,83,90,22,22,16,16,16,21,21,39,39,39,43,90,90,90,90,79,69,65,65,54,54,54,54,64,76,66,66,76],"gold":165,"neow_bonus":"THREE_RARE_CARDS","is_daily":false,"chose_seed":false,"campfire_upgraded":6,"win_rate":0.0,"timestamp":1612701857,"path_taken":["M","?","?","?","?","E","R","?","T","$","E","R","M","M","R","BOSS","M","?","?","?","?","E","R","E","T","?","E","R","M","M","R","BOSS","M","$","?","?","?","E","R","E","T","?","?","M","E","M","R","BOSS"],"items_purchased_type":["Card","Card","Relic","Card","Potion","Relic","Relic"],"build_version":"2020-12-22","purchased_purges":4,"victory":true,"max_hp_per_floor":[80,80,80,80,80,80,80,80,80,80,80,80,80,80,80,80,80,80,77,83,83,90,90,90,90,90,90,90,90,90,90,90,90,90,90,90,90,90,90,90,90,90,90,90,90,90,90,90,90,90],"relic_stats":{"Darkstone Periapt":6,"Lee\u0027s Waffle":7,"counters":[22,93],"Black Blood":171,"PreservedInsect":57,"Juzu Bracelet":2,"War Paint":["Defend_R","Dark Shackles"],"Mercury Hourglass":[84],"Dream Catcher":0,"Centennial Puzzle":[9],"Bronze Scales":[193],"obtain_stats":[{"Darkstone Periapt":9,"Girya":37,"Lee\u0027s Waffle":22,"Black Blood":34,"The Courier":40,"PreservedInsect":44,"Juzu Bracelet":3,"Incense Burner":20,"War Paint":11,"Burning Blood":0,"Akabeko":21,"White Beast Statue":47,"Old Coin":39,"Mercury Hourglass":42,"Dream Catcher":25,"Centennial Puzzle":43,"HornCleat":44,"Bronze Scales":6,"Philosopher\u0027s Stone":17,"Bottled Lightning":26,"Red Skull":23,"Meat on the Bone":28},{"Darkstone Periapt":2,"Girya":15,"Lee\u0027s Waffle":7,"Black Blood":13,"The Courier":17,"PreservedInsect":18,"Juzu Bracelet":1,"Incense Burner":7,"War Paint":3,"Burning Blood":0,"Akabeko":7,"White Beast Statue":20,"Old Coin":16,"Mercury Hourglass":18,"Dream Catcher":9,"Centennial Puzzle":18,"HornCleat":18,"Bronze Scales":2,"Philosopher\u0027s Stone":6,"Bottled Lightning":9,"Red Skull":8,"Meat on the Bone":10},{"Darkstone Periapt":12,"Girya":60,"Lee\u0027s Waffle":30,"Black Blood":52,"The Courier":68,"PreservedInsect":74,"Juzu Bracelet":2,"Incense Burner":30,"War Paint":15,"Burning Blood":0,"Akabeko":30,"White Beast Statue":81,"Old Coin":63,"Mercury Hourglass":74,"Dream Catcher":38,"Centennial Puzzle":74,"HornCleat":74,"Bronze Scales":12,"Philosopher\u0027s Stone":26,"Bottled Lightning":38,"Red Skull":34,"Meat on the Bone":42}],"Meat on the Bone":84},"card_choices":[{"not_picked":["Offering","Impervious"],"picked":"Bludgeon","floor":0},{"not_picked":["Havoc","Perfected Strike"],"picked":"Second Wind","floor":6},{"not_picked":["Flex","Anger"],"picked":"Immolate","floor":11},{"not_picked":["Sword Boomerang","Wild Strike"],"picked":"Inflame","floor":13},{"not_picked":["Immolate","Limit Break"],"picked":"Berserk","floor":16},{"not_picked":["Demon Form","Entrench"],"picked":"Shrug It Off","floor":23},{"not_picked":["Body Slam","Second Wind"],"picked":"Seeing Red","floor":25},{"not_picked":["Thunderclap","Clothesline"],"picked":"Battle Trance","floor":28},{"not_picked":["Shrug It Off","Anger"],"picked":"Sword Boomerang","floor":31},{"not_picked":["Pummel","Pommel Strike"],"picked":"Sword Boomerang+1","floor":35},{"not_picked":["Sword Boomerang","Battle Trance"],"picked":"Inflame","floor":37},{"not_picked":["Body Slam+1","Rampage"],"picked":"Flex+1","floor":46},{"not_picked":["Spot Weakness","Carnage"],"picked":"Demon Form","floor":47}],"player_experience":1412760,"relics_obtained":[{"floor":6,"key":"Bronze Scales"},{"floor":9,"key":"Darkstone Periapt"},{"floor":11,"key":"War Paint"},{"floor":21,"key":"Akabeko"},{"floor":23,"key":"Red Skull"},{"floor":25,"key":"Dream Catcher"},{"floor":26,"key":"Bottled Lightning"},{"floor":28,"key":"Meat on the Bone"},{"floor":37,"key":"Girya"},{"floor":39,"key":"Old Coin"},{"floor":40,"key":"The Courier"},{"floor":42,"key":"Mercury Hourglass"},{"floor":43,"key":"Centennial Puzzle"},{"floor":47,"key":"White Beast Statue"}],"event_choices":[{"cards_removed":["Pain"],"damage_healed":0,"gold_gain":0,"player_choice":"Card Removal","damage_taken":0,"max_hp_gain":0,"max_hp_loss":0,"event_name":"The Cleric","floor":2,"gold_loss":50},{"damage_healed":0,"gold_gain":0,"player_choice":"Gave Potion","damage_taken":0,"relics_obtained":["Juzu Bracelet"],"max_hp_gain":0,"max_hp_loss":0,"event_name":"WeMeetAgain","floor":3,"gold_loss":0},{"damage_healed":0,"gold_gain":175,"player_choice":"AGREE","damage_taken":0,"max_hp_gain":0,"max_hp_loss":0,"event_name":"Liars Game","floor":4,"gold_loss":0,"cards_obtained":["Doubt"]},{"damage_healed":0,"gold_gain":75,"player_choice":"Gather Gold","damage_taken":11,"max_hp_gain":0,"max_hp_loss":0,"event_name":"World of Goop","floor":5,"gold_loss":0},{"damage_healed":20,"gold_gain":0,"player_choice":"Healed and dodged fight","damage_taken":0,"max_hp_gain":0,"max_hp_loss":0,"event_name":"Mushrooms","floor":8,"gold_loss":0,"cards_obtained":["Parasite"]},{"cards_removed":["Parasite"],"damage_healed":0,"gold_gain":0,"player_choice":"Gave Gold","damage_taken":0,"max_hp_gain":0,"max_hp_loss":0,"event_name":"Beggar","floor":19,"gold_loss":75},{"damage_healed":0,"gold_gain":0,"player_choice":"Opened","damage_taken":0,"relics_obtained":["Incense Burner"],"max_hp_gain":0,"max_hp_loss":0,"event_name":"The Mausoleum","floor":20,"gold_loss":0,"cards_obtained":["Writhe"]},{"damage_healed":0,"gold_gain":0,"player_choice":"Ignored","damage_taken":0,"max_hp_gain":0,"max_hp_loss":0,"event_name":"Vampires","floor":27,"gold_loss":0},{"damage_healed":0,"gold_gain":0,"player_choice":"Fight","damage_taken":0,"max_hp_gain":0,"max_hp_loss":0,"event_name":"MindBloom","floor":37,"gold_loss":0},{"damage_healed":0,"gold_gain":0,"player_choice":"Embrace Madness","damage_taken":11,"max_hp_gain":0,"max_hp_loss":0,"event_name":"Winding Halls","floor":38,"gold_loss":0,"cards_obtained":["Madness","Madness"]},{"damage_healed":0,"gold_gain":0,"player_choice":"Fight","damage_taken":0,"max_hp_gain":0,"max_hp_loss":0,"event_name":"Mysterious Sphere","floor":39,"gold_loss":0},{"damage_healed":0,"gold_gain":0,"player_choice":"Got Potions","damage_taken":0,"max_hp_gain":0,"max_hp_loss":0,"event_name":"Lab","floor":45,"gold_loss":0}],"is_beta":false,"boss_relics":[{"not_picked":["Mark of Pain","Busted Crown"],"picked":"Philosopher\u0027s Stone"},{"not_picked":["Velvet Choker","Runic Cube"],"picked":"Black Blood"}],"items_purged_floors":[10,22,36,44],"is_endless":false,"potions_floor_spawned":[1,14,16,30,31,37,40,46,47,48],"ascension_level":1}}