{"host":"2qv44oxt58ptq59r","time":1613162897,"event":{"mods":["AchievementEnabler","BaseMod","Colored Powertips","Highlight Path","Minty Spire (QoL Compilation)","Permanent Neow","StSLib"],"gold_per_floor":[112,123,48,60,77,106,106,106,106,119,47,57,57,132,132,227,227,257,25,25,35,35,35],"floor_reached":22,"language":"ENG","playtime":1445,"items_purged":["Strike_R","Strike_R"],"score":251,"play_id":"5b9fe22b-296a-497d-a526-5fe0d9c019cf","local_time":"20210212204817","is_ascension_mode":true,"campfire_choices":[{"data":"Immolate","floor":7.0,"key":"SMITH"},{"data":"Carnage","floor":13.0,"key":"SMITH"},{"floor":15.0,"key":"REST"}],"circlet_count":0,"master_deck":["Strike_R","Strike_R","Strike_R","Defend_R","Defend_R","Defend_R","Defend_R","Bash+1","Immolate+1","Battle Trance","Headbutt","Carnage+1","Feed","CurseOfTheBell","Feed"],"relics":["Burning Blood","Calipers","White Beast Statue","Calling Bell","MawBank","Paper Frog","Turnip","Pen Nib"],"acts_visited":["Exordium","TheCity"],"potions_floor_usage":[21,22],"damage_taken":[{"damage":1.0,"enemies":"Cultist","floor":1.0,"turns":3.0},{"damage":3.0,"enemies":"Small Slimes","floor":2.0,"turns":2.0},{"damage":1.0,"enemies":"2 Louse","floor":4.0,"turns":2.0},{"damage":11.0,"enemies":"Lots of Slimes","floor":5.0,"turns":2.0},{"damage":36.0,"enemies":"Lagavulin","floor":6.0,"turns":6.0},{"damage":0.0,"enemies":"Exordium Wildlife","floor":10.0,"turns":2.0},{"damage":0.0,"enemies":"Blue Slaver","floor":12.0,"turns":1.0},{"damage":8.0,"enemies":"Slime Boss","floor":16.0,"turns":6.0},{"damage":24.0,"enemies":"Chosen","floor":18.0,"turns":5.0},{"damage":22,"enemies":"2 Thieves","floor":21,"turns":2},{"damage":54,"enemies":"Shelled Parasite and Fungi","floor":22,"turns":4}],"seed_played":"2817736344993049292","potions_obtained":[{"floor":1.0,"key":"BlessingOfTheForge"},{"floor":4.0,"key":"CultistPotion"},{"floor":5.0,"key":"Explosive Potion"},{"floor":10.0,"key":"Fire Potion"},{"floor":12.0,"key":"SpeedPotion"},{"floor":16.0,"key":"SteroidPotion"},{"floor":18.0,"key":"FearPotion"},{"floor":21,"key":"Swift Potion"}],"is_trial":false,"path_per_floor":["M","M","$","M","M","E","R","?","T","M","$","M","R","?","R","B",null,"M","$","?","M","M"],"character_chosen":"IRONCLAD","items_purchased":["Carnage","Pen Nib"],"campfire_rested":1,"item_purchase_floors":[11,19],"current_hp_per_floor":[77,80,80,80,75,45,45,45,45,51,51,57,57,46,70,68,77,62,62,62,49,0,0],"gold":35,"neow_bonus":"ONE_RANDOM_RARE_CARD","is_daily":false,"chose_seed":false,"campfire_upgraded":2,"win_rate":0.0,"timestamp":1613162897,"path_taken":["M","?","$","M","M","E","R","?","T","M","$","M","R","?","R","BOSS","M","$","?","?","M"],"items_purchased_type":["Card","Relic"],"build_version":"2020-12-22","purchased_purges":2,"victory":false,"max_hp_per_floor":[80,80,80,80,80,80,80,80,80,80,80,80,80,80,80,80,80,83,83,83,86,86,86],"card_choices":[{"not_picked":["Pummel","Iron Wave","Clash"],"picked":"SKIP","floor":1.0},{"not_picked":["Wild Strike","Flex"],"picked":"Battle Trance","floor":2.0},{"not_picked":["Bludgeon","Body Slam","Infernal Blade"],"picked":"SKIP","floor":4.0},{"not_picked":["Havoc","Ghostly Armor","Combust"],"picked":"SKIP","floor":5.0},{"not_picked":["Perfected Strike","Clothesline"],"picked":"Headbutt","floor":6.0},{"not_picked":["Perfected Strike","Armaments","Twin Strike"],"picked":"SKIP","floor":10.0},{"not_picked":["Anger","Berserk","Searing Blow"],"picked":"SKIP","floor":12.0},{"not_picked":["Juggernaut","Fiend Fire"],"picked":"Feed","floor":16.0},{"not_picked":["Clash+1","Burning Pact","Perfected Strike"],"picked":"SKIP","floor":18.0},{"not_picked":["Clothesline","Headbutt","Havoc+1"],"picked":"SKIP","floor":21}],"player_experience":5703055,"relics_obtained":[{"floor":6.0,"key":"Calipers"},{"floor":9.0,"key":"White Beast Statue"},{"floor":17.0,"key":"MawBank"},{"floor":17.0,"key":"Paper Frog"},{"floor":17.0,"key":"Turnip"}],"event_choices":[{"damage_healed":0.0,"max_hp_gain":0.0,"max_hp_loss":0.0,"gold_gain":0.0,"event_name":"Living Wall","player_choice":"Grow","floor":8.0,"gold_loss":0.0,"damage_taken":0.0,"cards_upgraded":["Bash"]},{"damage_healed":0.0,"max_hp_gain":0.0,"max_hp_loss":0.0,"gold_gain":75.0,"event_name":"World of Goop","player_choice":"Gather Gold","floor":14.0,"gold_loss":0.0,"damage_taken":11.0},{"damage_healed":0.0,"max_hp_gain":0.0,"max_hp_loss":0.0,"gold_gain":0.0,"event_name":"Duplicator","player_choice":"Copied","floor":20.0,"gold_loss":0.0,"damage_taken":0.0,"cards_obtained":["Feed"]}],"is_beta":false,"boss_relics":[{"not_picked":["Cursed Key","Philosopher\u0027s Stone"],"picked":"Calling Bell"}],"items_purged_floors":[3,19],"is_endless":false,"potions_floor_spawned":[1,4,5,10,12,16,18,21],"killed_by":"Shelled Parasite and Fungi","ascension_level":7}}