{"host":"1focbxb2e8qu7ccd","time":1613092095,"event":{"mods":["AchievementEnabler","BaseMod","Bestiary","Highlight Path","Minty Spire (QoL Compilation)","Relic Stats"],"gold_per_floor":[113,129,129,142,155,183,183,258,283,300,300,300,331,348,348,420,420,420,420,360,111,111,111,111,111,111,111,111,111],"floor_reached":28,"language":"ENG","playtime":1780,"items_purged":[],"score":536,"play_id":"692d3a7d-dba1-4be0-bb18-40180e5c9f93","local_time":"20210211200815","is_ascension_mode":true,"campfire_choices":[{"floor":7.0,"key":"REST"},{"floor":11.0,"key":"REST"},{"floor":15.0,"key":"REST"},{"floor":23,"key":"REST"},{"data":"Blade Dance","floor":25,"key":"SMITH"}],"circlet_count":0,"master_deck":["AscendersBane","Strike_G","Strike_G","Strike_G","Strike_G","Defend_G+1","Defend_G","Defend_G","Defend_G","Defend_G","Survivor","Neutralize","PiercingWail+1","Blade Dance+1","Deadly Poison","Predator","Dagger Throw","Well Laid Plans","Skewer","Dash","Burst","Quick Slash+1","Finisher+1","Accuracy","Accuracy+1","Deflect+1","Footwork"],"relics":["Ring of the Snake","Akabeko","PreservedInsect","Oddly Smooth Stone","Ectoplasm","Centennial Puzzle","Smiling Mask","Dream Catcher","Toy Ornithopter"],"acts_visited":["Exordium","TheCity"],"potions_floor_usage":[16,22],"damage_taken":[{"damage":3.0,"enemies":"Jaw Worm","floor":1.0,"turns":7.0},{"damage":1.0,"enemies":"2 Louse","floor":2.0,"turns":3.0},{"damage":0.0,"enemies":"Small Slimes","floor":4.0,"turns":4.0},{"damage":10.0,"enemies":"Exordium Wildlife","floor":5.0,"turns":6.0},{"damage":32.0,"enemies":"Gremlin Nob","floor":6.0,"turns":4.0},{"damage":3.0,"enemies":"Blue Slaver","floor":10.0,"turns":3.0},{"damage":4.0,"enemies":"3 Sentries","floor":13.0,"turns":4.0},{"damage":2.0,"enemies":"Looter","floor":14.0,"turns":3.0},{"damage":21,"enemies":"Hexaghost","floor":16,"turns":12},{"damage":0,"enemies":"3 Byrds","floor":18,"turns":6},{"damage":13,"enemies":"2 Thieves","floor":20,"turns":4},{"damage":10,"enemies":"Snake Plant","floor":22,"turns":5},{"damage":6,"enemies":"Gremlin Leader","floor":24,"turns":4},{"damage":12,"enemies":"Book of Stabbing","floor":27,"turns":5},{"damage":49,"enemies":"Chosen and Byrds","floor":28,"turns":5}],"seed_played":"9148699589492782683","potions_obtained":[{"floor":5.0,"key":"LiquidMemories"},{"floor":10.0,"key":"SkillPotion"},{"floor":14.0,"key":"BlessingOfTheForge"},{"floor":16,"key":"SkillPotion"},{"floor":20,"key":"Ancient Potion"},{"floor":27,"key":"CultistPotion"}],"is_trial":false,"path_per_floor":["M","M","?","M","M","E","R","?","T","M","R","?","E","M","R","B",null,"M","$","M","$","M","R","E","R","T","E","M"],"character_chosen":"THE_SILENT","items_purchased":["Accuracy","Centennial Puzzle"],"campfire_rested":4,"item_purchase_floors":[21,21],"current_hp_per_floor":[56,55,48,48,38,6,25,14,14,11,30,10,6,4,23,2,50,50,50,37,37,27,46,40,40,40,28,0,0],"gold":111,"neow_bonus":"THREE_CARDS","is_daily":false,"chose_seed":false,"campfire_upgraded":1,"win_rate":0.0,"timestamp":1613092095,"path_taken":["M","M","?","M","M","E","R","?","T","M","R","?","E","M","R","BOSS","M","$","M","$","M","R","E","R","T","E","M"],"items_purchased_type":["Card","Relic"],"build_version":"2020-12-22","purchased_purges":0,"victory":false,"max_hp_per_floor":[66,66,66,66,66,66,66,66,66,66,66,66,66,66,66,66,66,66,66,66,66,66,66,66,66,66,66,66,66],"relic_stats":{"Centennial Puzzle":[12],"Dream Catcher":0,"counters":[15,75],"PreservedInsect":125,"Ectoplasm":193,"Smiling Mask":0,"obtain_stats":[{"Centennial Puzzle":21,"Dream Catcher":26,"Oddly Smooth Stone":13,"PreservedInsect":9,"Ectoplasm":17,"Smiling Mask":24,"Akabeko":6,"Toy Ornithopter":27,"Ring of the Snake":0},{"Centennial Puzzle":11,"Dream Catcher":13,"Oddly Smooth Stone":7,"PreservedInsect":5,"Ectoplasm":9,"Smiling Mask":13,"Akabeko":5,"Toy Ornithopter":14,"Ring of the Snake":0},{"Centennial Puzzle":56,"Dream Catcher":65,"Oddly Smooth Stone":31,"PreservedInsect":24,"Ectoplasm":46,"Smiling Mask":65,"Akabeko":24,"Toy Ornithopter":70,"Ring of the Snake":0}],"Toy Ornithopter":0,"Ring of the Snake":[30]},"card_choices":[{"not_picked":["Acrobatics","Dodge and Roll"],"picked":"PiercingWail","floor":0.0},{"not_picked":["Bane","PiercingWail"],"picked":"Blade Dance","floor":1.0},{"not_picked":["PiercingWail","Expertise","Reflex"],"picked":"SKIP","floor":2.0},{"not_picked":["Outmaneuver","Expertise"],"picked":"Deadly Poison","floor":4.0},{"not_picked":["Acrobatics","PiercingWail"],"picked":"Predator","floor":5.0},{"not_picked":["Catalyst","Flying Knee"],"picked":"Dagger Throw","floor":6.0},{"not_picked":["Backflip","Acrobatics"],"picked":"Well Laid Plans","floor":10.0},{"not_picked":["Backflip","Acrobatics"],"picked":"Skewer","floor":13.0},{"not_picked":["Backflip","Glass Knife"],"picked":"Dash","floor":14.0},{"not_picked":["Doppelganger","A Thousand Cuts"],"picked":"Burst","floor":16},{"not_picked":["Poisoned Stab","Outmaneuver"],"picked":"Quick Slash+1","floor":18},{"not_picked":["Dodge and Roll","Footwork"],"picked":"Finisher+1","floor":20},{"not_picked":["Cloak And Dagger","Flying Knee"],"picked":"Accuracy+1","floor":22},{"not_picked":["Prepared","Flechettes"],"picked":"Deflect+1","floor":24},{"not_picked":["Deadly Poison","Dagger Spray"],"picked":"Footwork","floor":27}],"player_experience":940184,"relics_obtained":[{"floor":6.0,"key":"Akabeko"},{"floor":9.0,"key":"PreservedInsect"},{"floor":13.0,"key":"Oddly Smooth Stone"},{"floor":24,"key":"Smiling Mask"},{"floor":26,"key":"Dream Catcher"},{"floor":27,"key":"Toy Ornithopter"}],"event_choices":[{"cards_removed":["Strike_G"],"damage_healed":0.0,"max_hp_gain":0.0,"max_hp_loss":0.0,"gold_gain":0.0,"event_name":"Golden Wing","player_choice":"Card Removal","floor":3.0,"gold_loss":0.0,"damage_taken":7.0},{"damage_healed":0.0,"max_hp_gain":0.0,"max_hp_loss":0.0,"gold_gain":75.0,"event_name":"World of Goop","player_choice":"Gather Gold","floor":8.0,"gold_loss":0.0,"damage_taken":11.0},{"damage_healed":0.0,"max_hp_gain":0.0,"max_hp_loss":0.0,"gold_gain":0.0,"event_name":"Shining Light","player_choice":"Entered Light","floor":12.0,"gold_loss":0.0,"damage_taken":20.0,"cards_upgraded":["PiercingWail","Defend_G"]}],"is_beta":false,"boss_relics":[{"not_picked":["Snecko Eye","WristBlade"],"picked":"Ectoplasm"}],"items_purged_floors":[],"is_endless":false,"potions_floor_spawned":[5,10,14,16,20,27],"killed_by":"Chosen and Byrds","ascension_level":20}}