{"host":"wq5h7jomr5a1xww7","time":1613164309,"event":{"mods":["BaseMod","Beaked The Cultist","Highlight Path","Minty Spire (QoL Compilation)","Relic Stats","StSLib"],"gold_per_floor":[113,113,1,18,29,60,60,95,95,95,108,118,147,166,166,267,267,282,296,17,32,44,44,44],"floor_reached":23,"language":"ENG","playtime":1874,"items_purged":["beaked:Strike_Y","beaked:Strike_Y"],"score":226,"play_id":"0713752d-fe9f-4f31-a19f-8b8b9eb90cdd","local_time":"20210212151149","is_ascension_mode":true,"campfire_choices":[{"data":"beaked:SacrificialAttack","floor":7.0,"key":"SMITH"},{"data":"beaked:CursingBlood","floor":10.0,"key":"SMITH"}],"circlet_count":0,"master_deck":["beaked:Strike_Y","beaked:Strike_Y","beaked:Strike_Y","beaked:Strike_Y","beaked:Defend_Y","beaked:Defend_Y","beaked:Defend_Y","beaked:Defend_Y","beaked:Ceremony","beaked:Ceremony","beaked:Ceremony","beaked:TuckingFeathers","beaked:SacrificialAttack+1","beaked:MimicWarrior","beaked:Flinch","beaked:CursingBlood+1","beaked:WarriorEssence","beaked:BounceBack","beaked:Hexing","beaked:SacrificialScars","beaked:ScreechingChant","beaked:WarriorEssence","beaked:Evade","beaked:CursingBlood","beaked:Flinch"],"relics":["beaked:MendingPlumage","InkBottle","Question Card","Mummified Hand","MealTicket","Runic Pyramid","beaked:ThroatLozenge"],"acts_visited":["Exordium","TheCity"],"potions_floor_usage":[21,23,23],"damage_taken":[{"damage":2.0,"enemies":"2 Louse","floor":1.0,"turns":5.0},{"damage":1.0,"enemies":"Cultist","floor":4.0,"turns":4.0},{"damage":11.0,"enemies":"Jaw Worm","floor":5.0,"turns":6.0},{"damage":31.0,"enemies":"3 Sentries","floor":6.0,"turns":6.0},{"damage":1.0,"enemies":"Lagavulin","floor":8.0,"turns":10.0},{"damage":5.0,"enemies":"Blue Slaver","floor":11.0,"turns":6.0},{"damage":7.0,"enemies":"Large Slime","floor":12.0,"turns":9.0},{"damage":29.0,"enemies":"3 Sentries","floor":13.0,"turns":6.0},{"damage":20.0,"enemies":"Looter","floor":14.0,"turns":4.0},{"damage":8.0,"enemies":"Hexaghost","floor":16.0,"turns":9.0},{"damage":34,"enemies":"Spheric Guardian","floor":18,"turns":6},{"damage":19,"enemies":"Chosen","floor":19,"turns":8},{"damage":74,"enemies":"Sentry and Sphere","floor":21,"turns":10},{"damage":24,"enemies":"Shelled Parasite and Fungi","floor":22,"turns":16},{"damage":97,"enemies":"Slavers","floor":23,"turns":5}],"seed_played":"-3656935456974389843","potions_obtained":[{"floor":0.0,"key":"SkillPotion"},{"floor":0.0,"key":"Energy Potion"},{"floor":0.0,"key":"FairyPotion"},{"floor":4.0,"key":"Swift Potion"},{"floor":8.0,"key":"SmokeBomb"},{"floor":12.0,"key":"PowerPotion"},{"floor":22,"key":"LiquidMemories"}],"is_trial":false,"path_per_floor":["M","?","$","M","M","E","R","E","T","R","M","M","E","M","R","B",null,"M","M","$","M","M","E"],"character_chosen":"BEAKED_THE_CULTIST","items_purchased":["beaked:MimicWarrior","beaked:ThroatLozenge","beaked:CursingBlood"],"campfire_rested":0,"item_purchase_floors":[3,20,20],"current_hp_per_floor":[50,50,50,50,50,31,31,50,50,50,50,50,38,34,34,57,57,40,46,61,16,46,0,0],"gold":44,"neow_bonus":"THREE_SMALL_POTIONS","is_daily":false,"chose_seed":false,"campfire_upgraded":2,"win_rate":0.0,"timestamp":1613164309,"path_taken":["M","?","$","M","M","E","R","E","T","R","M","M","E","M","R","BOSS","M","M","$","M","?","E"],"items_purchased_type":["Card","Relic","Card"],"build_version":"2020-12-22","purchased_purges":2,"victory":false,"max_hp_per_floor":[50,50,50,50,50,50,50,50,50,50,50,50,53,55,55,57,57,59,61,61,61,63,63,63],"relic_stats":{"counters":[15,110],"Mummified Hand":[44],"MealTicket":15,"Question Card":9,"obtain_stats":[{"beaked:ThroatLozenge":20,"Mummified Hand":9,"MealTicket":13,"beaked:MendingPlumage":0,"Question Card":8,"InkBottle":6,"Runic Pyramid":17},{"beaked:ThroatLozenge":12,"Mummified Hand":5,"MealTicket":8,"beaked:MendingPlumage":0,"Question Card":5,"InkBottle":4,"Runic Pyramid":10},{"beaked:ThroatLozenge":79,"Mummified Hand":31,"MealTicket":52,"beaked:MendingPlumage":0,"Question Card":31,"InkBottle":21,"Runic Pyramid":65}],"InkBottle":[26]},"card_choices":[{"not_picked":["beaked:HuntressEssence","beaked:Overexert"],"picked":"beaked:TuckingFeathers","floor":1.0},{"not_picked":["beaked:Poke","beaked:Resilience"],"picked":"beaked:Flinch","floor":5.0},{"not_picked":["beaked:RuinSticks","beaked:VigorBurst"],"picked":"beaked:CursingBlood","floor":6.0},{"not_picked":["beaked:TuckingFeathers","beaked:LiftOff"],"picked":"beaked:WarriorEssence","floor":8.0},{"not_picked":["beaked:Resilience","beaked:CursingBlood","beaked:Flinch"],"picked":"beaked:BounceBack","floor":11.0},{"not_picked":["beaked:Molting","beaked:Recite","beaked:FeelMyPain"],"picked":"beaked:Hexing","floor":12.0},{"not_picked":["beaked:Evade","beaked:Flinch","beaked:Molting"],"picked":"beaked:SacrificialScars","floor":13.0},{"not_picked":["beaked:Caw","beaked:Sacrifice","beaked:AwakenedForm"],"picked":"beaked:ScreechingChant","floor":16.0},{"not_picked":["beaked:Resilience+1","beaked:FeelMyPain+1","beaked:MachineSpirit+1"],"picked":"beaked:WarriorEssence","floor":18},{"not_picked":["beaked:MimicWarrior","beaked:Tradeoff+1","beaked:Redirect"],"picked":"beaked:Evade","floor":19},{"not_picked":["beaked:Windmill","beaked:Evade","beaked:Poke"],"picked":"beaked:Flinch","floor":21}],"player_experience":101103,"relics_obtained":[{"floor":6.0,"key":"InkBottle"},{"floor":8.0,"key":"Question Card"},{"floor":9.0,"key":"Mummified Hand"},{"floor":13.0,"key":"MealTicket"}],"event_choices":[{"damage_healed":0.0,"max_hp_gain":0.0,"max_hp_loss":0.0,"gold_gain":0.0,"event_name":"Match and Keep!","player_choice":"1 cards matched","floor":2.0,"gold_loss":0.0,"damage_taken":0.0,"cards_obtained":["beaked:SacrificialAttack"]}],"is_beta":false,"boss_relics":[{"not_picked":["beaked:SacrificeDoll","Tiny House"],"picked":"Runic Pyramid"}],"items_purged_floors":[3,20],"is_endless":false,"potions_floor_spawned":[4,8,12,14,18,22],"killed_by":"Slavers","ascension_level":1}}