{"host":"s24sb66hw4a4sfft","time":1613109075,"event":{"mods":["AchievementEnabler","BaseMod","Colored Map","Colored Powertips","Googly Eyes","Hermit","Hubris","Minty Spire (QoL Compilation)","Quick Restart","Shop Mod","StSLib"],"gold_per_floor":[111,36,50,64,81,109,109,168,213,163,197,197,206,254,254,391,391,405,64,89,373,403,403,403],"floor_reached":23,"language":"ENG","playtime":1046,"items_purged":["hermit:Strike_Hermit","Injury"],"score":199,"play_id":"b1fb6fe3-75d2-4780-bfba-820ed2588fe0","local_time":"20210212005115","is_ascension_mode":false,"campfire_choices":[{"data":"hermit:Snapshot","floor":7.0,"key":"SMITH"},{"floor":15.0,"key":"REST"}],"circlet_count":0,"master_deck":["hermit:Strike_Hermit","hermit:Strike_Hermit","hermit:Defend_Hermit","hermit:Defend_Hermit","hermit:Defend_Hermit","hermit:Defend_Hermit","hermit:Snapshot+1","hermit:Covet","hermit:Headshot","hermit:Roulette","hermit:Quickdraw","hermit:Quickdraw+1","hermit:RoundhouseKick","hermit:Quickdraw","Bandage Up","Regret","hermit:FinalCanter"],"relics":["hermit:Momento","NeowsBlessing","hermit:RyeStalk","hubris:SlimyHat","Tiny Chest","CeramicFish","Golden Idol","Vajra","hubris:TerracottaHorce","Akabeko"],"acts_visited":["Exordium","TheCity"],"potions_floor_usage":[16,18],"damage_taken":[{"damage":0.0,"enemies":"Jaw Worm","floor":1.0,"turns":1.0},{"damage":0.0,"enemies":"Small Slimes","floor":3.0,"turns":1.0},{"damage":0.0,"enemies":"2 Louse","floor":4.0,"turns":1.0},{"damage":2.0,"enemies":"Large Slime","floor":5.0,"turns":6.0},{"damage":18.0,"enemies":"Gremlin Nob","floor":6.0,"turns":4.0},{"damage":12.0,"enemies":"3 Sentries","floor":8.0,"turns":6.0},{"damage":16.0,"enemies":"Lagavulin","floor":11.0,"turns":5.0},{"damage":5,"enemies":"Slime Boss","floor":16,"turns":7},{"damage":21,"enemies":"3 Byrds","floor":18,"turns":5},{"damage":9,"enemies":"Shell Parasite","floor":20,"turns":3},{"damage":0,"enemies":"Snake Plant","floor":22,"turns":2},{"damage":36,"enemies":"Gremlin Leader","floor":23,"turns":4}],"seed_played":"-5700201052273412290","potions_obtained":[{"floor":5.0,"key":"Block Potion"},{"floor":6.0,"key":"SpeedPotion"},{"floor":11.0,"key":"Fire Potion"},{"floor":16,"key":"hermit:Tonic"}],"is_trial":false,"path_per_floor":["M","$","M","M","M","E","R","?","T","?","E","?","?","T","R","B",null,"M","$","M","?","M","E"],"character_chosen":"HERMIT","items_purchased":["Akabeko","hermit:Quickdraw","Bandage Up"],"campfire_rested":1,"item_purchase_floors":[19,19,19],"current_hp_per_floor":[75,75,75,75,73,55,55,43,43,43,27,27,27,27,49,44,67,46,46,41,41,41,9,9],"gold":403,"neow_bonus":"THREE_ENEMY_KILL","is_daily":false,"chose_seed":false,"campfire_upgraded":1,"win_rate":0.0,"timestamp":1613109075,"path_taken":["M","$","M","M","M","E","R","?","T","?","E","?","?","?","R","BOSS","M","$","M","?","M","E"],"items_purchased_type":["Relic","Card","Card"],"build_version":"2020-12-22","purchased_purges":2,"victory":false,"max_hp_per_floor":[75,75,75,75,75,75,75,75,75,75,75,75,75,75,75,75,75,75,75,75,75,75,75,75],"card_choices":[{"not_picked":["hermit:Misfire","hermit:CalledShot","hermit:GhostlyPresence"],"picked":"SKIP","floor":1.0},{"not_picked":["hermit:BodyArmor","hermit:Manifest"],"picked":"hermit:Headshot","floor":3.0},{"not_picked":["hermit:Vantage","hermit:BodyArmor","hermit:TakeCover"],"picked":"SKIP","floor":4.0},{"not_picked":["hermit:TrackingShot","hermit:BodyArmor"],"picked":"hermit:Roulette","floor":5.0},{"not_picked":["hermit:Purgatory","hermit:LuckOfTheDraw","hermit:LowProfile"],"picked":"SKIP","floor":6.0},{"not_picked":["hermit:Midnight","hermit:NoHoldsBarred"],"picked":"hermit:Quickdraw","floor":8.0},{"not_picked":["hermit:Roulette","hermit:Determination"],"picked":"hermit:Quickdraw","floor":11.0},{"not_picked":["hermit:Magnum","hermit:Roughhouse"],"picked":"hermit:RoundhouseKick","floor":16},{"not_picked":["hermit:Showdown","hermit:Maintenance","hermit:Virtue"],"picked":"SKIP","floor":18},{"not_picked":["hermit:Roulette+1","hermit:CalledShot","hermit:LowProfile"],"picked":"SKIP","floor":20},{"not_picked":["hermit:ShadowCloak","hermit:Misfire"],"picked":"hermit:FinalCanter","floor":22}],"player_experience":619355,"relics_obtained":[{"floor":6.0,"key":"hermit:RyeStalk"},{"floor":9.0,"key":"Tiny Chest"},{"floor":11.0,"key":"CeramicFish"},{"floor":14.0,"key":"Vajra"}],"event_choices":[{"damage_healed":0.0,"max_hp_gain":0.0,"max_hp_loss":0.0,"gold_gain":0.0,"event_name":"Dead Adventurer","player_choice":"Searched \u00272\u0027 times","floor":8.0,"gold_loss":0.0,"damage_taken":0.0,"relics_obtained":["hubris:SlimyHat"]},{"cards_removed":["hermit:Strike_Hermit"],"damage_healed":0.0,"max_hp_gain":0.0,"max_hp_loss":0.0,"gold_gain":0.0,"event_name":"The Cleric","player_choice":"Card Removal","floor":10.0,"gold_loss":50.0,"damage_taken":0.0},{"damage_healed":0.0,"max_hp_gain":0.0,"max_hp_loss":0.0,"gold_gain":0.0,"event_name":"Living Wall","player_choice":"Grow","floor":12.0,"gold_loss":0.0,"damage_taken":0.0,"cards_upgraded":["hermit:Quickdraw"]},{"damage_healed":0.0,"max_hp_gain":0.0,"max_hp_loss":0.0,"gold_gain":0.0,"event_name":"Golden Idol","player_choice":"Take Wound","floor":13.0,"gold_loss":0.0,"damage_taken":0.0,"relics_obtained":["Golden Idol"],"cards_obtained":["Injury"]},{"damage_healed":0,"gold_gain":275,"player_choice":"Desecrate","damage_taken":0,"max_hp_gain":0,"max_hp_loss":0,"event_name":"Golden Shrine","floor":21,"gold_loss":0,"cards_obtained":["Regret"]}],"is_beta":false,"boss_relics":[{"not_picked":["Astrolabe","hermit:ClaspedLocket"],"picked":"hubris:TerracottaHorce"}],"items_purged_floors":[2,19],"is_endless":false,"potions_floor_spawned":[5,6,11,16],"killed_by":"Gremlin Leader","ascension_level":0}}