{"host":"pqs17sqrgflf4eqa","time":1613105421,"event":{"mods":["AchievementEnabler","BaseMod","Bestiary","Better Altar","Colored Map","Colored Powertips","Emptier Cage","Googly Eyes","Highlight Path","Minty Spire (QoL Compilation)","Quick Restart","StSLib","SuperFastMode","Transform Curses","slay the spire mod where everything is the same but ironclad has a cowboy hat"],"gold_per_floor":[117,131,147,222,237,237,266,277,303,322,322,322,322,349,349,451,451,471,482,397,1,1,334,404,454,479,504,504,504],"floor_reached":28,"language":"ENG","playtime":542,"items_purged":[],"score":366,"play_id":"cf70ecf7-bc8f-44b8-864e-d238307aa5e7","local_time":"20210211235021","is_ascension_mode":true,"campfire_choices":[{"data":"Eruption","floor":6.0,"key":"SMITH"},{"floor":11.0,"key":"REST"},{"data":"Crescendo","floor":13.0,"key":"SMITH"},{"data":"BattleHymn","floor":15.0,"key":"SMITH"}],"circlet_count":0,"master_deck":["Strike_P+1","Strike_P","Strike_P","Strike_P","Defend_P","Defend_P","Defend_P","Defend_P+1","Eruption+1","Vigilance","SandsOfTime","Halt+1","Evaluate","ClearTheMind","Perseverance","FlyingSleeves","Crescendo+1","BattleHymn+1","Brilliance","Crescendo+1","SandsOfTime","EmptyFist+1","Perseverance","SashWhip+1"],"relics":["PureWater","Damaru","PreservedInsect","Strawberry","War Paint","Sozu","Membership Card","TungstenRod","Blood Vial","SsserpentHead","Old Coin","Nloth\u0027s Gift","Pen Nib","Whetstone"],"acts_visited":["Exordium","TheCity"],"potions_floor_usage":[],"damage_taken":[{"damage":3.0,"enemies":"2 Louse","floor":1.0,"turns":2.0},{"damage":0.0,"enemies":"Small Slimes","floor":2.0,"turns":2.0},{"damage":0.0,"enemies":"Cultist","floor":3.0,"turns":2.0},{"damage":0.0,"enemies":"Large Slime","floor":5.0,"turns":4.0},{"damage":18.0,"enemies":"Gremlin Nob","floor":7.0,"turns":3.0},{"damage":14.0,"enemies":"Exordium Thugs","floor":8.0,"turns":4.0},{"damage":13.0,"enemies":"Blue Slaver","floor":10.0,"turns":4.0},{"damage":0.0,"enemies":"Lagavulin","floor":14.0,"turns":4.0},{"damage":13.0,"enemies":"The Guardian","floor":16.0,"turns":10.0},{"damage":0.0,"enemies":"Spheric Guardian","floor":18.0,"turns":2.0},{"damage":17.0,"enemies":"Shell Parasite","floor":19.0,"turns":4.0},{"damage":40.0,"enemies":"Slavers","floor":23.0,"turns":4.0},{"damage":9.0,"enemies":"Shelled Parasite and Fungi","floor":24.0,"turns":4.0},{"damage":18,"enemies":"Gremlin Leader","floor":27,"turns":3},{"damage":6,"enemies":"Snake Plant","floor":28,"turns":1}],"seed_played":"4629969114446788083","potions_obtained":[{"floor":1.0,"key":"Dexterity Potion"},{"floor":2.0,"key":"AttackPotion"},{"floor":7.0,"key":"EssenceOfSteel"},{"floor":10.0,"key":"Energy Potion"}],"is_trial":false,"path_per_floor":["M","M","M","?","M","R","E","M","T","M","R","?","R","E","R","B",null,"M","M","?","$","?","E","M","?","T","E","M"],"character_chosen":"WATCHER","items_purchased":["Membership Card","TungstenRod","Blood Vial","EmptyFist"],"campfire_rested":1,"item_purchase_floors":[21,21,21,21],"current_hp_per_floor":[69,69,69,58,58,58,40,26,33,20,43,48,48,48,48,35,72,72,55,55,55,55,17,20,20,20,4,0,0],"gold":504,"neow_bonus":"RANDOM_COMMON_RELIC","is_daily":false,"chose_seed":false,"campfire_upgraded":3,"win_rate":0.0,"timestamp":1613105421,"path_taken":["M","M","M","?","M","R","E","M","T","M","R","?","R","E","R","BOSS","M","M","?","$","?","E","?","?","T","E","M"],"items_purchased_type":["Relic","Relic","Relic","Card"],"build_version":"2020-12-22","purchased_purges":0,"victory":false,"max_hp_per_floor":[72,72,72,72,72,72,72,72,79,79,79,84,84,84,84,84,84,84,84,84,84,84,84,84,84,84,84,84,84],"card_choices":[{"not_picked":["Fasting2","LikeWater"],"picked":"SandsOfTime","floor":1.0},{"not_picked":["BowlingBash","ForeignInfluence"],"picked":"Halt","floor":2.0},{"not_picked":["LikeWater","CrushJoints"],"picked":"Evaluate","floor":3.0},{"not_picked":["PathToVictory","Study"],"picked":"ClearTheMind","floor":5.0},{"not_picked":["WheelKick","PathToVictory"],"picked":"Perseverance","floor":7.0},{"not_picked":["Swivel","Halt"],"picked":"FlyingSleeves","floor":8.0},{"not_picked":["JustLucky","Collect"],"picked":"Crescendo","floor":10.0},{"not_picked":["Perseverance","MasterReality"],"picked":"BattleHymn","floor":14.0},{"not_picked":["Alpha","Blasphemy"],"picked":"Brilliance","floor":16.0},{"not_picked":["FlurryOfBlows","Evaluate"],"picked":"Crescendo+1","floor":18.0},{"not_picked":["Evaluate","Fasting2"],"picked":"SandsOfTime","floor":19.0},{"not_picked":["WreathOfFlame","FlyingSleeves"],"picked":"Perseverance","floor":23.0},{"not_picked":["WheelKick","MentalFortress","SashWhip"],"picked":"SKIP","floor":24.0},{"not_picked":["Adaptation","Establishment"],"picked":"SashWhip+1","floor":27}],"player_experience":167570,"relics_obtained":[{"floor":7.0,"key":"PreservedInsect"},{"floor":9.0,"key":"Strawberry"},{"floor":14.0,"key":"War Paint"},{"floor":23.0,"key":"Old Coin"},{"floor":26.0,"key":"Pen Nib"},{"floor":27,"key":"Whetstone"}],"event_choices":[{"damage_healed":0.0,"max_hp_gain":0.0,"max_hp_loss":0.0,"gold_gain":75.0,"event_name":"World of Goop","player_choice":"Gather Gold","floor":4.0,"gold_loss":0.0,"damage_taken":11.0},{"damage_healed":0.0,"max_hp_gain":5.0,"max_hp_loss":0.0,"gold_gain":0.0,"event_name":"Big Fish","player_choice":"Donut","floor":12.0,"gold_loss":0.0,"damage_taken":0.0},{"damage_healed":0.0,"max_hp_gain":0.0,"max_hp_loss":0.0,"gold_gain":0.0,"event_name":"Addict","player_choice":"Obtained Relic","floor":20.0,"gold_loss":85.0,"damage_taken":0.0,"relics_obtained":["Toy Ornithopter"]},{"damage_healed":0.0,"max_hp_gain":0.0,"max_hp_loss":0.0,"gold_gain":0.0,"event_name":"FaceTrader","player_choice":"Trade","floor":22.0,"gold_loss":0.0,"damage_taken":0.0,"relics_obtained":["SsserpentHead"]},{"damage_healed":0.0,"max_hp_gain":0.0,"max_hp_loss":0.0,"gold_gain":0.0,"event_name":"N\u0027loth","player_choice":"Traded Relic","floor":25.0,"relics_lost":["Toy Ornithopter"],"gold_loss":0.0,"damage_taken":0.0,"relics_obtained":["Nloth\u0027s Gift"]}],"is_beta":false,"boss_relics":[{"not_picked":["Velvet Choker","SlaversCollar"],"picked":"Sozu"}],"items_purged_floors":[],"is_endless":false,"potions_floor_spawned":[1,2,7,10,18,19,23],"killed_by":"Snake Plant","ascension_level":5}}