{"host":"5m2js577gj4e7pak","time":1613137990,"event":{"mods":["AchievementEnabler","BaseMod","Better Match","Better Note","Better Third Choice","BetterRewards","Colored Map","Colored Powertips","Highlight Path","Lobotomy","LobotomyExtend","Minty Spire (QoL Compilation)","Quick Restart","Relic Filter","Spicy Shops","StSLib"],"gold_per_floor":[115,0,0,0,15,15,15,30,54,85,97,142,166,203,215,328,340,352,352],"floor_reached":18,"language":"ENG","playtime":613,"items_purged":[],"score":309,"play_id":"b4453e9b-5bde-4473-8dde-b0a052533184","local_time":"20210212145310","is_ascension_mode":true,"campfire_choices":[],"circlet_count":0,"master_deck":["DespairKnight","Woodsman","SpecialBullet","SpecialBullet","SpecialBullet","SpecialBullet","SpecialBullet","SpecialBullet","SpecialBullet","ControlCode","SecurityCode","GreenStem","Penitence","Pleasure","Enlightenment","Heel Hook+1","Ecstasy","ShyLook","Beak","SomewhereSpear","BigBadWolf","RedEyes","Mercenary","Lamp+1","BigBird","Pinks"],"relics":["CogitoBucket","Mango","Unceasing Top","LetterFromLob","Omamori","Logging_r","MawBank","Gremlin Horn","SwordSharpenedByTears_r","AspirationHeart","Mummified Hand","Black Star"],"acts_visited":["Exordium","TheCity"],"potions_floor_usage":[5,18,18,18],"damage_taken":[{"damage":6,"enemies":"Cultist","floor":1,"turns":3},{"damage":14,"enemies":"2 Louse","floor":5,"turns":3},{"damage":11,"enemies":"Jaw Worm","floor":8,"turns":2},{"damage":11,"enemies":"Exordium Wildlife","floor":10,"turns":2},{"damage":6,"enemies":"3 Sentries","floor":12,"turns":5},{"damage":50,"enemies":"Lots of Slimes","floor":13,"turns":9},{"damage":14,"enemies":"Gremlin Nob","floor":14,"turns":4},{"damage":50,"enemies":"Slime Boss","floor":16,"turns":8},{"damage":110,"enemies":"Spheric Guardian","floor":18,"turns":3}],"seed_played":"-5389838054522578905","potions_obtained":[{"floor":1,"key":"Fire Potion"},{"floor":12,"key":"Energy Potion"},{"floor":13,"key":"Explosive Potion"},{"floor":14,"key":"LiquidBronze"}],"is_trial":false,"path_per_floor":["M","?","$","?","M","R","?","M","T","M","R","E","M","E","R","B",null,"M"],"character_chosen":"Angela","items_purchased":["Unceasing Top","Penitence"],"campfire_rested":0,"item_purchase_floors":[0,0],"current_hp_per_floor":[69,75,75,61,55,55,55,61,61,76,76,90,80,90,90,89,97,0,0],"gold":352,"neow_bonus":"","is_daily":false,"chose_seed":false,"campfire_upgraded":0,"win_rate":0.0,"timestamp":1613137990,"path_taken":["M","?","$","?","M","R","?","M","T","M","R","E","?","E","R","BOSS","M"],"items_purchased_type":["Relic","Card"],"build_version":"2020-12-22","purchased_purges":0,"victory":false,"max_hp_per_floor":[84,90,90,90,90,90,90,90,90,90,90,90,100,100,100,97,97,97,97],"card_choices":[{"not_picked":["FairyFestival","Wellcheers"],"picked":"Woodsman","floor":1},{"not_picked":["FourthMatchFlame"],"picked":"Pleasure","floor":1},{"not_picked":["Bloodbath","Freischutz"],"picked":"DespairKnight","floor":5},{"not_picked":["CherryBlossom"],"picked":"Ecstasy","floor":5},{"not_picked":["MeatLantern","NakedNest"],"picked":"ShyLook","floor":8},{"not_picked":["Amita","Lantern"],"picked":"SKIP","floor":8},{"not_picked":["Noise"],"picked":"Beak","floor":10},{"not_picked":["Twilight"],"picked":"SomewhereSpear","floor":12},{"not_picked":["Bloodbath","FieryBird"],"picked":"BigBadWolf","floor":13},{"not_picked":["Loneliness"],"picked":"RedEyes","floor":13},{"not_picked":["MeltingLove","RedShoes"],"picked":"Mercenary","floor":14},{"not_picked":["Amita"],"picked":"Lamp","floor":14},{"not_picked":["Laetitia","Murderer"],"picked":"BigBird","floor":16},{"not_picked":["TheSmile"],"picked":"Pinks","floor":16}],"player_experience":70665,"relics_obtained":[{"floor":1,"key":"LetterFromLob"},{"floor":9,"key":"MawBank"},{"floor":12,"key":"Gremlin Horn"},{"floor":14,"key":"Mummified Hand"}],"event_choices":[{"damage_healed":0,"gold_gain":0,"player_choice":"RENOUNCE","damage_taken":115,"max_hp_gain":0,"max_hp_loss":0,"event_name":"betterThird:BetterSerpent","floor":2,"gold_loss":115,"cards_obtained":["Enlightenment"]},{"cards_removed":["InformationCode"],"damage_healed":0,"gold_gain":0,"player_choice":"Purged","damage_taken":0,"max_hp_gain":0,"max_hp_loss":0,"event_name":"Purifier","floor":7,"gold_loss":0}],"is_beta":false,"boss_relics":[{"not_picked":["SacredBark","Runic Dome"],"picked":"Black Star"}],"items_purged_floors":[],"is_endless":false,"potions_floor_spawned":[1,12,13,14],"killed_by":"Spheric Guardian","ascension_level":1}}