{"host":"yrtk68ixj64vhhh3","time":1613103483,"event":{"mods":["100% Spire Juice","2.2 Compatiblity","AchievementEnabler","Aspiration","BaseMod","Better Altar","Better Match","Better Note","Better Silent Start","Better Skull","Better Third Choice","Colored Map","Colored Powertips","Conspire","Dio Mod","Downfall","Energized Spire","Hubris","Infinite Spire","Marisa????????","Minty Spire (QoL Compilation)","Prisma Mod","RNG Fix","Random Character Button","Random Character Mod","Reliquary","Remilia??????","StSLib","Steal the Spire","Td1madao Mod","The Alterego","The Animator","The Bug Knight","The Hierophant","The Mystic","The Poker Player","The Runesmith","The Servant 0.9.4","The Wild Card","TheHero"],"gold_per_floor":[112,112,125,125,138,163,163,131,207,207,22,39,15,45,45,167,167,184,184,197,197,197,197,197,224,273,273,289,289,321,72,72,194,194,211,225,225,236,236,236,249,284,307,307,307,307],"floor_reached":45,"language":"ENG","playtime":3822,"items_purged":[],"score":590,"play_id":"1e4fb6ed-239b-40d1-8a7c-ce86be1da11c","local_time":"20210212171803","is_ascension_mode":false,"campfire_choices":[{"floor":7,"key":"REST"},{"floor":10,"key":"RECALL"},{"floor":15,"key":"REST"},{"data":"Mayhem","floor":23,"key":"SMITH"},{"floor":29,"key":"REST"},{"data":"DemonKingCradle","floor":32,"key":"SMITH"},{"floor":40,"key":"REST"}],"circlet_count":0,"master_deck":["Strike_RM","Strike_RM","Strike_RM","Strike_RM","Defend_RM","Defend_RM","Defend_RM","Defend_RM","RedMoon","ScarletShoot","BlasphemousPunishment","NightDance","DiffusionOfMisfortune","UnstableMagic","FavorOfDestiny","Mayhem+1","VampireSweep","BloodHunter","Ultimatum","ScarletCoffin","NightLord+1","Stigmanizer","StarOfDavid+1","infinitespire:Gouge","DemonKingCradle+1","SuperhumanBloodyKnife+1","EndlessAdversity+1","VampireKiss+1","CharismaGuard","Blind","TransientEternity","DiffusionOfMisfortune","NightDance+1","Metamorphosis","MastersStateliness","infinitespire:Collect","TwelveNightmare","VampireClaw+1"],"relics":["ScarletHat","hubris:Icosahedron","hubris:Towel","infinitespire:Beetle Shell","aspiration:MobileForge","energizedSpire:OgreHead","Gungnir","Gungnir","Vajra","reliquary:WeakTea","Black Star","conspire:Dentures","HollowMod:PaleOreRelic","hubris:TinFlute","Whetstone","hubris:TenFootPole"],"acts_visited":["Exordium","TheCity","TheBeyond"],"potions_floor_usage":[16,16,16,33,33,33,42,45],"damage_taken":[{"damage":0,"enemies":"2 Louse","floor":1,"turns":3},{"damage":10,"enemies":"Cultist","floor":3,"turns":2},{"damage":13,"enemies":"Jaw Worm","floor":5,"turns":6},{"damage":23,"enemies":"Lagavulin","floor":6,"turns":9},{"damage":10,"enemies":"Blue Slaver","floor":8,"turns":2},{"damage":15,"enemies":"Lots of Slimes","floor":12,"turns":3},{"damage":21,"enemies":"Exordium Thugs","floor":13,"turns":5},{"damage":0,"enemies":"Looter","floor":14,"turns":3},{"damage":10,"enemies":"Slime Boss","floor":16,"turns":3},{"damage":17,"enemies":"Spheric Guardian","floor":18,"turns":5},{"damage":10,"enemies":"3 Byrds","floor":20,"turns":4},{"damage":26,"enemies":"Book of Stabbing","floor":25,"turns":6},{"damage":11,"enemies":"Centurion and Healer","floor":28,"turns":2},{"damage":12,"enemies":"Chosen and Byrds","floor":30,"turns":4},{"damage":40,"enemies":"Champ","floor":33,"turns":5},{"damage":40,"enemies":"3 Shapes","floor":35,"turns":4},{"damage":36,"enemies":"3 Darklings","floor":36,"turns":6},{"damage":23,"enemies":"Transient","floor":38,"turns":5},{"damage":12,"enemies":"Sphere and 2 Shapes","floor":41,"turns":2},{"damage":10,"enemies":"Giant Head","floor":42,"turns":5},{"damage":15,"enemies":"infinitespire:Three Voidlings","floor":45,"turns":4},{"damage":74,"enemies":"Nightmare_Alpha","floor":45,"turns":8}],"seed_played":"-7965537950174009527","potions_obtained":[{"floor":3,"key":"BlessingOfTheForge"},{"floor":8,"key":"SteroidPotion"},{"floor":12,"key":"bronze:BurnAndBuffPotion"},{"floor":13,"key":"PowerPotion"},{"floor":14,"key":"Strength Potion"},{"floor":16,"key":"Explosive Potion"},{"floor":18,"key":"bronze:BurnAndBuffPotion"},{"floor":25,"key":"ColorlessPotion"},{"floor":25,"key":"Regen Potion"},{"floor":30,"key":"LiquidBronze"},{"floor":30,"key":"BlessingOfTheForge"},{"floor":35,"key":"Energy Potion"},{"floor":36,"key":"Weak Potion"},{"floor":41,"key":"infinitespire:BlackPotion"},{"floor":42,"key":"Fire Potion"}],"is_trial":false,"path_per_floor":["M","?","M","?","M","E","R","M","T","R","$","M","M","M","R","B",null,"M","?","M","AVR","?","R","?","E","T","?","M","R","M","$","R","B",null,"M","M","?","M","AVR","R","M","E","T","?","?"],"character_chosen":"REMILIA","items_purchased":["Mayhem","CharismaGuard","reliquary:WeakTea","Blind"],"campfire_rested":4,"item_purchase_floors":[11,31,31,31],"current_hp_per_floor":[82,82,73,73,62,45,69,61,61,61,61,46,27,28,52,51,82,70,70,60,60,68,68,68,50,50,50,43,67,57,57,57,32,82,46,15,15,8,8,32,20,48,48,48,0,0],"gold":307,"neow_bonus":"TEN_PERCENT_HP_BONUS","is_daily":false,"chose_seed":false,"campfire_upgraded":2,"win_rate":0.0,"timestamp":1613103483,"path_taken":["M","?","M","?","M","E","R","M","T","R","$","M","M","M","R","BOSS","M","?","M","AVR","?","R","?","E","T","?","M","R","?","?","R","BOSS","M","M","?","M","AVR","R","M","E","T","?","?"],"items_purchased_type":["Card","Card","Relic","Card"],"build_version":"2020-12-22","purchased_purges":0,"victory":false,"max_hp_per_floor":[82,82,82,82,82,82,82,82,82,82,82,82,82,82,82,82,82,82,82,82,82,82,82,82,82,82,82,82,82,82,82,82,82,82,82,82,82,82,82,82,82,82,82,82,82,82],"card_choices":[{"not_picked":["ScarletDevilSign","StarOfDavid"],"picked":"BlasphemousPunishment","floor":1},{"not_picked":["ScarletDevil","BlasphemousPunishment"],"picked":"NightDance","floor":3},{"not_picked":["RedMagic","EndlessAdversity"],"picked":"DiffusionOfMisfortune","floor":5},{"not_picked":["BombardNight","ScarletDevilSign"],"picked":"UnstableMagic","floor":6},{"not_picked":["BlasphemousPunishment","NightDance"],"picked":"FavorOfDestiny","floor":8},{"not_picked":["ScarletDream","BloodHunter"],"picked":"VampireSweep","floor":12},{"not_picked":["UnstableMagic","BlasphemousPunishment"],"picked":"BloodHunter","floor":13},{"not_picked":["UnderTheZenith","BlasphemousPunishment"],"picked":"Ultimatum","floor":14},{"not_picked":["TricksterDevil","BatForm"],"picked":"ScarletCoffin","floor":16},{"not_picked":["EndlessAdversity","BloodHunter"],"picked":"NightLord+1","floor":18},{"not_picked":["BloodyTrap","DevilSight+1"],"picked":"Stigmanizer","floor":20},{"not_picked":["BloodyMagicSquare+1","DiffusionOfMisfortune"],"picked":"StarOfDavid+1","floor":20},{"not_picked":["FavorOfDestiny","NightDance"],"picked":"DemonKingCradle","floor":25},{"not_picked":["VampireSweep","UnstableMagic+1"],"picked":"SuperhumanBloodyKnife","floor":28},{"not_picked":["Stigmanizer+1","ScarletDevil"],"picked":"EndlessAdversity","floor":30},{"not_picked":["NightDance+1","BloodyMagicSquare"],"picked":"VampireKiss","floor":30},{"not_picked":["ScarletCoffin","BloodRain"],"picked":"TransientEternity","floor":33},{"not_picked":["EndlessAdversity","UnstableMagic"],"picked":"DiffusionOfMisfortune","floor":35},{"not_picked":["GlobalNightmare","DiffusionOfMisfortune"],"picked":"NightDance+1","floor":36},{"not_picked":["Chrysalis","Madness"],"picked":"Metamorphosis","floor":37},{"not_picked":["UnstableMagic","RedNightlessCastle"],"picked":"MastersStateliness","floor":38},{"not_picked":["MastersStateliness","UltimateOffering+1"],"picked":"TwelveNightmare","floor":41},{"not_picked":["GlobalNightmare+1","UnderTheZenith"],"picked":"VampireClaw+1","floor":42}],"player_experience":860448,"relics_obtained":[{"floor":6,"key":"infinitespire:Beetle Shell"},{"floor":25,"key":"Gungnir"},{"floor":26,"key":"Vajra"},{"floor":35,"key":"conspire:Dentures"},{"floor":42,"key":"hubris:TinFlute"},{"floor":42,"key":"Whetstone"},{"floor":43,"key":"hubris:TenFootPole"}],"event_choices":[{"damage_healed":0,"gold_gain":0,"player_choice":"Ignored","damage_taken":0,"max_hp_gain":0,"max_hp_loss":0,"event_name":"betterNote:BetterNote","floor":19,"gold_loss":0,"cards_obtained":["PrismaMod:MiyuCheapChannelHeal"]},{"damage_healed":0,"gold_gain":0,"player_choice":"Bought 0 Potions","damage_taken":0,"max_hp_gain":0,"max_hp_loss":0,"event_name":"The Woman in Blue","floor":24,"gold_loss":0},{"damage_healed":0,"gold_gain":0,"player_choice":"Memory 1","damage_taken":0,"max_hp_gain":0,"max_hp_loss":0,"event_name":"SensoryStone","floor":37,"gold_loss":0},{"damage_healed":0,"gold_gain":0,"player_choice":"Ignored","damage_taken":0,"max_hp_gain":0,"max_hp_loss":0,"event_name":"Tomb of Lord Red Mask","floor":44,"gold_loss":0}],"is_beta":false,"boss_relics":[{"not_picked":["Sozu","energizedSpire:RedRose"],"picked":"aspiration:MobileForge"},{"not_picked":["conspire:SlowCooker","infinitespire:Cupcake"],"picked":"Black Star"}],"items_purged_floors":[],"is_endless":false,"potions_floor_spawned":[3,8,12,13,14,25,30,41,42],"killed_by":"Nightmare_Alpha","ascension_level":0}}