{"host":"5hsgormuu0lj4iiq","time":1613089373,"event":{"mods":["AchievementEnabler","BaseMod","Colored Map","Colored Powertips","Minty Spire (QoL Compilation)","Quick Restart","Relic Stats","SuperFastMode","everything is the same but u backflip on backflip","slay the spire mod where everything is the same but ironclad has a cowboy hat"],"gold_per_floor":[119,49,49,63,76,108,295,307,307],"floor_reached":8,"language":"ENG","playtime":176,"items_purged":[],"score":90,"play_id":"1bb9832f-d196-4b91-ba83-6f9a5f576138","local_time":"20210211192253","is_ascension_mode":true,"campfire_choices":[],"circlet_count":0,"master_deck":["AscendersBane","Strike_B","Strike_B","Strike_B","Defend_B","Defend_B","Defend_B","Defend_B","Zap","Dualcast","Leap","Scrape","Gash","Go for the Eyes","Biased Cognition","Doubt"],"relics":["Cracked Core","NeowsBlessing","MawBank"],"acts_visited":["Exordium"],"potions_floor_usage":[],"damage_taken":[{"damage":0,"enemies":"Small Slimes","floor":1,"turns":1},{"damage":0,"enemies":"Cultist","floor":4,"turns":1},{"damage":0,"enemies":"2 Louse","floor":5,"turns":1},{"damage":22,"enemies":"3 Sentries","floor":6,"turns":8},{"damage":52,"enemies":"Gremlin Nob","floor":8,"turns":5}],"seed_played":"-2242460149033585174","potions_obtained":[{"floor":1,"key":"BlessingOfTheForge"},{"floor":5,"key":"EssenceOfSteel"}],"is_trial":false,"path_per_floor":["M","$","?","M","M","E","?","E"],"character_chosen":"DEFECT","items_purchased":["Scrape"],"campfire_rested":0,"item_purchase_floors":[2],"current_hp_per_floor":[68,68,68,68,68,46,46,0,0],"gold":307,"neow_bonus":"THREE_ENEMY_KILL","is_daily":false,"chose_seed":false,"campfire_upgraded":0,"win_rate":0.0,"timestamp":1613089373,"path_taken":["M","$","?","M","?","E","?","E"],"items_purchased_type":["Card"],"build_version":"2020-12-22","purchased_purges":0,"victory":false,"max_hp_per_floor":[75,75,75,75,75,75,75,75,75],"relic_stats":{"counters":[5,16],"MawBank":24,"obtain_stats":[{"NeowsBlessing":0,"Cracked Core":0,"MawBank":6},{"NeowsBlessing":0,"Cracked Core":0,"MawBank":4},{"NeowsBlessing":0,"Cracked Core":0,"MawBank":11}]},"card_choices":[{"not_picked":["Force Field","Sweeping Beam"],"picked":"Leap","floor":1},{"not_picked":["Sweeping Beam","Rebound"],"picked":"Gash","floor":4},{"not_picked":["Loop","Leap"],"picked":"Go for the Eyes","floor":5},{"not_picked":["Coolheaded","Compile Driver"],"picked":"Biased Cognition","floor":6}],"player_experience":728316,"relics_obtained":[{"floor":6,"key":"MawBank"}],"event_choices":[{"cards_removed":["Strike_B"],"damage_healed":0,"gold_gain":0,"player_choice":"Purged","damage_taken":0,"max_hp_gain":0,"max_hp_loss":0,"event_name":"Purifier","floor":3,"gold_loss":0},{"damage_healed":0,"gold_gain":175,"player_choice":"AGREE","damage_taken":0,"max_hp_gain":0,"max_hp_loss":0,"event_name":"Liars Game","floor":7,"gold_loss":0,"cards_obtained":["Doubt"]}],"is_beta":false,"boss_relics":[],"items_purged_floors":[],"is_endless":false,"potions_floor_spawned":[1,5,6],"killed_by":"Gremlin Nob","ascension_level":12}}