{"host":"0kwl2uefibxd2nsv","time":1613088905,"event":{"mods":["Act Like it!","Aspiration","BaseMod","Better Note","BetterRewards","DeckTracker","Googly Eyes","Minty Spire (QoL Compilation)","Reliquary","Shop Mod","StS++","StSLib"],"gold_per_floor":[118,193,143,34,59,91,114,126,126],"floor_reached":8,"language":"ENG","playtime":78,"items_purged":[],"score":119,"play_id":"c169171a-4029-4aeb-894b-399127612348","local_time":"20210212011505","is_ascension_mode":true,"campfire_choices":[],"circlet_count":0,"master_deck":["AscendersBane","Strike_G","Strike_G","Strike_G","Strike_G","Defend_G","Defend_G","Defend_G","Defend_G","Defend_G","Survivor","Neutralize","Deadly Poison","Backflip","Finesse","Cloak And Dagger"],"relics":["Ring of the Snake","NeowsBlessing","Happy Flower","MawBank"],"acts_visited":["Exordium"],"potions_floor_usage":[8],"damage_taken":[{"damage":0,"enemies":"2 Louse","floor":1,"turns":1},{"damage":0,"enemies":"Lagavulin","floor":6,"turns":1},{"damage":0,"enemies":"Jaw Worm","floor":7,"turns":1},{"damage":12,"enemies":"Gremlin Nob","floor":8,"turns":3}],"seed_played":"-3429331058428037336","potions_obtained":[{"floor":7,"key":"SkillPotion"}],"is_trial":false,"path_per_floor":["M","?","?","$","T","E","M","E"],"character_chosen":"THE_SILENT","items_purchased":["Backflip","Finesse"],"campfire_rested":0,"item_purchase_floors":[4,4],"current_hp_per_floor":[63,52,52,52,52,52,52,40,40],"gold":126,"neow_bonus":"THREE_ENEMY_KILL","is_daily":false,"chose_seed":false,"campfire_upgraded":0,"win_rate":0.0,"timestamp":1613088905,"path_taken":["M","?","?","?","?","E","M","E"],"items_purchased_type":["Card","Card"],"build_version":"2020-12-22","purchased_purges":0,"victory":false,"max_hp_per_floor":[70,70,70,70,70,70,70,70,70],"card_choices":[{"not_picked":["StSpp:StrikeFirst","StSpp:Dive"],"picked":"Deadly Poison","floor":1},{"not_picked":["Acrobatics","Deadly Poison"],"picked":"Cloak And Dagger","floor":6},{"not_picked":["Tools of the Trade","Reflex","Acrobatics"],"picked":"SKIP","floor":7}],"player_experience":2027342,"relics_obtained":[{"floor":5,"key":"Happy Flower"},{"floor":6,"key":"MawBank"}],"event_choices":[{"damage_healed":0,"gold_gain":75,"player_choice":"Gather Gold","damage_taken":11,"max_hp_gain":0,"max_hp_loss":0,"event_name":"World of Goop","floor":2,"gold_loss":0},{"cards_removed":["Strike_G"],"damage_healed":0,"gold_gain":0,"player_choice":"Card Removal","damage_taken":0,"max_hp_gain":0,"max_hp_loss":0,"event_name":"The Cleric","floor":3,"gold_loss":50}],"is_beta":false,"boss_relics":[],"items_purged_floors":[],"is_endless":false,"potions_floor_spawned":[7],"killed_by":"Gremlin Nob","ascension_level":10}}