{"host":"Vegetablebread","time":1613147517,"event":{"mods":["BaseMod","Bestiary","Minty Spire (QoL Compilation)","Relic Stats","Slay the Relics Exporter"],"gold_per_floor":[113,130,144,144,14,46,46,46,46],"floor_reached":8,"language":"ENG","playtime":1585,"items_purged":["Strike_R"],"score":112,"play_id":"1e7e8c8f-f80c-44a1-877c-5bef07f63d24","local_time":"20210212083157","is_ascension_mode":true,"campfire_choices":[{"data":"Demon Form","floor":7,"key":"SMITH"}],"circlet_count":0,"master_deck":["AscendersBane","Strike_R","Strike_R","Strike_R","Strike_R","Defend_R","Defend_R","Defend_R","Defend_R","Bash","Demon Form+1","Power Through","Headbutt","Headbutt","Twin Strike","Bloodletting"],"relics":["Burning Blood","Meat on the Bone","Pear"],"acts_visited":["Exordium"],"potions_floor_usage":[6],"damage_taken":[{"damage":1,"enemies":"Cultist","floor":1,"turns":3},{"damage":19,"enemies":"2 Louse","floor":2,"turns":4},{"damage":7,"enemies":"Small Slimes","floor":3,"turns":4},{"damage":32,"enemies":"Gremlin Nob","floor":6,"turns":4},{"damage":38,"enemies":"3 Sentries","floor":8,"turns":9}],"seed_played":"5742872999532702816","potions_obtained":[{"floor":1,"key":"ElixirPotion"}],"is_trial":false,"path_per_floor":["M","M","M","?","$","E","R","E"],"character_chosen":"IRONCLAD","items_purchased":["Twin Strike"],"campfire_rested":0,"item_purchase_floors":[5],"current_hp_per_floor":[55,42,41,36,36,32,32,0,0],"gold":46,"neow_bonus":"THREE_RARE_CARDS","is_daily":false,"chose_seed":false,"campfire_upgraded":1,"win_rate":0.0,"timestamp":1613147517,"path_taken":["M","M","M","?","$","E","R","E"],"items_purchased_type":["Card"],"build_version":"2020-12-18","purchased_purges":1,"victory":false,"max_hp_per_floor":[75,75,75,75,75,85,85,85,85],"relic_stats":{"counters":[5,24],"obtain_stats":[{"Pear":6,"Burning Blood":0,"Meat on the Bone":4},{"Pear":4,"Burning Blood":0,"Meat on the Bone":3},{"Pear":15,"Burning Blood":0,"Meat on the Bone":11}],"Burning Blood":24,"Meat on the Bone":12},"card_choices":[{"not_picked":["Juggernaut","Double Tap"],"picked":"Demon Form","floor":0},{"not_picked":["Burning Pact","Evolve"],"picked":"Power Through","floor":1},{"not_picked":["True Grit","Flex"],"picked":"Headbutt","floor":2},{"not_picked":["Spot Weakness","Perfected Strike"],"picked":"Headbutt","floor":3},{"not_picked":["Body Slam","Flex"],"picked":"Bloodletting","floor":6}],"player_experience":10503802,"relics_obtained":[{"floor":6,"key":"Pear"}],"event_choices":[{"damage_healed":0,"gold_gain":0,"player_choice":"Success","damage_taken":5,"relics_obtained":["Meat on the Bone"],"max_hp_gain":0,"max_hp_loss":0,"event_name":"Scrap Ooze","floor":4,"gold_loss":0}],"is_beta":true,"boss_relics":[],"items_purged_floors":[5],"is_endless":false,"potions_floor_spawned":[1],"killed_by":"3 Sentries","ascension_level":20}}