{"host":"htz0vj76zckzolyr","time":1613121227,"event":{"mods":["Act Like it!","Arknights","BaseMod","CapriCore","Colored Map","Colored Powertips","Downfall","Friendly Minions","Gensokyo","KinomotoSakuraMod(Ä¾Ö®±¾Ó£)","Lobotomy","LobotomyExtend","Marisa£¨ìFÓê¡¡Ä§ÀíÉ³£©","Minty Spire (QoL Compilation)","Quick Restart","Relic Stats","Shop Mod","StSLib","The Administrix","The Animator","The Cursed"],"gold_per_floor":[115,115,20,20,40,40,40,40,63,75,100,114,39,374,374,374,374],"floor_reached":16,"language":"ZHS","playtime":1473,"items_purged":["TheCursedMod:Strike_TheCursed"],"score":150,"play_id":"bd113627-8e06-4317-bfd6-15a7a7457fc9","local_time":"20210212171347","is_ascension_mode":true,"campfire_choices":[{"data":"TheCursedMod:CleanUpWorkshop","floor":6.0,"key":"SMITH"},{"data":"TheCursedMod:ForbiddenAlchemy","floor":8.0,"key":"SMITH"},{"data":"TheCursedMod:DemonicPact","floor":15.0,"key":"SMITH"}],"circlet_count":0,"master_deck":["TheCursedMod:Strike_TheCursed","TheCursedMod:Strike_TheCursed","TheCursedMod:Strike_TheCursed","TheCursedMod:Defend_TheCursed","TheCursedMod:Defend_TheCursed","TheCursedMod:Defend_TheCursed","TheCursedMod:Defend_TheCursed","TheCursedMod:CursedWand","TheCursedMod:CleanUpWorkshop+1","TheCursedMod:Dregs","animator:Curse_Nutcracker","TheCursedMod:ForbiddenAlchemy+1","TheCursedMod:SoulReap","TheCursedMod:Grudge+1","TheCursedMod:Torture+1","TheCursedMod:DemonicPact+1"],"relics":["TheCursedMod:BlackMagic101","LetterFromLob","Strawberry","TheCursedMod:MagicCandle","Blood Vial"],"acts_visited":["Gensokyo:Gensokyo"],"potions_floor_usage":[16,16],"damage_taken":[{"damage":0.0,"enemies":"Gensokyo:3_Fairies","floor":1.0,"turns":6.0},{"damage":14.0,"enemies":"Gensokyo:Gryphon","floor":5.0,"turns":6.0},{"damage":2.0,"enemies":"Gensokyo:2_Kodama","floor":10.0,"turns":3.0},{"damage":0.0,"enemies":"Gensokyo:Mamizou","floor":11.0,"turns":8.0},{"damage":23.0,"enemies":"Gensokyo:Kitsune","floor":12.0,"turns":4.0},{"damage":16.0,"enemies":"Gensokyo:Cirno","floor":14.0,"turns":10.0},{"damage":0,"enemies":"Gensokyo:Yukari","floor":16,"turns":2}],"seed_played":"2139205515549132769","potions_obtained":[{"floor":5.0,"key":"Swift Potion"},{"floor":10.0,"key":"Fire Potion"}],"is_trial":false,"path_per_floor":["M","?","COS","?","M","R","?","R","T","M","E","M","$","E","R","B"],"character_chosen":"THE_CURSED","items_purchased":[],"campfire_rested":0,"item_purchase_floors":[],"current_hp_per_floor":[75,75,75,72,63,63,63,63,63,61,61,43,43,32,32,41,41],"gold":374,"neow_bonus":"THREE_RARE_CARDS","is_daily":false,"chose_seed":false,"campfire_upgraded":3,"win_rate":0.0,"timestamp":1613121227,"path_taken":["M","?","COS","?","?","R","?","R","T","?","E","M","?","E","R","BOSS"],"items_purchased_type":[],"build_version":"2020-12-22","purchased_purges":1,"victory":false,"max_hp_per_floor":[75,75,75,82,82,82,82,82,82,82,82,82,82,82,82,82,82],"relic_stats":{"Blood Vial":2,"counters":[7,39],"obtain_stats":[{"Blood Vial":14,"TheCursedMod:BlackMagic101":0,"Strawberry":4,"LetterFromLob":1,"TheCursedMod:MagicCandle":11},{"Blood Vial":6,"TheCursedMod:BlackMagic101":0,"Strawberry":1,"LetterFromLob":1,"TheCursedMod:MagicCandle":4},{"Blood Vial":37,"TheCursedMod:BlackMagic101":0,"Strawberry":6,"LetterFromLob":6,"TheCursedMod:MagicCandle":23}]},"card_choices":[{"not_picked":["TheCursedMod:ShockAndAwe","TheCursedMod:ParallelWorld"],"picked":"TheCursedMod:ForbiddenAlchemy","floor":0.0},{"not_picked":["TheCursedMod:LuckyCharm","TheCursedMod:WearCloak"],"picked":"TheCursedMod:SoulReap","floor":1.0},{"not_picked":["TheCursedMod:VitalStrike+1","TheCursedMod:RapidMovement+1"],"picked":"TheCursedMod:Torture+1","floor":5.0},{"not_picked":["TheCursedMod:Hemoplague","TheCursedMod:TacticalStrike","TheCursedMod:HellsGateOpen"],"picked":"SKIP","floor":5.0},{"not_picked":["TheCursedMod:StunningStrike","TheCursedMod:ShockAndAwe"],"picked":"TheCursedMod:DemonicPact","floor":10.0},{"not_picked":["TheCursedMod:SoulCrush","TheCursedMod:WearCloak","TheCursedMod:Wield"],"picked":"SKIP","floor":10.0},{"not_picked":["TheCursedMod:FleshFromBone","TheCursedMod:LuckyCharm","TheCursedMod:SoulReap"],"picked":"SKIP","floor":11.0},{"not_picked":["TheCursedMod:TacticalStrike","TheCursedMod:VitalStrike","TheCursedMod:CursedBlade"],"picked":"SKIP","floor":12.0},{"not_picked":["TheCursedMod:CircleOfCorruption","TheCursedMod:CircleOfFlame","TheCursedMod:Obscuration"],"picked":"SKIP","floor":14.0}],"player_experience":711391,"relics_obtained":[{"floor":1.0,"key":"LetterFromLob"},{"floor":11.0,"key":"TheCursedMod:MagicCandle"},{"floor":14.0,"key":"Blood Vial"}],"event_choices":[],"is_beta":false,"boss_relics":[],"items_purged_floors":[13],"is_endless":false,"potions_floor_spawned":[5,10],"killed_by":"Gensokyo:Yukari","ascension_level":3}}