{"host":"1focbxb2e8qu7ccd","time":1613154975,"event":{"mods":["AchievementEnabler","BaseMod","Bestiary","Highlight Path","Minty Spire (QoL Compilation)","Relic Stats"],"gold_per_floor":[114,125,137,147,222,249,266,266,348,348,348,362,393,411,411,487,487,506,526,526,27,44,44,44,44,94,126,141,176,189,216,216,291,291,310,327,345,397,414,443,443,443,443,443,443],"floor_reached":44,"language":"ENG","playtime":3220,"items_purged":["Strike_G"],"score":1024,"play_id":"c92cfc49-75f5-455c-aabe-5871fdec09b5","local_time":"20210212133615","is_ascension_mode":true,"campfire_choices":[{"data":"Blade Dance","floor":8,"key":"SMITH"},{"data":"Skewer","floor":11,"key":"SMITH"},{"data":"Leg Sweep","floor":15,"key":"SMITH"},{"data":"Envenom","floor":23,"key":"SMITH"},{"data":"Neutralize","floor":25,"key":"SMITH"},{"data":"Accuracy","floor":32,"key":"SMITH"},{"floor":41,"key":"REST"}],"circlet_count":0,"master_deck":["AscendersBane","Survivor","Neutralize+1","Swift Strike","Skewer+1","Masterful Stab","Blade Dance+1","Slice","Backstab","Accuracy+1","Leg Sweep+1","Envenom+1","Blur+1","PiercingWail+1","Wraith Form v2+1","Bane+1","Backflip+1","Finisher","PiercingWail","Envenom","Sucker Punch+1","Wraith Form v2+1","Prepared","Backflip","Skewer","Underhanded Strike","Phantasmal Killer","Quick Slash","Catalyst"],"relics":["Ring of the Snake","Ornamental Fan","Mummified Hand","Turnip","Astrolabe","Art of War","Paper Crane","ClockworkSouvenir","Bottled Lightning","Gremlin Horn","Frozen Egg 2","Pandora\u0027s Box","Unceasing Top","Akabeko","Prayer Wheel"],"acts_visited":["Exordium","TheCity","TheBeyond"],"potions_floor_usage":[6,18,22,38,40,40],"damage_taken":[{"damage":0.0,"enemies":"Cultist","floor":1.0,"turns":3.0},{"damage":4.0,"enemies":"Jaw Worm","floor":2.0,"turns":4.0},{"damage":0.0,"enemies":"2 Louse","floor":3.0,"turns":2.0},{"damage":0.0,"enemies":"Exordium Thugs","floor":4.0,"turns":3.0},{"damage":16,"enemies":"3 Sentries","floor":6,"turns":7},{"damage":0,"enemies":"Gremlin Gang","floor":7,"turns":3},{"damage":0,"enemies":"Looter","floor":12,"turns":2},{"damage":10,"enemies":"Lagavulin","floor":13,"turns":5},{"damage":0,"enemies":"2 Fungi Beasts","floor":14,"turns":1},{"damage":31,"enemies":"Slime Boss","floor":16,"turns":12},{"damage":7,"enemies":"Shell Parasite","floor":18,"turns":6},{"damage":6,"enemies":"3 Byrds","floor":19,"turns":6},{"damage":6,"enemies":"Centurion and Healer","floor":22,"turns":7},{"damage":10,"enemies":"Gremlin Leader","floor":27,"turns":8},{"damage":3,"enemies":"Shelled Parasite and Fungi","floor":28,"turns":6},{"damage":3,"enemies":"Book of Stabbing","floor":29,"turns":5},{"damage":0,"enemies":"Snake Plant","floor":30,"turns":4},{"damage":4,"enemies":"Slavers","floor":31,"turns":5},{"damage":9,"enemies":"Champ","floor":33,"turns":14},{"damage":6,"enemies":"3 Darklings","floor":35,"turns":5},{"damage":3,"enemies":"Orb Walker","floor":36,"turns":5},{"damage":2,"enemies":"3 Darklings","floor":37,"turns":7},{"damage":25,"enemies":"2 Orb Walkers","floor":38,"turns":8},{"damage":1,"enemies":"Writhing Mass","floor":39,"turns":7},{"damage":7,"enemies":"Giant Head","floor":40,"turns":11},{"damage":33,"enemies":"Reptomancer","floor":44,"turns":2}],"seed_played":"656818211603935903","potions_obtained":[{"floor":2.0,"key":"BlessingOfTheForge"},{"floor":4.0,"key":"Ancient Potion"},{"floor":7,"key":"PowerPotion"},{"floor":14,"key":"Block Potion"},{"floor":19,"key":"Regen Potion"},{"floor":27,"key":"GhostInAJar"},{"floor":28,"key":"GhostInAJar"},{"floor":38,"key":"Explosive Potion"},{"floor":39,"key":"Swift Potion"},{"floor":40,"key":"Dexterity Potion"}],"is_trial":false,"path_per_floor":["M","M","M","M","?","E","M","R","T","?","R","M","E","M","R","B",null,"M","M","?","$","M","R","$","R","T","E","M","E","M","E","R","B",null,"M","M","M","?","M","E","R","?","T","E"],"character_chosen":"THE_SILENT","items_purchased":["Paper Crane","ClockworkSouvenir"],"campfire_rested":1,"item_purchase_floors":[21,21],"current_hp_per_floor":[59,55,55,55,44,28,28,28,28,50,50,50,40,40,40,9,52,45,39,39,39,48,48,48,48,48,38,35,32,32,28,28,19,54,48,45,43,18,17,10,29,29,29,0,0],"gold":443,"neow_bonus":"RANDOM_COLORLESS","is_daily":false,"chose_seed":false,"campfire_upgraded":6,"win_rate":0.0,"timestamp":1613154975,"path_taken":["M","M","?","M","?","E","M","R","T","?","R","M","E","M","R","BOSS","M","M","?","$","M","R","?","R","T","E","M","E","M","E","R","BOSS","M","?","M","?","M","E","R","?","T","E"],"items_purchased_type":["Relic","Relic"],"build_version":"2020-12-22","purchased_purges":1,"victory":false,"max_hp_per_floor":[66,66,66,66,66,66,66,66,66,66,66,66,66,66,66,66,66,66,66,66,66,66,66,66,66,66,66,66,66,66,66,66,66,66,66,66,66,66,66,66,66,66,66,66,66],"relic_stats":{"Gremlin Horn":[12,12],"counters":[26,148],"Ornamental Fan":[344],"Mummified Hand":[77],"Astrolabe":["Blur","PiercingWail","Wraith Form v2"],"Pandora\u0027s Box":["Prepared","Backflip","Skewer","Underhanded Strike","Phantasmal Killer","Quick Slash"],"Prayer Wheel":0,"Turnip":[30],"Art of War":[6],"obtain_stats":[{"Gremlin Horn":29,"Astrolabe":17,"Paper Crane":21,"Frozen Egg 2":31,"Akabeko":40,"ClockworkSouvenir":21,"Ornamental Fan":6,"Mummified Hand":9,"Pandora\u0027s Box":34,"Prayer Wheel":43,"Turnip":13,"Art of War":20,"Bottled Lightning":27,"Unceasing Top":38,"Ring of the Snake":0},{"Gremlin Horn":16,"Astrolabe":10,"Paper Crane":12,"Frozen Egg 2":18,"Akabeko":25,"ClockworkSouvenir":12,"Ornamental Fan":5,"Mummified Hand":6,"Pandora\u0027s Box":19,"Prayer Wheel":25,"Turnip":8,"Art of War":12,"Bottled Lightning":14,"Unceasing Top":23,"Ring of the Snake":0},{"Gremlin Horn":80,"Astrolabe":42,"Paper Crane":54,"Frozen Egg 2":89,"Akabeko":146,"ClockworkSouvenir":54,"Ornamental Fan":19,"Mummified Hand":22,"Pandora\u0027s Box":103,"Prayer Wheel":146,"Turnip":29,"Art of War":54,"Bottled Lightning":69,"Unceasing Top":128,"Ring of the Snake":0}],"Unceasing Top":[3],"Ring of the Snake":[52]},"card_choices":[{"not_picked":["Trip","Jack Of All Trades"],"picked":"Swift Strike","floor":0.0},{"not_picked":["Bane","Outmaneuver"],"picked":"Skewer","floor":1.0},{"not_picked":["Riddle With Holes","Dodge and Roll"],"picked":"Masterful Stab","floor":2.0},{"not_picked":["Escape Plan","Cloak And Dagger"],"picked":"Blade Dance","floor":3.0},{"not_picked":["Well Laid Plans","Deadly Poison"],"picked":"Slice","floor":4.0},{"not_picked":["Expertise","Endless Agony"],"picked":"Backstab","floor":6},{"not_picked":["Acrobatics","Tactician"],"picked":"Accuracy","floor":7},{"not_picked":["Dodge and Roll","Backstab"],"picked":"Leg Sweep","floor":12},{"not_picked":["Bullet Time","Masterful Stab","Flechettes"],"picked":"SKIP","floor":13},{"not_picked":["Cloak And Dagger","Catalyst","Outmaneuver"],"picked":"SKIP","floor":14},{"not_picked":["Adrenaline","Grand Finale"],"picked":"Envenom","floor":16},{"not_picked":["Outmaneuver","Caltrops"],"picked":"Bane+1","floor":18},{"not_picked":["Outmaneuver","Bouncing Flask","Concentrate"],"picked":"SKIP","floor":19},{"not_picked":["Cloak And Dagger","Quick Slash"],"picked":"Backflip+1","floor":22},{"not_picked":["Choke","Outmaneuver"],"picked":"Finisher","floor":27},{"not_picked":["All Out Attack","Endless Agony","Predator"],"picked":"SKIP","floor":28},{"not_picked":["Poisoned Stab","Tactician"],"picked":"PiercingWail","floor":29},{"not_picked":["Acrobatics","Choke"],"picked":"Envenom","floor":30},{"not_picked":["Underhanded Strike","Dodge and Roll"],"picked":"Sucker Punch+1","floor":31},{"not_picked":["Glass Knife","A Thousand Cuts+1"],"picked":"Wraith Form v2+1","floor":33},{"not_picked":["Sucker Punch","Poisoned Stab+1","Terror"],"picked":"SKIP","floor":35},{"not_picked":["Deflect","Eviscerate","Dodge and Roll"],"picked":"SKIP","floor":36},{"not_picked":["Flechettes","Flying Knee","Finisher"],"picked":"SKIP","floor":37},{"not_picked":["Bane","Backflip","Phantasmal Killer"],"picked":"SKIP","floor":39},{"not_picked":["Masterful Stab","Acrobatics"],"picked":"Catalyst","floor":40}],"player_experience":944929,"relics_obtained":[{"floor":6,"key":"Ornamental Fan"},{"floor":9,"key":"Mummified Hand"},{"floor":13,"key":"Turnip"},{"floor":27,"key":"Bottled Lightning"},{"floor":29,"key":"Gremlin Horn"},{"floor":31,"key":"Frozen Egg 2"},{"floor":38,"key":"Unceasing Top"},{"floor":40,"key":"Akabeko"},{"floor":43,"key":"Prayer Wheel"}],"event_choices":[{"damage_healed":0.0,"max_hp_gain":0.0,"max_hp_loss":0.0,"gold_gain":75.0,"event_name":"World of Goop","player_choice":"Gather Gold","floor":5.0,"gold_loss":0.0,"damage_taken":11.0},{"damage_healed":22,"gold_gain":0,"player_choice":"Banana","damage_taken":0,"max_hp_gain":0,"max_hp_loss":0,"event_name":"Big Fish","floor":10,"gold_loss":0},{"damage_healed":0,"gold_gain":0,"player_choice":"Gave Potion","damage_taken":0,"relics_obtained":["Art of War"],"max_hp_gain":0,"max_hp_loss":0,"event_name":"WeMeetAgain","floor":20,"gold_loss":0},{"damage_healed":0,"gold_gain":0,"player_choice":"Fight","damage_taken":0,"max_hp_gain":0,"max_hp_loss":0,"event_name":"Mysterious Sphere","floor":38,"gold_loss":0},{"damage_healed":0,"gold_gain":0,"player_choice":"Ignored","damage_taken":0,"max_hp_gain":0,"max_hp_loss":0,"event_name":"Tomb of Lord Red Mask","floor":42,"gold_loss":0}],"is_beta":false,"boss_relics":[{"not_picked":["SlaversCollar","HoveringKite"],"picked":"Astrolabe"},{"not_picked":["Coffee Dripper","Velvet Choker"],"picked":"Pandora\u0027s Box"}],"items_purged_floors":[21],"is_endless":false,"potions_floor_spawned":[2,4,7,14,16,19,27,28,30,35,38,39,40],"killed_by":"Reptomancer","ascension_level":20}}