{"host":"pqs17sqrgflf4eqa","time":1613161170,"event":{"mods":["AchievementEnabler","BaseMod","Bestiary","Better Altar","Colored Map","Colored Powertips","Emptier Cage","Googly Eyes","Highlight Path","Minty Spire (QoL Compilation)","Quick Restart","StSLib","SuperFastMode","Transform Curses","slay the spire mod where everything is the same but ironclad has a cowboy hat"],"gold_per_floor":[111,111,130,21,37,65,84,102,102,102,136,136,160,185,185,283,283,294,294,494,38,52,84,97,97,97,97,97],"floor_reached":27,"language":"ENG","playtime":693,"items_purged":["Writhe"],"score":395,"play_id":"14cec011-7686-43ca-916e-1e88d479ff22","local_time":"20210212151930","is_ascension_mode":true,"campfire_choices":[{"data":"Eruption","floor":10,"key":"SMITH"},{"data":"Vault","floor":12,"key":"SMITH"},{"data":"CrushJoints","floor":15,"key":"SMITH"},{"floor":25,"key":"REST"}],"circlet_count":0,"master_deck":["Strike_P","Strike_P","Strike_P+1","Strike_P+1","Defend_P","Defend_P+1","Defend_P","Eruption+1","Vigilance","Consecrate","SashWhip","Consecrate+1","WindmillStrike","Perseverance","Conclude+1","LessonLearned","Prostrate","FlurryOfBlows","Vault+1","CrushJoints+1","DeusExMachina","ThirdEye","WaveOfTheHand","CutThroughFate","FollowUp"],"relics":["PureWater","Potion Belt","Ornamental Fan","Kunai","Happy Flower","Odd Mushroom","Sozu","Damaru","Lantern","HandDrill","Bottled Lightning","StoneCalendar"],"acts_visited":["Exordium","TheCity"],"potions_floor_usage":[6,6,14,16],"damage_taken":[{"damage":0,"enemies":"Jaw Worm","floor":1,"turns":2},{"damage":0,"enemies":"Cultist","floor":3,"turns":2},{"damage":0,"enemies":"Small Slimes","floor":5,"turns":3},{"damage":3,"enemies":"3 Sentries","floor":6,"turns":3},{"damage":21,"enemies":"3 Louse","floor":7,"turns":2},{"damage":0,"enemies":"Large Slime","floor":8,"turns":4},{"damage":0,"enemies":"Lagavulin","floor":11,"turns":4},{"damage":1,"enemies":"The Mushroom Lair","floor":14,"turns":2},{"damage":0,"enemies":"Slime Boss","floor":16,"turns":4},{"damage":21,"enemies":"Shell Parasite","floor":18,"turns":5},{"damage":0,"enemies":"3 Byrds","floor":22,"turns":6},{"damage":1,"enemies":"Book of Stabbing","floor":23,"turns":5},{"damage":17,"enemies":"Sentry and Sphere","floor":24,"turns":5},{"damage":68,"enemies":"Slavers","floor":27,"turns":4}],"seed_played":"-8838594438219843219","potions_obtained":[{"floor":1,"key":"Block Potion"},{"floor":3,"key":"DuplicationPotion"},{"floor":7,"key":"Explosive Potion"},{"floor":11,"key":"SpeedPotion"},{"floor":14,"key":"Energy Potion"}],"is_trial":false,"path_per_floor":["M","?","M","$","M","E","M","M","T","R","E","R","T","?","R","B",null,"M","?","?","$","M","E","M","R","T","E"],"character_chosen":"WATCHER","items_purchased":["WindmillStrike","Perseverance","Lantern","HandDrill","WaveOfTheHand"],"campfire_rested":1,"item_purchase_floors":[4,4,21,21,21],"current_hp_per_floor":[72,72,72,72,72,69,48,48,48,48,48,48,48,47,47,47,66,45,45,45,45,45,44,27,48,48,0,0],"gold":97,"neow_bonus":"THREE_CARDS","is_daily":false,"chose_seed":false,"campfire_upgraded":3,"win_rate":0.0,"timestamp":1613161170,"path_taken":["M","?","M","?","M","E","M","M","T","R","E","R","?","?","R","BOSS","M","?","?","$","M","E","?","R","T","E"],"items_purchased_type":["Card","Card","Relic","Relic","Card"],"build_version":"2020-12-22","purchased_purges":1,"victory":false,"max_hp_per_floor":[72,72,72,72,72,72,72,72,72,72,72,72,72,72,72,72,72,72,72,72,72,72,72,72,72,72,72,72],"card_choices":[{"not_picked":["FlurryOfBlows","PathToVictory"],"picked":"Consecrate","floor":0},{"not_picked":["Conclude","CutThroughFate"],"picked":"SashWhip","floor":1},{"not_picked":["TalkToTheHand","WaveOfTheHand"],"picked":"Consecrate","floor":3},{"not_picked":["Protect","WindmillStrike"],"picked":"Conclude","floor":5},{"not_picked":["Worship","CutThroughFate"],"picked":"LessonLearned","floor":6},{"not_picked":["ThirdEye","WheelKick"],"picked":"Prostrate","floor":7},{"not_picked":["WaveOfTheHand","JustLucky"],"picked":"FlurryOfBlows","floor":8},{"not_picked":["ClearTheMind","JustLucky"],"picked":"Vault","floor":11},{"not_picked":["Wallop","Halt"],"picked":"CrushJoints","floor":14},{"not_picked":["Devotion","MasterReality"],"picked":"DeusExMachina","floor":16},{"not_picked":["FlurryOfBlows","Evaluate"],"picked":"ThirdEye","floor":18},{"not_picked":["LikeWater","BowlingBash"],"picked":"CutThroughFate","floor":22},{"not_picked":["EmptyBody","Conclude+1","SashWhip"],"picked":"SKIP","floor":23},{"not_picked":["Adaptation","BattleHymn"],"picked":"FollowUp","floor":24}],"player_experience":175570,"relics_obtained":[{"floor":6,"key":"Potion Belt"},{"floor":9,"key":"Ornamental Fan"},{"floor":11,"key":"Kunai"},{"floor":13,"key":"Happy Flower"},{"floor":14,"key":"Odd Mushroom"},{"floor":23,"key":"Bottled Lightning"},{"floor":26,"key":"StoneCalendar"}],"event_choices":[{"cards_removed":["Defend_P"],"damage_healed":0,"gold_gain":0,"player_choice":"Offered Basic","damage_taken":0,"max_hp_gain":0,"max_hp_loss":0,"event_name":"Bonfire Elementals","floor":2,"gold_loss":0},{"damage_healed":0,"gold_gain":0,"player_choice":"Fought Mushrooms","damage_taken":0,"max_hp_gain":0,"max_hp_loss":0,"event_name":"Mushrooms","floor":14,"gold_loss":0},{"damage_healed":0,"gold_gain":0,"player_choice":"Opened","damage_taken":0,"relics_obtained":["Damaru"],"max_hp_gain":0,"max_hp_loss":0,"event_name":"The Mausoleum","floor":19,"gold_loss":0,"cards_obtained":["Writhe"]},{"damage_healed":0,"gold_gain":200,"player_choice":"Gold","damage_taken":0,"max_hp_gain":0,"max_hp_loss":0,"event_name":"Wheel of Change","floor":20,"gold_loss":0}],"is_beta":false,"boss_relics":[{"not_picked":["Pandora\u0027s Box","Cursed Key"],"picked":"Sozu"}],"items_purged_floors":[21],"is_endless":false,"potions_floor_spawned":[1,3,7,11,14,18,22,24],"killed_by":"Slavers","ascension_level":5}}