{"host":"81iaqqr1ryudmr11","time":1613126965,"event":{"mods":["BaseMod","Highlight Path","Minty Spire (QoL Compilation)","Relic Stats"],"gold_per_floor":[99,116,130,146,146,174,188,215,215,215,147,161,161,180,180,284,284,303,303,322,322,333,333,361,361,361,361,49,81,81,81,81,185,185,201,220,270,283,299,299,309,321,321,321,355,372,372,397,397,397,397,397,96,129,129,129],"floor_reached":55,"language":"ENG","playtime":4593,"items_purged":["Defend_P","Judgement"],"score":981,"play_id":"47c00d2e-ca18-4b85-9a0d-4c876867c76b","local_time":"20210212114925","is_ascension_mode":true,"campfire_choices":[{"floor":10.0,"key":"DIG"},{"floor":13.0,"key":"DIG"},{"data":"Blasphemy","floor":15.0,"key":"SMITH"},{"floor":23.0,"key":"DIG"},{"floor":25.0,"key":"DIG"},{"floor":27.0,"key":"DIG"},{"floor":32.0,"key":"DIG"},{"data":"FlyingSleeves","floor":40.0,"key":"SMITH"},{"floor":49.0,"key":"RECALL"},{"floor":52,"key":"DIG"}],"circlet_count":0,"master_deck":["Strike_P","Strike_P","Defend_P","Defend_P","Eruption+1","Vigilance","Wireheading","FlurryOfBlows","FlurryOfBlows","EmptyBody","Blasphemy+1","Weave","FlyingSleeves+1","Trip","Protect+1","Nirvana+1","WaveOfTheHand+1","Ragnarok","FlyingSleeves+1","LikeWater+1","CutThroughFate"],"relics":["PureWater","NeowsBlessing","Eternal Feather","Shovel","Pear","Incense Burner","Pocketwatch","Shuriken","Tiny Chest","Empty Cage","Pantograph","Nunchaku","Regal Pillow","Vajra","Frozen Eye","Frozen Egg 2","Gambling Chip","Bird Faced Urn","Sozu","GoldenEye","Akabeko","TungstenRod","Toy Ornithopter","Bottled Lightning","Blood Vial","HornCleat"],"acts_visited":["Exordium","TheCity","TheBeyond","TheEnding"],"potions_floor_usage":[],"damage_taken":[{"damage":0.0,"enemies":"Cultist","floor":1.0,"turns":1.0},{"damage":0.0,"enemies":"2 Louse","floor":2.0,"turns":2.0},{"damage":0.0,"enemies":"Small Slimes","floor":3.0,"turns":1.0},{"damage":27.0,"enemies":"Exordium Thugs","floor":4.0,"turns":7.0},{"damage":15.0,"enemies":"Gremlin Nob","floor":6.0,"turns":4.0},{"damage":0.0,"enemies":"Gremlin Gang","floor":7.0,"turns":3.0},{"damage":5.0,"enemies":"Lagavulin","floor":8.0,"turns":5.0},{"damage":1.0,"enemies":"Looter","floor":12.0,"turns":2.0},{"damage":0.0,"enemies":"Exordium Thugs","floor":14.0,"turns":4.0},{"damage":33.0,"enemies":"Slime Boss","floor":16.0,"turns":6.0},{"damage":17.0,"enemies":"2 Thieves","floor":18.0,"turns":4.0},{"damage":2.0,"enemies":"Shell Parasite","floor":20.0,"turns":2.0},{"damage":8.0,"enemies":"Shelled Parasite and Fungi","floor":22.0,"turns":2.0},{"damage":11.0,"enemies":"Gremlin Leader","floor":24.0,"turns":3.0},{"damage":0.0,"enemies":"Slavers","floor":29.0,"turns":2.0},{"damage":0.0,"enemies":"Snake Plant","floor":30.0,"turns":1.0},{"damage":54.0,"enemies":"Automaton","floor":33.0,"turns":8.0},{"damage":2.0,"enemies":"3 Shapes","floor":35.0,"turns":2.0},{"damage":43.0,"enemies":"3 Darklings","floor":36.0,"turns":3.0},{"damage":0.0,"enemies":"Mind Bloom Boss Battle","floor":37.0,"turns":3.0},{"damage":3.0,"enemies":"Spire Growth","floor":38.0,"turns":3.0},{"damage":12.0,"enemies":"Transient","floor":39.0,"turns":5.0},{"damage":49.0,"enemies":"Writhing Mass","floor":41.0,"turns":4.0},{"damage":0.0,"enemies":"Sphere and 2 Shapes","floor":42.0,"turns":5.0},{"damage":0.0,"enemies":"Reptomancer","floor":45.0,"turns":2.0},{"damage":3.0,"enemies":"Spire Growth","floor":46.0,"turns":4.0},{"damage":23,"enemies":"Time Eater","floor":50,"turns":8},{"damage":0,"enemies":"Shield and Spear","floor":54,"turns":1},{"damage":82,"enemies":"The Heart","floor":55,"turns":3}],"seed_played":"-825277318642715855","potions_obtained":[{"floor":2.0,"key":"PowerPotion"},{"floor":4.0,"key":"Swift Potion"},{"floor":7.0,"key":"Fire Potion"},{"floor":16.0,"key":"PowerPotion"},{"floor":21.0,"key":"StancePotion"},{"floor":22.0,"key":"SmokeBomb"}],"is_trial":false,"path_per_floor":["M","M","M","M","?","E","M","E","T","R","?","M","R","M","R","B",null,"M","?","M","?","M","R","E","R","T","R","$","E","M","T","R","B",null,"M","M","?","M","M","R","M","M","T","?","E","M","?","T","R","B",null,"R","$","E","B"],"character_chosen":"WATCHER","items_purchased":["Frozen Eye","Trip","CutThroughFate","Blood Vial"],"campfire_rested":0,"item_purchase_floors":[28,28,53,53],"current_hp_per_floor":[72,72,72,45,38,23,23,28,28,37,37,36,45,45,54,21,82,65,65,63,63,55,64,53,62,62,71,71,71,71,71,80,28,82,80,39,66,65,57,66,21,25,25,72,72,69,69,69,72,51,72,72,72,72,0,0],"gold":129,"neow_bonus":"THREE_ENEMY_KILL","is_daily":false,"chose_seed":false,"campfire_upgraded":2,"win_rate":0.0,"timestamp":1613126965,"path_taken":["M","M","M","?","?","E","M","E","T","R","?","M","R","M","R","BOSS","M","?","?","?","M","R","E","R","T","R","$","E","M","?","R","BOSS","M","M","?","M","M","R","M","M","T","?","E","M","?","?","R","BOSS","R","$","E","BOSS"],"items_purchased_type":["Relic","Card","Card","Relic"],"build_version":"2020-12-22","purchased_purges":2,"victory":false,"max_hp_per_floor":[72,72,72,72,72,72,72,82,82,82,82,82,82,82,82,82,82,82,82,82,82,82,82,82,82,82,82,82,82,82,82,82,82,82,82,82,82,82,82,82,82,82,82,72,72,72,72,72,72,72,72,72,72,72,72,72],"relic_stats":{"Regal Pillow":0,"counters":[29,100],"Eternal Feather":75,"GoldenEye":[25],"Sozu":4,"Blood Vial":0,"Nunchaku":[16],"Shovel":7,"Shuriken":[52],"Pantograph":27,"Gambling Chip":[33],"Bird Faced Urn":[20],"Tiny Chest":2,"obtain_stats":[{"Regal Pillow":25,"Vajra":27,"Incense Burner":9,"Empty Cage":17,"Sozu":34,"Blood Vial":53,"Frozen Eye":28,"Nunchaku":24,"Shovel":6,"HornCleat":54,"Pantograph":23,"Gambling Chip":31,"Tiny Chest":13,"Pear":8,"NeowsBlessing":0,"Eternal Feather":5,"Frozen Egg 2":29,"GoldenEye":37,"Akabeko":43,"Shuriken":11,"Bird Faced Urn":32,"Bottled Lightning":52,"PureWater":0,"TungstenRod":45,"Toy Ornithopter":48,"Pocketwatch":10},{"Regal Pillow":14,"Vajra":14,"Incense Burner":7,"Empty Cage":10,"Sozu":17,"Blood Vial":27,"Frozen Eye":14,"Nunchaku":14,"Shovel":5,"HornCleat":28,"Pantograph":13,"Gambling Chip":16,"Tiny Chest":8,"Pear":7,"NeowsBlessing":0,"Eternal Feather":4,"Frozen Egg 2":15,"GoldenEye":20,"Akabeko":24,"Shuriken":7,"Bird Faced Urn":16,"Bottled Lightning":27,"PureWater":0,"TungstenRod":25,"Toy Ornithopter":26,"Pocketwatch":7},{"Regal Pillow":46,"Vajra":46,"Incense Burner":23,"Empty Cage":35,"Sozu":57,"Blood Vial":96,"Frozen Eye":46,"Nunchaku":46,"Shovel":15,"HornCleat":97,"Pantograph":43,"Gambling Chip":49,"Tiny Chest":25,"Pear":23,"NeowsBlessing":0,"Eternal Feather":11,"Frozen Egg 2":48,"GoldenEye":65,"Akabeko":82,"Shuriken":23,"Bird Faced Urn":49,"Bottled Lightning":96,"PureWater":0,"TungstenRod":84,"Toy Ornithopter":88,"Pocketwatch":23}],"TungstenRod":27,"Toy Ornithopter":0,"Pocketwatch":[71]},"card_choices":[{"not_picked":["SashWhip","CutThroughFate"],"picked":"Wireheading","floor":1.0},{"not_picked":["BowlingBash","ThirdEye"],"picked":"FlurryOfBlows","floor":2.0},{"not_picked":["Halt","WaveOfTheHand"],"picked":"FlurryOfBlows","floor":3.0},{"not_picked":["Swivel","WheelKick"],"picked":"EmptyBody","floor":4.0},{"not_picked":["Wireheading","Vengeance"],"picked":"Blasphemy","floor":6.0},{"not_picked":["ClearTheMind","Evaluate","Adaptation"],"picked":"SKIP","floor":7.0},{"not_picked":["ClearTheMind","Pray","Protect"],"picked":"SKIP","floor":8.0},{"not_picked":["Indignation","Fasting2","EmptyFist"],"picked":"SKIP","floor":12.0},{"not_picked":["FollowUp","Protect","ThirdEye"],"picked":"SKIP","floor":14.0},{"not_picked":["Wish","Omniscience"],"picked":"Judgement","floor":16.0},{"not_picked":["SashWhip","CutThroughFate","SignatureMove"],"picked":"SKIP","floor":18.0},{"not_picked":["SashWhip","EmptyMind"],"picked":"Weave","floor":20.0},{"not_picked":["ForeignInfluence","Pray"],"picked":"FlyingSleeves","floor":22.0},{"not_picked":["Perseverance","Wish","Sanctity"],"picked":"SKIP","floor":24.0},{"not_picked":["PathToVictory+1","WaveOfTheHand","DeusExMachina"],"picked":"SKIP","floor":29.0},{"not_picked":["FollowUp+1","SignatureMove+1","Protect"],"picked":"SKIP","floor":35.0},{"not_picked":["ClearTheMind","ThirdEye+1"],"picked":"Protect+1","floor":36.0},{"not_picked":["Crescendo+1","Worship"],"picked":"Nirvana+1","floor":37.0},{"not_picked":["CarveReality","TalkToTheHand","JustLucky+1"],"picked":"SKIP","floor":38.0},{"not_picked":["Prostrate+1","Collect"],"picked":"WaveOfTheHand+1","floor":39.0},{"not_picked":["Indignation","EmptyFist","EmptyMind+1"],"picked":"SKIP","floor":41.0},{"not_picked":["LikeWater+1","Evaluate+1"],"picked":"Ragnarok","floor":42.0},{"not_picked":["MentalFortress+1","DeceiveReality+1"],"picked":"FlyingSleeves+1","floor":45.0},{"not_picked":["Weave","CrushJoints+1"],"picked":"LikeWater+1","floor":46.0},{"not_picked":["CrushJoints","Vengeance+1","SashWhip+1"],"picked":"SKIP","floor":54}],"player_experience":182367,"relics_obtained":[{"floor":6.0,"key":"Shovel"},{"floor":8.0,"key":"Pear"},{"floor":9.0,"key":"Incense Burner"},{"floor":10.0,"key":"Pocketwatch"},{"floor":13.0,"key":"Tiny Chest"},{"floor":23.0,"key":"Pantograph"},{"floor":24.0,"key":"Nunchaku"},{"floor":25.0,"key":"Regal Pillow"},{"floor":27.0,"key":"Vajra"},{"floor":29.0,"key":"Frozen Egg 2"},{"floor":31.0,"key":"Gambling Chip"},{"floor":32.0,"key":"Bird Faced Urn"},{"floor":37.0,"key":"GoldenEye"},{"floor":43.0,"key":"Akabeko"},{"floor":45.0,"key":"TungstenRod"},{"floor":48.0,"key":"Toy Ornithopter"},{"floor":52,"key":"Bottled Lightning"},{"floor":54,"key":"HornCleat"}],"event_choices":[{"damage_healed":0.0,"max_hp_gain":0.0,"max_hp_loss":0.0,"gold_gain":0.0,"event_name":"Scrap Ooze","player_choice":"Success","floor":5.0,"gold_loss":0.0,"damage_taken":7.0,"relics_obtained":["Eternal Feather"]},{"damage_healed":0.0,"max_hp_gain":0.0,"max_hp_loss":0.0,"gold_gain":0.0,"event_name":"WeMeetAgain","player_choice":"Paid Gold","floor":11.0,"gold_loss":68.0,"damage_taken":0.0,"relics_obtained":["Shuriken"]},{"damage_healed":0.0,"max_hp_gain":0.0,"max_hp_loss":0.0,"gold_gain":0.0,"event_name":"Accursed Blacksmith","player_choice":"Forge","floor":19.0,"gold_loss":0.0,"damage_taken":0.0,"cards_upgraded":["Eruption"]},{"damage_healed":0.0,"max_hp_gain":0.0,"max_hp_loss":0.0,"gold_gain":0.0,"event_name":"Lab","player_choice":"Got Potions","floor":21.0,"gold_loss":0.0,"damage_taken":0.0},{"damage_healed":0.0,"max_hp_gain":0.0,"max_hp_loss":0.0,"gold_gain":0.0,"event_name":"MindBloom","player_choice":"Fight","floor":37.0,"gold_loss":0.0,"damage_taken":0.0},{"damage_healed":72.0,"max_hp_gain":0.0,"max_hp_loss":10.0,"gold_gain":0.0,"event_name":"The Moai Head","player_choice":"Heal","floor":44.0,"gold_loss":0.0,"damage_taken":0.0},{"cards_removed":["Strike_P"],"damage_healed":0.0,"max_hp_gain":0.0,"max_hp_loss":0.0,"gold_gain":0.0,"event_name":"Falling","player_choice":"Removed Attack","floor":47.0,"gold_loss":0.0,"damage_taken":0.0}],"is_beta":false,"boss_relics":[{"not_picked":["Runic Dome","HolyWater"],"picked":"Empty Cage"},{"not_picked":["Velvet Choker","Black Star"],"picked":"Sozu"}],"items_purged_floors":[28,53],"is_endless":false,"potions_floor_spawned":[2,4,7,16,22,36,38,39,45],"killed_by":"The Heart","ascension_level":4}}