{"host":"k0cm6nn9mnmji9h1","time":1613145805,"event":{"mods":["100% Spire Juice","2.2 Compatiblity","AchievementEnabler","BaseMod","Colored Map","DeckTracker","Gremlin Skip","Highlight Path","Lobotomy","Minty Spire (QoL Compilation)","Permanent Neow","Shade Mod","StSLib","The Dragon Tamer","The Marked","Waifu the Spire"],"gold_per_floor":[115,133,144,195,212,212,241,255,280,56,74,93,105,120,120,120,120],"floor_reached":16,"language":"KOR","playtime":756,"items_purged":["Porccubus"],"score":133,"play_id":"031fedb3-f3b7-42a5-869f-d0a50c3a7c38","local_time":"20210213010325","is_ascension_mode":false,"campfire_choices":[{"data":"Noxious Fumes","floor":6,"key":"SMITH"},{"floor":15,"key":"REST"}],"circlet_count":0,"master_deck":["Strike_G","Strike_G","Strike_G","Strike_G","Strike_G","Defend_G","Defend_G","Defend_G","Defend_G","Defend_G","Survivor","UniverseFragment","Noxious Fumes+1","Backstab","Wellcheers","Crippling Poison","Heel Hook","Alriune","Cloak And Dagger","LittlePrince","Poisoned Stab","Noxious Fumes","LaLuna","Dash","BlackSwan","Backflip"],"relics":["Ring of the Snake","CogitoBucket","Calipers","AspirationHeart","Strawberry","ClockworkSouvenir"],"acts_visited":["Exordium"],"potions_floor_usage":[7,8,16],"damage_taken":[{"damage":0,"enemies":"Small Slimes","floor":1,"turns":4},{"damage":4,"enemies":"Jaw Worm","floor":2,"turns":4},{"damage":0,"enemies":"2 Louse","floor":3,"turns":3},{"damage":12,"enemies":"Looter","floor":5,"turns":3},{"damage":20,"enemies":"Gremlin Nob","floor":7,"turns":5},{"damage":21,"enemies":"Large Slime","floor":8,"turns":4},{"damage":7,"enemies":"Exordium Wildlife","floor":11,"turns":4},{"damage":9,"enemies":"Looter","floor":12,"turns":4},{"damage":8,"enemies":"Large Slime","floor":13,"turns":5},{"damage":8,"enemies":"Lots of Slimes","floor":14,"turns":3},{"damage":0,"enemies":"Hexaghost","floor":16,"turns":6}],"seed_played":"4938105763917625560","potions_obtained":[{"floor":1,"key":"AttackPotion"},{"floor":3,"key":"EssenceOfSteel"},{"floor":5,"key":"ColorlessPotion"},{"floor":12,"key":"FearPotion"}],"is_trial":false,"path_per_floor":["M","M","M","?","M","R","E","M","T","$","M","M","M","M","R","B"],"character_chosen":"THE_SILENT","items_purchased":["ClockworkSouvenir"],"campfire_rested":1,"item_purchase_floors":[10],"current_hp_per_floor":[70,66,66,66,57,57,37,26,33,33,29,20,15,10,36,36,36],"gold":120,"neow_bonus":"","is_daily":false,"chose_seed":false,"campfire_upgraded":1,"win_rate":0.0,"timestamp":1613145805,"path_taken":["M","M","M","?","M","R","E","M","T","$","M","M","M","M","R","BOSS"],"items_purchased_type":["Relic"],"build_version":"2020-12-22","purchased_purges":1,"victory":false,"max_hp_per_floor":[70,70,70,70,70,70,70,80,87,87,87,87,87,87,87,87,87],"card_choices":[{"not_picked":["MeatLantern","OldLady"],"picked":"UniverseFragment","floor":1},{"not_picked":["Sucker Punch","Slice"],"picked":"Noxious Fumes","floor":1},{"not_picked":["OldLady","ShyLook","Bloodbath"],"picked":"Singing Bowl","floor":2},{"not_picked":["DespairKnight","FairyFestival"],"picked":"Porccubus","floor":2},{"not_picked":["All Out Attack","Dagger Throw"],"picked":"Backstab","floor":2},{"not_picked":["NothingThere","Rudolta"],"picked":"Wellcheers","floor":3},{"not_picked":["Infinite Blades","Outmaneuver"],"picked":"Crippling Poison","floor":3},{"not_picked":["Outmaneuver","Deflect"],"picked":"Heel Hook","floor":5},{"not_picked":["HeroicMonk","FairyFestival","Bloodbath"],"picked":"Singing Bowl","floor":7},{"not_picked":["GalaxyChild","PunishingBird"],"picked":"Alriune","floor":7},{"not_picked":["Flechettes","Riddle With Holes","Blade Dance"],"picked":"SKIP","floor":7},{"not_picked":["Flechettes","Riddle With Holes","Blade Dance"],"picked":"SKIP","floor":7},{"not_picked":["Infinite Blades","Flechettes"],"picked":"Cloak And Dagger","floor":8},{"not_picked":["CrumblingArmor","Scorched"],"picked":"LittlePrince","floor":11},{"not_picked":["Dagger Spray","Cloak And Dagger"],"picked":"Poisoned Stab","floor":11},{"not_picked":["Bane","Blade Dance"],"picked":"Noxious Fumes","floor":12},{"not_picked":["Murderer","ShyLook"],"picked":"LaLuna","floor":13},{"not_picked":["Eviscerate","Dodge and Roll"],"picked":"Dash","floor":13},{"not_picked":["CrumblingArmor","WallGazer"],"picked":"BlackSwan","floor":14},{"not_picked":["Deadly Poison","PiercingWail"],"picked":"Backflip","floor":14}],"player_experience":511114,"relics_obtained":[{"floor":7,"key":"Calipers"},{"floor":9,"key":"Strawberry"}],"event_choices":[{"damage_healed":0,"gold_gain":51,"player_choice":"Gained Gold","damage_taken":0,"max_hp_gain":0,"max_hp_loss":0,"event_name":"Golden Wing","floor":4,"gold_loss":0}],"is_beta":false,"boss_relics":[],"items_purged_floors":[10],"is_endless":false,"potions_floor_spawned":[1,3,5,12],"killed_by":"Hexaghost","ascension_level":0}}