{"host":"9jx2ud7m8gf59o7m","time":1613101415,"event":{"mods":["A Magickal Journey","BaseMod","BetterRewards","CapriCore","Downfall","Friendly Minions","Halation","Hero for Fun","KinomotoSakuraMod(????)","Koishi","Luminous","Magitek Elite","Marisa????????","Minty Spire (QoL Compilation)","Permanent Neow","Prisma Mod","READ ME - Guardian Mod","Remilia??????","Remove Card Discount Mod","Replay The Spire","Shade Mod","StSLib","The Alterego","The Bladedancer","The Bug Knight","The Death Knight","The Immortal","The Necromancer","The Servant 0.9.4","The Wild Card","TheHero","TheSwordswoman","Yohane!","Yuri Mod"],"gold_per_floor":[118,134,209,233,246,246,246,230,230,230,230],"floor_reached":10,"language":"ENG","playtime":1062,"items_purged":[],"score":58,"play_id":"e76b30e9-7ba8-4fcd-a2fa-2f2dea419eb2","local_time":"20210211224335","is_ascension_mode":false,"campfire_choices":[{"floor":6,"key":"REST"}],"circlet_count":0,"master_deck":["blazmod:Strike","blazmod:Strike","blazmod:Strike","blazmod:Strike","blazmod:Defend","blazmod:Defend","blazmod:Defend","blazmod:Defend","blazmod:ButterflyEffect","blazmod:Kyokasuigetsu","blazmod:MoonlightBlossoms","blazmod:SidewaySolace","blazmod:PhoenixPlume","blazmod:LoveAndHonor"],"relics":["blazmod:Venustas","halation:LettersToHer","halation:AfternoonTea","Bottled Flame"],"acts_visited":["Exordium"],"potions_floor_usage":[10],"damage_taken":[{"damage":0,"enemies":"2 Louse","floor":1,"turns":3},{"damage":1,"enemies":"Jaw Worm","floor":2,"turns":3},{"damage":6,"enemies":"Cultist","floor":5,"turns":3},{"damage":8,"enemies":"Exordium Thugs","floor":8,"turns":4},{"damage":51,"enemies":"Lagavulin","floor":10,"turns":6}],"seed_played":"-7426695142946214155","potions_obtained":[{"floor":1,"key":"Fire Potion"},{"floor":2,"key":"sneckomod:MuddlingPotion"}],"is_trial":false,"path_per_floor":["M","M","?","T","M","R","$","M","T","E"],"character_chosen":"THE_SWORDSWOMAN","items_purchased":[],"campfire_rested":1,"item_purchase_floors":[],"current_hp_per_floor":[40,39,28,28,22,34,34,38,38,0,0],"gold":230,"neow_bonus":"RANDOM_COMMON_RELIC","is_daily":false,"chose_seed":false,"campfire_upgraded":0,"win_rate":0.0,"timestamp":1613101415,"path_taken":["M","M","?","?","M","R","$","M","T","E"],"items_purchased_type":[],"build_version":"2020-12-22","purchased_purges":0,"victory":false,"max_hp_per_floor":[40,40,40,40,40,40,40,40,40,40,40],"card_choices":[{"not_picked":["blazmod:PureOfSoul","blazmod:StanceChange"],"picked":"blazmod:MoonlightBlossoms","floor":1},{"not_picked":["blazmod:BoulderFlash","blazmod:SureOfHand"],"picked":"blazmod:SidewaySolace","floor":2},{"not_picked":["blazmod:Crosscut","blazmod:MentalFocus"],"picked":"blazmod:PhoenixPlume","floor":5},{"not_picked":["blazmod:Valiance","blazmod:TenThousand"],"picked":"blazmod:LoveAndHonor","floor":8}],"player_experience":361597,"relics_obtained":[{"floor":4,"key":"halation:LettersToHer"},{"floor":4,"key":"halation:AfternoonTea"},{"floor":9,"key":"halation:LettersToHer"},{"floor":9,"key":"Bottled Flame"}],"event_choices":[{"damage_healed":0,"gold_gain":75,"player_choice":"Gather Gold","damage_taken":11,"max_hp_gain":0,"max_hp_loss":0,"event_name":"World of Goop","floor":3,"gold_loss":0}],"is_beta":false,"boss_relics":[],"items_purged_floors":[],"is_endless":false,"potions_floor_spawned":[1,2],"killed_by":"Lagavulin","ascension_level":0}}