{"host":"m9osufisr3agwk96","time":1613154259,"event":{"mods":["AchievementEnabler","Aspiration","BaseMod","Colored Map","Colored Powertips","Downfall","Friendly Minions","Hermit","Highlight Path","Hubris","Minty Spire (QoL Compilation)","Rare Cards Sparkle","Reliquary","Replay The Spire","Shop Mod","StSLib"],"gold_per_floor":[109,120,133,133,151,151,151,166,166,241,241,257,257,285,285,381,381,392,392,392,409,409,409],"floor_reached":22,"language":"ENG","playtime":635,"items_purged":[],"score":186,"play_id":"88f7698b-efb7-42e6-bb52-c9ee1b86e926","local_time":"20210212102419","is_ascension_mode":false,"campfire_choices":[{"data":"Alpha","floor":6,"key":"SMITH"},{"floor":11,"key":"REST"},{"data":"DevaForm","floor":13,"key":"SMITH"},{"floor":15,"key":"REST"}],"circlet_count":0,"master_deck":["Strike_P","Strike_P","Strike_P","Strike_P","Defend_P","Defend_P","Defend_P","Defend_P","Eruption","Vigilance","FlurryOfBlows","ClearTheMind","Protect","Alpha+1","Pray","DevaForm+1","Devotion","Vault","Protect+1","Devotion","Slimebound:CheckThePlaybook","downfall:Icky","Tantrum"],"relics":["PureWater","NeowsBlessing","hubris:Towel","FossilizedHelix","hubris:BottledRain","aspiration:FutureDiary"],"acts_visited":["Exordium","TheCity"],"potions_floor_usage":[5,14,16,18],"damage_taken":[{"damage":0,"enemies":"Cultist","floor":1,"turns":1},{"damage":0,"enemies":"2 Louse","floor":2,"turns":1},{"damage":0,"enemies":"Small Slimes","floor":3,"turns":1},{"damage":2,"enemies":"Looter","floor":5,"turns":4},{"damage":7,"enemies":"Blue Slaver","floor":8,"turns":3},{"damage":0,"enemies":"Large Slime","floor":12,"turns":4},{"damage":20,"enemies":"Gremlin Nob","floor":14,"turns":4},{"damage":22,"enemies":"Fading Forest","floor":16,"turns":11},{"damage":8,"enemies":"2 Thieves","floor":18,"turns":4},{"damage":16,"enemies":"Shell Parasite","floor":21,"turns":5},{"damage":58,"enemies":"Snake Plant","floor":22,"turns":5}],"seed_played":"-898625729796584779","potions_obtained":[{"floor":2,"key":"Milkshake"},{"floor":5,"key":"Fruit Juice"},{"floor":12,"key":"BlessingOfTheForge"},{"floor":16,"key":"AttackPotion"}],"is_trial":false,"path_per_floor":["M","M","M","$","M","R","?","M","T","?","R","M","R","E","R","B",null,"M","?","?","M","M"],"character_chosen":"WATCHER","items_purchased":[],"campfire_rested":2,"item_purchase_floors":[],"current_hp_per_floor":[72,72,72,72,75,75,75,68,68,57,77,77,77,57,77,55,77,69,69,69,53,0,0],"gold":409,"neow_bonus":"THREE_ENEMY_KILL","is_daily":false,"chose_seed":false,"campfire_upgraded":2,"win_rate":0.0,"timestamp":1613154259,"path_taken":["M","M","?","$","?","R","?","M","T","?","R","M","R","E","R","BOSS","M","?","?","M","M"],"items_purchased_type":[],"build_version":"2020-12-22","purchased_purges":0,"victory":false,"max_hp_per_floor":[72,72,72,72,77,77,77,77,77,77,77,77,77,77,77,77,77,77,77,77,77,77,77],"card_choices":[{"not_picked":["Replay:BluntJabs","Replay:ManipulateFuture"],"picked":"FlurryOfBlows","floor":1},{"not_picked":["ThirdEye","BowlingBash"],"picked":"ClearTheMind","floor":2},{"not_picked":["Replay:BluntJabs","CutThroughFate"],"picked":"Protect","floor":3},{"not_picked":["Replay:BluntJabs","CutThroughFate"],"picked":"Alpha","floor":5},{"not_picked":["SashWhip","Fasting2"],"picked":"Pray","floor":8},{"not_picked":["Replay:Vibes","Study"],"picked":"DevaForm","floor":12},{"not_picked":["SashWhip","Wireheading"],"picked":"Devotion","floor":14},{"not_picked":["Blasphemy","Judgement"],"picked":"Vault","floor":16},{"not_picked":["SashWhip","Halt"],"picked":"Protect+1","floor":18},{"not_picked":["BowlingBash+1","CrushJoints"],"picked":"Tantrum","floor":21}],"player_experience":469903,"relics_obtained":[{"floor":9,"key":"FossilizedHelix"},{"floor":14,"key":"hubris:BottledRain"}],"event_choices":[{"damage_healed":0,"gold_gain":75,"player_choice":"Gather Gold","damage_taken":11,"max_hp_gain":0,"max_hp_loss":0,"event_name":"World of Goop","floor":10,"gold_loss":0},{"damage_healed":0,"gold_gain":0,"player_choice":"Read","damage_taken":0,"max_hp_gain":0,"max_hp_loss":0,"event_name":"The Library","floor":19,"gold_loss":0,"cards_obtained":["Devotion"]}],"is_beta":false,"boss_relics":[{"not_picked":["hubris:VirtuousBlindfold","Replay:Wanted Poster"],"picked":"aspiration:FutureDiary"}],"items_purged_floors":[],"is_endless":false,"potions_floor_spawned":[2,5,12,16],"killed_by":"Snake Plant","ascension_level":0}}