{"host":"z2qbs5oitkx9dzyk","time":1613154385,"event":{"mods":["BaseMod","Colored Map","Colored Powertips","Minty Spire (QoL Compilation)","Shop Mod"],"gold_per_floor":[209,227,79,99,111,140,140,140,193,213,243,260,260,7,7,111,111,92,452,465,58,75,75,90,90,90,105,181,199,199,219,219,219,219],"floor_reached":33,"language":"ENG","playtime":1616,"items_purged":["Strike_B"],"score":311,"play_id":"e84d629f-de5a-4fc2-a2ab-586f6152350f","local_time":"20210212122625","is_ascension_mode":false,"campfire_choices":[{"data":"White Noise","floor":7.0,"key":"SMITH"},{"floor":13.0,"key":"REST"},{"floor":15.0,"key":"REST"},{"floor":23.0,"key":"REST"},{"floor":25.0,"key":"REST"},{"floor":32.0,"key":"REST"}],"circlet_count":0,"master_deck":["Strike_B","Strike_B","Strike_B","Defend_B","Defend_B","Defend_B","Defend_B","Zap","Dualcast+1","Go for the Eyes","Glacier","Loop","Buffer","Multi-Cast","Leap","Streamline","Darkness+1","White Noise+1","Undo","Core Surge","Glacier+1","Gash+1","Hello World+1","Defragment+1","Heatsinks+1","Leap","Barrage+1"],"relics":["Cracked Core","Orrery","Shuriken","Omamori","Blood Vial","Frozen Egg 2","Black Star","Gremlin Horn","Dead Branch","White Beast Statue","Nilry\u0027s Codex"],"acts_visited":["Exordium","TheCity"],"potions_floor_usage":[33],"damage_taken":[{"damage":2.0,"enemies":"Jaw Worm","floor":1.0,"turns":4.0},{"damage":1.0,"enemies":"Cultist","floor":2.0,"turns":4.0},{"damage":0.0,"enemies":"Small Slimes","floor":4.0,"turns":4.0},{"damage":0.0,"enemies":"3 Louse","floor":5.0,"turns":4.0},{"damage":16.0,"enemies":"3 Sentries","floor":6.0,"turns":8.0},{"damage":11.0,"enemies":"Looter","floor":10.0,"turns":3.0},{"damage":0.0,"enemies":"Lagavulin","floor":11.0,"turns":7.0},{"damage":13.0,"enemies":"Exordium Wildlife","floor":12.0,"turns":5.0},{"damage":26.0,"enemies":"Hexaghost","floor":16.0,"turns":10.0},{"damage":30.0,"enemies":"2 Thieves","floor":18.0,"turns":4.0},{"damage":1.0,"enemies":"Shell Parasite","floor":20.0,"turns":5.0},{"damage":0.0,"enemies":"Snecko","floor":22.0,"turns":6.0},{"damage":11.0,"enemies":"Centurion and Healer","floor":24.0,"turns":10.0},{"damage":7.0,"enemies":"Snake Plant","floor":27.0,"turns":9.0},{"damage":27.0,"enemies":"Cultist and Chosen","floor":29.0,"turns":5.0},{"damage":3.0,"enemies":"Snecko","floor":31.0,"turns":6.0},{"damage":52,"enemies":"Automaton","floor":33,"turns":8}],"seed_played":"-4639070052513219133","potions_obtained":[{"floor":1.0,"key":"LiquidBronze"},{"floor":2.0,"key":"SkillPotion"},{"floor":11.0,"key":"FairyPotion"},{"floor":12.0,"key":"Swift Potion"},{"floor":18.0,"key":"Explosive Potion"},{"floor":22.0,"key":"EssenceOfSteel"},{"floor":24.0,"key":"Fire Potion"},{"floor":31.0,"key":"Explosive Potion"}],"is_trial":false,"path_per_floor":["M","M","$","M","M","E","R","?","T","M","E","M","R","$","R","B",null,"M","?","M","$","M","R","M","R","T","M","T","M","?","M","R","B"],"character_chosen":"DEFECT","items_purchased":["Orrery","Frozen Egg 2","Gremlin Horn","Hello World+1"],"campfire_rested":5,"item_purchase_floors":[3,14,21,21],"current_hp_per_floor":[73,72,72,72,72,56,56,41,41,30,30,19,41,41,63,39,75,45,9,10,10,12,34,25,47,47,42,42,17,1,22,44,0,0],"gold":219,"neow_bonus":"HUNDRED_GOLD","is_daily":false,"chose_seed":false,"campfire_upgraded":1,"win_rate":0.0,"timestamp":1613154385,"path_taken":["M","M","$","M","M","E","R","?","T","M","E","M","R","$","R","BOSS","M","?","?","$","M","R","M","R","T","M","?","M","?","M","R","BOSS"],"items_purchased_type":["Relic","Relic","Relic","Card"],"build_version":"2020-12-22","purchased_purges":1,"victory":false,"max_hp_per_floor":[75,75,75,75,75,75,75,75,75,75,75,75,75,75,75,75,75,75,75,75,75,75,75,75,75,75,75,75,75,75,75,75,75,75],"card_choices":[{"not_picked":["Force Field","Scrape"],"picked":"Go for the Eyes","floor":1.0},{"not_picked":["Scrape","Chaos"],"picked":"Glacier","floor":2.0},{"not_picked":["Lockon","Auto Shields"],"picked":"Loop","floor":3.0},{"not_picked":["Streamline","Hologram"],"picked":"Buffer","floor":3.0},{"not_picked":["Hologram","Blizzard"],"picked":"Multi-Cast","floor":3.0},{"not_picked":["Compile Driver","Conserve Battery"],"picked":"Leap","floor":3.0},{"not_picked":["Redo","Tempest"],"picked":"Streamline","floor":3.0},{"not_picked":["Lockon","Cold Snap"],"picked":"Darkness","floor":4.0},{"not_picked":["Chaos","Lockon","Rip and Tear"],"picked":"SKIP","floor":5.0},{"not_picked":["Coolheaded","Barrage"],"picked":"White Noise","floor":6.0},{"not_picked":["Double Energy","Streamline"],"picked":"Undo","floor":10.0},{"not_picked":["Barrage","Hologram","Reinforced Body"],"picked":"SKIP","floor":11.0},{"not_picked":["Glacier","Rebound","Beam Cell"],"picked":"SKIP","floor":12.0},{"not_picked":["Hyperbeam","Thunder Strike"],"picked":"Core Surge","floor":16.0},{"not_picked":["Turbo","Compile Driver"],"picked":"Glacier+1","floor":18.0},{"not_picked":["Turbo","Go for the Eyes"],"picked":"Gash+1","floor":20.0},{"not_picked":["Streamline+1","Meteor Strike"],"picked":"Defragment+1","floor":22.0},{"not_picked":["Redo","Cold Snap"],"picked":"Heatsinks+1","floor":24.0},{"not_picked":["Genetic Algorithm","Cold Snap+1"],"picked":"Leap","floor":27.0},{"not_picked":["Fission","Go for the Eyes"],"picked":"Barrage+1","floor":29.0},{"not_picked":["Double Energy","Hologram","Ball Lightning+1"],"picked":"SKIP","floor":31.0}],"player_experience":418705,"relics_obtained":[{"floor":6.0,"key":"Shuriken"},{"floor":9.0,"key":"Omamori"},{"floor":11.0,"key":"Blood Vial"},{"floor":26.0,"key":"Dead Branch"},{"floor":28.0,"key":"White Beast Statue"},{"floor":30.0,"key":"Nilry\u0027s Codex"}],"event_choices":[{"damage_healed":0.0,"max_hp_gain":0.0,"max_hp_loss":0.0,"gold_gain":0.0,"event_name":"Shining Light","player_choice":"Entered Light","floor":8.0,"gold_loss":0.0,"damage_taken":15.0,"cards_upgraded":["Darkness","Dualcast"]},{"damage_healed":0.0,"max_hp_gain":0.0,"max_hp_loss":0.0,"gold_gain":360.0,"event_name":"Knowing Skull","player_choice":"GOLD GOLD GOLD GOLD ","floor":19.0,"potions_obtained":[],"gold_loss":0.0,"damage_taken":36.0,"cards_obtained":[]},{"damage_healed":0.0,"max_hp_gain":0.0,"max_hp_loss":0.0,"gold_gain":0.0,"event_name":"Cursed Tome","player_choice":"Obtained Book","floor":30.0,"gold_loss":0.0,"damage_taken":16.0}],"is_beta":false,"boss_relics":[{"not_picked":["Snecko Eye","Busted Crown"],"picked":"Black Star"}],"items_purged_floors":[21],"is_endless":false,"potions_floor_spawned":[1,2,11,12,18,22,24,27,29,31],"killed_by":"Automaton","ascension_level":0}}