{"host":"ow66nzv2xecjoor3","time":1613116395,"event":{"mods":["BaseMod","Bestiary","Block Reminder","Colored Powertips","Curses Come First","Highlight Path","Keyboard Shortcuts","Minty Spire (QoL Compilation)","Permanent Neow","Relic Stats","StSLib","UnlockEverythingMod"],"gold_per_floor":[219,230,14,28,38,72,72,107,161,161,161,189,204,223,223,300,300,319,78,128,146,158,158,158,189,212,242,242,259,294,313,313,388,388,405,405,30,41,57,91,91,91],"floor_reached":41,"language":"ENG","playtime":2182,"items_purged":["Strike_G"],"score":1031,"play_id":"c9463926-8647-44e5-a899-86a98077c340","local_time":"20210212015315","is_ascension_mode":true,"campfire_choices":[{"data":"Bouncing Flask","floor":7.0,"key":"SMITH"},{"floor":10,"key":"REST"},{"data":"Blade Dance","floor":15,"key":"SMITH"},{"floor":23,"key":"REST"},{"floor":32,"key":"REST"}],"circlet_count":0,"master_deck":["AscendersBane","Defend_G+1","Defend_G","Defend_G","Defend_G","Defend_G","Survivor","Neutralize","Predator","Bouncing Flask+1","Blade Dance+1","Endless Agony","Burst+1","Terror","Footwork","Backflip","Malaise","Sucker Punch+1","Bouncing Flask","Bite","Bite","Bite","Bite","Bite","Acrobatics+1","Tools of the Trade","Noxious Fumes","Malaise","PiercingWail","Well Laid Plans","Acrobatics","Reflex+1"],"relics":["Ring of the Snake","PreservedInsect","Omamori","Sundial","War Paint","Art of War","Fusion Hammer","TwistedFunnel","Paper Crane","Meat on the Bone","Anchor","Bronze Scales","Black Star","Frozen Eye","Bag of Preparation","Toxic Egg 2","Regal Pillow"],"acts_visited":["Exordium","TheCity","TheBeyond"],"potions_floor_usage":[10,16,21,25,33,35,40],"damage_taken":[{"damage":13.0,"enemies":"Jaw Worm","floor":1.0,"turns":7.0},{"damage":0.0,"enemies":"2 Louse","floor":2.0,"turns":4.0},{"damage":0.0,"enemies":"Small Slimes","floor":4.0,"turns":3.0},{"damage":6.0,"enemies":"Looter","floor":5.0,"turns":3.0},{"damage":2.0,"enemies":"3 Sentries","floor":6.0,"turns":4.0},{"damage":15.0,"enemies":"Lagavulin","floor":8.0,"turns":5.0},{"damage":1,"enemies":"Gremlin Nob","floor":12,"turns":3},{"damage":10,"enemies":"Exordium Wildlife","floor":13,"turns":5},{"damage":0,"enemies":"2 Fungi Beasts","floor":14,"turns":2},{"damage":21,"enemies":"Slime Boss","floor":16,"turns":6},{"damage":1,"enemies":"Shell Parasite","floor":18,"turns":7},{"damage":15,"enemies":"2 Thieves","floor":21,"turns":3},{"damage":15,"enemies":"Centurion and Healer","floor":22,"turns":10},{"damage":20,"enemies":"Slavers","floor":25,"turns":6},{"damage":9,"enemies":"Book of Stabbing","floor":27,"turns":4},{"damage":5,"enemies":"Snake Plant","floor":29,"turns":4},{"damage":29,"enemies":"Slavers","floor":30,"turns":7},{"damage":0,"enemies":"Shelled Parasite and Fungi","floor":31,"turns":7},{"damage":7,"enemies":"Champ","floor":33,"turns":11},{"damage":43,"enemies":"3 Darklings","floor":35,"turns":5},{"damage":23,"enemies":"Orb Walker","floor":38,"turns":4},{"damage":6,"enemies":"Sphere and 2 Shapes","floor":39,"turns":12},{"damage":14,"enemies":"Nemesis","floor":40,"turns":7},{"damage":81,"enemies":"Transient","floor":41,"turns":6}],"seed_played":"357220394863676962","potions_obtained":[{"floor":1.0,"key":"SmokeBomb"},{"floor":4.0,"key":"PowerPotion"},{"floor":6.0,"key":"Fruit Juice"},{"floor":14,"key":"Dexterity Potion"},{"floor":16,"key":"CunningPotion"},{"floor":25,"key":"GhostInAJar"},{"floor":30,"key":"Block Potion"},{"floor":33,"key":"SkillPotion"},{"floor":40,"key":"Poison Potion"}],"is_trial":false,"path_per_floor":["M","M","$","M","M","E","R","E","T","R","?","E","M","M","R","B",null,"M","$","?","M","M","R","?","E","T","E","?","M","E","M","R","B",null,"M","?","$","M","M","E","M"],"character_chosen":"THE_SILENT","items_purchased":["PreservedInsect","Explosive Potion","TwistedFunnel","Frozen Eye","Bag of Preparation","Dexterity Potion"],"campfire_rested":3,"item_purchase_floors":[3,3,19,37,37,37],"current_hp_per_floor":[46,46,46,46,40,38,38,23,23,49,42,41,31,31,31,10,56,55,55,55,40,25,46,46,26,26,29,29,38,31,45,66,71,71,46,46,46,41,55,55,0,0],"gold":91,"neow_bonus":"HUNDRED_GOLD","is_daily":false,"chose_seed":false,"campfire_upgraded":2,"win_rate":0.0,"timestamp":1613116395,"path_taken":["M","M","$","M","M","E","R","E","T","R","?","E","M","M","R","BOSS","M","$","?","M","M","R","?","E","T","E","?","M","E","M","R","BOSS","M","?","$","M","M","E","M"],"items_purchased_type":["Relic","Potion","Relic","Relic","Relic","Potion"],"build_version":"2020-12-22","purchased_purges":1,"victory":false,"max_hp_per_floor":[66,66,66,66,66,66,66,66,66,71,71,71,71,71,71,71,71,71,71,71,71,71,71,71,71,71,71,71,71,71,71,71,71,71,71,71,71,71,71,71,71,71],"relic_stats":{"Regal Pillow":0,"counters":[24,135],"Sundial":[14],"Bronze Scales":[135],"PreservedInsect":264,"Art of War":[20],"Black Star":1,"Bag of Preparation":[8],"War Paint":["Defend_G","Burst"],"obtain_stats":[{"TwistedFunnel":19,"Regal Pillow":40,"PreservedInsect":3,"Omamori":6,"Bag of Preparation":37,"War Paint":9,"Paper Crane":24,"Blood Vial":27,"Frozen Eye":37,"Anchor":26,"Sundial":8,"Bronze Scales":30,"Fusion Hammer":17,"Art of War":12,"Black Star":34,"Toxic Egg 2":40,"Ring of the Snake":0,"Meat on the Bone":25},{"TwistedFunnel":11,"Regal Pillow":23,"PreservedInsect":2,"Omamori":5,"Bag of Preparation":20,"War Paint":6,"Paper Crane":13,"Blood Vial":15,"Frozen Eye":20,"Anchor":14,"Sundial":6,"Bronze Scales":17,"Fusion Hammer":10,"Art of War":7,"Black Star":19,"Toxic Egg 2":23,"Ring of the Snake":0,"Meat on the Bone":14},{"TwistedFunnel":49,"Regal Pillow":129,"PreservedInsect":11,"Omamori":21,"Bag of Preparation":106,"War Paint":26,"Paper Crane":62,"Blood Vial":72,"Frozen Eye":106,"Anchor":68,"Sundial":26,"Bronze Scales":83,"Fusion Hammer":42,"Art of War":29,"Black Star":101,"Toxic Egg 2":129,"Ring of the Snake":0,"Meat on the Bone":68}],"Ring of the Snake":[51],"Meat on the Bone":60},"card_choices":[{"not_picked":["Calculated Gamble","Skewer"],"picked":"Predator","floor":1.0},{"not_picked":["Dodge and Roll","Reflex"],"picked":"Bouncing Flask","floor":2.0},{"not_picked":["Expertise","Accuracy"],"picked":"Blade Dance","floor":4.0},{"not_picked":["Flying Knee","Underhanded Strike"],"picked":"Endless Agony","floor":5.0},{"not_picked":["Bane","Backflip"],"picked":"Burst","floor":6.0},{"not_picked":["Prepared","Outmaneuver"],"picked":"Terror","floor":8.0},{"not_picked":["Bane","Prepared"],"picked":"Footwork","floor":12},{"not_picked":["Setup","Backstab"],"picked":"Backflip","floor":13},{"not_picked":["Outmaneuver","Sucker Punch","Quick Slash"],"picked":"SKIP","floor":14},{"not_picked":["Unload","Envenom"],"picked":"Malaise","floor":16},{"not_picked":["Outmaneuver","Prepared"],"picked":"Sucker Punch+1","floor":18},{"not_picked":["Dagger Spray","Expertise","Sucker Punch"],"picked":"SKIP","floor":21},{"not_picked":["Blade Dance","Cloak And Dagger"],"picked":"Bouncing Flask","floor":22},{"not_picked":["Dagger Throw","Bane","Tactician"],"picked":"SKIP","floor":25},{"not_picked":["Backstab","Bane","Infinite Blades"],"picked":"SKIP","floor":27},{"not_picked":["Dodge and Roll","Slice"],"picked":"Acrobatics+1","floor":29},{"not_picked":["Deadly Poison","All Out Attack"],"picked":"Tools of the Trade","floor":30},{"not_picked":["Eviscerate","Dagger Throw+1"],"picked":"Noxious Fumes","floor":31},{"not_picked":["Grand Finale","Storm of Steel"],"picked":"Malaise","floor":33},{"not_picked":["Expertise","Sucker Punch"],"picked":"PiercingWail","floor":35},{"not_picked":["Blade Dance","Concentrate"],"picked":"Well Laid Plans","floor":38},{"not_picked":["Dagger Spray","Slice"],"picked":"Acrobatics","floor":39},{"not_picked":["Blur+1","Dodge and Roll+1"],"picked":"Reflex+1","floor":40}],"player_experience":2846003,"relics_obtained":[{"floor":6.0,"key":"Omamori"},{"floor":8.0,"key":"Sundial"},{"floor":9.0,"key":"War Paint"},{"floor":12,"key":"Art of War"},{"floor":25,"key":"Meat on the Bone"},{"floor":26,"key":"Anchor"},{"floor":27,"key":"Blood Vial"},{"floor":30,"key":"Bronze Scales"},{"floor":40,"key":"Toxic Egg 2"},{"floor":40,"key":"Regal Pillow"}],"event_choices":[{"cards_removed":["Strike_G"],"damage_healed":0,"gold_gain":0,"player_choice":"Card Removal","damage_taken":7,"max_hp_gain":0,"max_hp_loss":0,"event_name":"Golden Wing","floor":11,"gold_loss":0},{"damage_healed":0,"gold_gain":50,"player_choice":"Stole From Cult","damage_taken":0,"max_hp_gain":0,"max_hp_loss":0,"event_name":"Nest","floor":20,"gold_loss":0},{"damage_healed":0,"gold_gain":0,"player_choice":"Opened","damage_taken":0,"relics_obtained":["Paper Crane"],"max_hp_gain":0,"max_hp_loss":0,"event_name":"The Mausoleum","floor":24,"gold_loss":0,"cards_obtained":["Writhe"]},{"damage_healed":0,"gold_gain":0,"player_choice":"Became a vampire (Vial)","damage_taken":0,"max_hp_gain":0,"max_hp_loss":0,"event_name":"Vampires","floor":28,"relics_lost":["Blood Vial"],"gold_loss":0,"cards_obtained":["Bite","Bite","Bite","Bite","Bite"]},{"damage_healed":0,"gold_gain":0,"player_choice":"Ignored","damage_taken":0,"max_hp_gain":0,"max_hp_loss":0,"event_name":"Tomb of Lord Red Mask","floor":36,"gold_loss":0}],"is_beta":false,"boss_relics":[{"not_picked":["Runic Dome","SlaversCollar"],"picked":"Fusion Hammer"},{"not_picked":["Empty Cage","Busted Crown"],"picked":"Black Star"}],"items_purged_floors":[19],"is_endless":false,"potions_floor_spawned":[1,4,6,14,16,18,25,30,31,33,39,40],"killed_by":"Transient","ascension_level":20}}