{"host":"74rphcgmhz43g39u","time":1613110309,"event":{"mods":["Act Like it!","BaseMod","Gensokyo","Minty Spire (QoL Compilation)","Quick Restart","Remilia£®¿Ÿ√◊¿Ú—«£©","StSLib"],"gold_per_floor":[117,29,29,39,355,586,586,597,597,597,522,556,556,569,569,647,647,665,665,915,929,944,944,944],"floor_reached":23,"language":"ZHS","playtime":943,"items_purged":["Strike_RM"],"score":407,"play_id":"7b2cad0e-48ac-45a1-a83f-1e4980f9cb7b","local_time":"20210212141149","is_ascension_mode":true,"campfire_choices":[{"data":"SuperhumanBloodyKnife","floor":7.0,"key":"SMITH"},{"data":"BatForm","floor":10.0,"key":"SMITH"},{"data":"RedMoon","floor":15.0,"key":"SMITH"}],"circlet_count":0,"master_deck":["AscendersBane","Strike_RM","Strike_RM","Strike_RM","Defend_RM","Defend_RM","Defend_RM","Defend_RM","RedMoon+1","ScarletShoot","BombardNight+1","SuperhumanBloodyKnife+1","BatForm+1","BloodyCatastrophe","QueenOfMidnight","CurseOfVladTepes","ScarletNetherworld"],"relics":["ScarletHat","NeowsBlessing","Blood Vial","Unceasing Top","Gensokyo:Justice","Black Star","Frozen Eye"],"acts_visited":["Exordium","Gensokyo:Gensokyo"],"potions_floor_usage":[23,23],"damage_taken":[{"damage":0.0,"enemies":"Gensokyo:Gryphon","floor":1.0,"turns":1.0},{"damage":0.0,"enemies":"Gensokyo:Python","floor":4.0,"turns":4.0},{"damage":1.0,"enemies":"Gensokyo:2_Kodama","floor":5.0,"turns":4.0},{"damage":11.0,"enemies":"Gensokyo:Aya","floor":6.0,"turns":7.0},{"damage":0.0,"enemies":"Gensokyo:Gryphon_and_Rabbit","floor":8.0,"turns":5.0},{"damage":7.0,"enemies":"Gensokyo:Cirno","floor":12.0,"turns":6.0},{"damage":4.0,"enemies":"Gensokyo:Python_and_Kodama","floor":14.0,"turns":4.0},{"damage":6.0,"enemies":"Gensokyo:Yukari","floor":16.0,"turns":5.0},{"damage":8.0,"enemies":"Gensokyo:CosmicMonolith","floor":18.0,"turns":7.0},{"damage":23.0,"enemies":"Gensokyo:3_Dogs","floor":21.0,"turns":4.0},{"damage":4.0,"enemies":"Gensokyo:Swordslinger","floor":22.0,"turns":5.0},{"damage":59,"enemies":"Gensokyo:Koishi","floor":23,"turns":8}],"seed_played":"3728361436283386579","potions_obtained":[{"floor":4.0,"key":"Swift Potion"},{"floor":6.0,"key":"BlessingOfTheForge"},{"floor":12.0,"key":"SkillPotion"},{"floor":21.0,"key":"SpeedPotion"}],"is_trial":false,"path_per_floor":["M","COS","?","M","M","E","R","M","T","R","$","E","?","M","R","B",null,"M","?","?","M","M","E"],"character_chosen":"REMILIA","items_purchased":[],"campfire_rested":0,"item_purchase_floors":[],"current_hp_per_floor":[63,63,63,63,64,56,56,58,58,58,58,53,53,51,51,62,68,67,67,65,47,50,0,0],"gold":944,"neow_bonus":"THREE_ENEMY_KILL","is_daily":false,"chose_seed":false,"campfire_upgraded":3,"win_rate":0.0,"timestamp":1613110309,"path_taken":["M","COS","?","?","M","E","R","M","T","R","$","E","?","M","R","BOSS","M","?","?","M","M","E"],"items_purchased_type":[],"build_version":"2020-12-22","purchased_purges":1,"victory":false,"max_hp_per_floor":[70,70,70,70,70,70,70,70,70,70,70,70,70,70,70,70,70,70,70,65,65,65,65,65],"card_choices":[{"not_picked":["BloodHunter","LeisurelyOfLord"],"picked":"DevilSight","floor":1.0},{"not_picked":["ScarletImprint+1","EndlessAdversity+1"],"picked":"BombardNight+1","floor":4.0},{"not_picked":["VampireKiss","GlobalNightmare","BloodHunter"],"picked":"SKIP","floor":4.0},{"not_picked":["BlasphemousPunishment","ScarletDevil"],"picked":"SuperhumanBloodyKnife","floor":5.0},{"not_picked":["VampirishNight","NightDance","StarOfDavid"],"picked":"SKIP","floor":6.0},{"not_picked":["DiffusionOfMisfortune","MastersStateliness"],"picked":"BatForm","floor":8.0},{"not_picked":["ReincarnationDial","BombardNight","VampirishNight"],"picked":"SKIP","floor":12.0},{"not_picked":["ScarletDevil","BloodyMagicSquare"],"picked":"BloodyCatastrophe","floor":14.0},{"not_picked":["BloodyCatastrophe","BloodyHallows"],"picked":"QueenOfMidnight","floor":16.0},{"not_picked":["RedRainbow","UnderTheZenith+1"],"picked":"DevilSight","floor":18.0},{"not_picked":["Ultimatum","EndlessAdversity"],"picked":"ScarletNetherworld","floor":21.0},{"not_picked":["TwelveNightmare","EndlessAdversity","FavorOfDestiny"],"picked":"SKIP","floor":22.0}],"player_experience":863011,"relics_obtained":[{"floor":6.0,"key":"Blood Vial"},{"floor":12.0,"key":"Unceasing Top"}],"event_choices":[],"is_beta":false,"boss_relics":[{"not_picked":["Tiny House","Fusion Hammer"],"picked":"Black Star"}],"items_purged_floors":[11],"is_endless":false,"potions_floor_spawned":[4,6,12,21],"killed_by":"Gensokyo:Koishi","ascension_level":20}}