{"host":"5hsgormuu0lj4iiq","time":1613093041,"event":{"mods":["AchievementEnabler","BaseMod","Colored Map","Colored Powertips","Minty Spire (QoL Compilation)","Quick Restart","Relic Stats","SuperFastMode","everything is the same but u backflip on backflip","slay the spire mod where everything is the same but ironclad has a cowboy hat"],"gold_per_floor":[368,381,33,51,51,51,77,77,129,80,114,129,129,204,204,204,204],"floor_reached":16,"language":"ENG","playtime":295,"items_purged":[],"score":157,"play_id":"c8cefca4-3a6b-42fc-a9e9-6779d2a7b788","local_time":"20210211202401","is_ascension_mode":true,"campfire_choices":[{"data":"Crippling Poison","floor":6,"key":"SMITH"},{"floor":8,"key":"REST"},{"floor":13,"key":"REST"},{"floor":15,"key":"REST"}],"circlet_count":0,"master_deck":["Strike_G","Strike_G","Strike_G","Strike_G","Strike_G","Defend_G","Defend_G","Defend_G","Defend_G","Defend_G","Survivor","Neutralize","Deadly Poison","Dagger Spray","Deadly Poison","Sucker Punch","Crippling Poison+1","Dagger Spray","PiercingWail","Quick Slash","Crippling Poison"],"relics":["Ring of the Snake","DollysMirror","MealTicket","NlothsMask","Blood Vial","Blue Candle"],"acts_visited":["Exordium"],"potions_floor_usage":[11],"damage_taken":[{"damage":1,"enemies":"2 Louse","floor":1,"turns":5},{"damage":5,"enemies":"Cultist","floor":2,"turns":5},{"damage":0,"enemies":"Small Slimes","floor":4,"turns":2},{"damage":40,"enemies":"Lagavulin","floor":7,"turns":7},{"damage":41,"enemies":"Gremlin Nob","floor":11,"turns":5},{"damage":9,"enemies":"Blue Slaver","floor":12,"turns":4},{"damage":37,"enemies":"Slime Boss","floor":16,"turns":7}],"seed_played":"485813805591441452","potions_obtained":[{"floor":2,"key":"Block Potion"},{"floor":4,"key":"Strength Potion"},{"floor":12,"key":"DistilledChaos"}],"is_trial":false,"path_per_floor":["M","M","$","M","?","R","E","R","T","$","E","M","R","?","R","B"],"character_chosen":"THE_SILENT","items_purchased":["DollysMirror","MealTicket","Sucker Punch","PiercingWail"],"campfire_rested":3,"item_purchase_floors":[3,3,3,10],"current_hp_per_floor":[62,57,57,57,57,57,17,35,35,50,11,4,22,11,29,0,0],"gold":204,"neow_bonus":"TWO_FIFTY_GOLD","is_daily":false,"chose_seed":false,"campfire_upgraded":1,"win_rate":0.0,"timestamp":1613093041,"path_taken":["M","M","$","M","?","R","E","R","T","?","E","?","R","?","R","BOSS"],"items_purchased_type":["Relic","Relic","Card","Card"],"build_version":"2020-12-22","purchased_purges":0,"victory":false,"max_hp_per_floor":[63,63,63,63,63,63,63,63,63,63,63,63,63,63,63,63,63],"relic_stats":{"Blood Vial":6,"counters":[7,35],"Blue Candle":[0],"MealTicket":15,"obtain_stats":[{"Blood Vial":7,"DollysMirror":3,"Blue Candle":11,"MealTicket":3,"Ring of the Snake":0,"NlothsMask":5},{"Blood Vial":4,"DollysMirror":2,"Blue Candle":5,"MealTicket":2,"Ring of the Snake":0,"NlothsMask":3},{"Blood Vial":19,"DollysMirror":10,"Blue Candle":24,"MealTicket":10,"Ring of the Snake":0,"NlothsMask":12}],"Ring of the Snake":[14]},"card_choices":[{"not_picked":["PiercingWail","Backflip"],"picked":"Deadly Poison","floor":1},{"not_picked":["Skewer","Quick Slash"],"picked":"Dagger Spray","floor":2},{"not_picked":["Outmaneuver","Dodge and Roll"],"picked":"Crippling Poison","floor":4},{"not_picked":["Bouncing Flask","Concentrate"],"picked":"Dagger Spray","floor":7},{"not_picked":["Bane","Dagger Throw"],"picked":"Quick Slash","floor":11},{"not_picked":["Outmaneuver","Dash"],"picked":"Crippling Poison","floor":12}],"player_experience":732570,"relics_obtained":[{"floor":7,"key":"Blood Vial"},{"floor":11,"key":"Blue Candle"}],"event_choices":[{"damage_healed":0,"gold_gain":0,"player_choice":"Trade","damage_taken":0,"relics_obtained":["NlothsMask"],"max_hp_gain":0,"max_hp_loss":0,"event_name":"FaceTrader","floor":5,"gold_loss":0},{"damage_healed":0,"gold_gain":75,"player_choice":"Gather Gold","damage_taken":11,"max_hp_gain":0,"max_hp_loss":0,"event_name":"World of Goop","floor":14,"gold_loss":0}],"is_beta":false,"boss_relics":[],"items_purged_floors":[],"is_endless":false,"potions_floor_spawned":[2,4,12],"killed_by":"Slime Boss","ascension_level":9}}