{"host":"l2onoeb0kdqo1a9y","time":1613093234,"event":{"mods":["AchievementEnabler","BaseMod","Colored Powertips","Highlight Path","Minty Spire (QoL Compilation)","Quick Restart"],"gold_per_floor":[118,393,410,429,439,439,456,467,467,96,113,123,156,172,172,172,172],"floor_reached":16,"language":"ZHS","playtime":1623,"items_purged":["Regret"],"score":108,"play_id":"1f966d12-b727-4ef7-85ca-5227dc8618d5","local_time":"20210212092714","is_ascension_mode":false,"campfire_choices":[{"data":"Perfected Strike","floor":6,"key":"SMITH"},{"floor":15,"key":"RECALL"}],"circlet_count":0,"master_deck":["Strike_R","Strike_R","Strike_R","Strike_R","Strike_R","Defend_R","Defend_R","Defend_R","Defend_R","Bash","Perfected Strike+1","Perfected Strike+1","Clash","Headbutt","Twin Strike","Perfected Strike","Pommel Strike","Wild Strike","Feed","Flex"],"relics":["Burning Blood","NeowsBlessing","Pear","Red Skull"],"acts_visited":["Exordium"],"potions_floor_usage":[14],"damage_taken":[{"damage":0,"enemies":"Cultist","floor":1,"turns":1},{"damage":0,"enemies":"2 Louse","floor":3,"turns":1},{"damage":0,"enemies":"Small Slimes","floor":4,"turns":2},{"damage":13,"enemies":"Looter","floor":5,"turns":3},{"damage":18,"enemies":"Large Slime","floor":7,"turns":4},{"damage":4,"enemies":"2 Fungi Beasts","floor":8,"turns":2},{"damage":8,"enemies":"Lots of Slimes","floor":11,"turns":4},{"damage":5,"enemies":"Looter","floor":12,"turns":2},{"damage":15,"enemies":"Lagavulin","floor":13,"turns":3},{"damage":5,"enemies":"Exordium Thugs","floor":14,"turns":2},{"damage":55,"enemies":"The Guardian","floor":16,"turns":7}],"seed_played":"-4625252059046632498","potions_obtained":[{"floor":3,"key":"Fire Potion"},{"floor":4,"key":"Explosive Potion"},{"floor":8,"key":"EntropicBrew"},{"floor":14,"key":"Weak Potion"}],"is_trial":false,"path_per_floor":["M","?","M","M","M","R","M","M","T","$","M","M","E","M","R","B"],"character_chosen":"IRONCLAD","items_purchased":["Wild Strike","Pear"],"campfire_rested":0,"item_purchase_floors":[10,10],"current_hp_per_floor":[80,80,80,80,73,73,61,63,63,73,71,72,63,64,64,9,9],"gold":172,"neow_bonus":"THREE_ENEMY_KILL","is_daily":false,"chose_seed":false,"campfire_upgraded":1,"win_rate":0.0,"timestamp":1613093234,"path_taken":["M","?","?","M","M","R","M","M","T","?","M","M","E","M","R","BOSS"],"items_purchased_type":["Card","Relic"],"build_version":"2020-12-22","purchased_purges":1,"victory":false,"max_hp_per_floor":[80,80,80,80,80,80,80,80,80,90,90,90,90,90,90,90,90],"card_choices":[{"not_picked":["True Grit","Body Slam"],"picked":"Perfected Strike","floor":1},{"not_picked":["True Grit","Body Slam"],"picked":"Perfected Strike","floor":1},{"not_picked":["True Grit","Headbutt"],"picked":"Clash","floor":3},{"not_picked":["Body Slam","Demon Form"],"picked":"Headbutt","floor":4},{"not_picked":["Battle Trance","True Grit"],"picked":"Twin Strike","floor":5},{"not_picked":["Rampage","Bloodletting"],"picked":"Perfected Strike","floor":7},{"not_picked":["Clothesline","Seeing Red"],"picked":"Pommel Strike","floor":8},{"not_picked":["Clash","Sword Boomerang","Flame Barrier"],"picked":"SKIP","floor":11},{"not_picked":["Iron Wave","Sentinel"],"picked":"Feed","floor":12},{"not_picked":["Heavy Blade","Bludgeon"],"picked":"Flex","floor":13},{"not_picked":["Anger","Headbutt","Armaments"],"picked":"SKIP","floor":14}],"player_experience":139644,"relics_obtained":[{"floor":13,"key":"Red Skull"}],"event_choices":[{"damage_healed":0,"gold_gain":275,"player_choice":"Desecrate","damage_taken":0,"max_hp_gain":0,"max_hp_loss":0,"event_name":"Golden Shrine","floor":2,"gold_loss":0,"cards_obtained":["Regret"]}],"is_beta":false,"boss_relics":[],"items_purged_floors":[10],"is_endless":false,"potions_floor_spawned":[3,4,8,11,13,14],"killed_by":"The Guardian","ascension_level":0}}