{"host":"gaqyve1328ta0etl","time":1613119109,"event":{"mods":["BaseMod","Colored Map","Colored Powertips","Duelist Mod","Googly Eyes","Hero for Fun","Minty Spire (QoL Compilation)","Shop Mod","StSLib","SuperFastMode","The Hierophant","The Runesmith"],"gold_per_floor":[240,240,258,258,258,258,258,258,258,258,276,276,292,325,325,424,424,424,424],"floor_reached":18,"language":"ENG","playtime":492,"items_purged":[],"score":237,"play_id":"fba737ef-5c6e-4955-9002-daf7900a8757","local_time":"20210212003829","is_ascension_mode":true,"campfire_choices":[{"data":"theDuelist:Inzektron","floor":6,"key":"SMITH"},{"data":"theDuelist:Denglong","floor":7,"key":"SMITH"},{"data":"theDuelist:DeltaMagnet","floor":8,"key":"SMITH"},{"data":"theDuelist:CrossSwordBeetle","floor":10,"key":"SMITH"},{"data":"theDuelist:PoisonOldMan","floor":12,"key":"SMITH"},{"floor":15,"key":"REST"}],"circlet_count":0,"master_deck":["AscendersBane","theDuelist:CastleWalls","theDuelist:CastleWalls","theDuelist:CrossSwordBeetle+1","theDuelist:EmpressMantis","theDuelist:InsectKnight","theDuelist:RazorLizard","theDuelist:RazorLizard","theDuelist:Sparks","theDuelist:Sparks","theDuelist:Sparks","theDuelist:Denglong+1","theDuelist:DeltaMagnet+1","theDuelist:Inzektron+1","theDuelist:PoisonOldMan+1","theDuelist:SpiderWeb","theDuelist:CobraJar","theDuelist:SkullMarkLadybug"],"relics":["theDuelist:MillenniumPuzzle","theDuelist:CardPoolRelic","theDuelist:CardPoolBasicRelic","theDuelist:BoosterPackPoolRelic","theDuelist:CardPoolAddRelic","theDuelist:CardPoolMinusRelic","theDuelist:CardPoolSaveRelic","theDuelist:CardPoolOptionsRelic","WingedGreaves","Runesmith:AutoHammer","Anchor","theDuelist:BoosterBetterBoostersRelic","Inserter"],"acts_visited":["Exordium","TheCity"],"potions_floor_usage":[14],"damage_taken":[{"damage":8,"enemies":"Small Slimes","floor":1,"turns":5},{"damage":7,"enemies":"Jaw Worm","floor":3,"turns":5},{"damage":0,"enemies":"Cultist","floor":11,"turns":4},{"damage":8,"enemies":"Exordium Thugs","floor":13,"turns":3},{"damage":30,"enemies":"Lagavulin","floor":14,"turns":5},{"damage":4,"enemies":"Hexaghost","floor":16,"turns":8},{"damage":36,"enemies":"Shell Parasite","floor":18,"turns":8}],"seed_played":"-2714168893190470817","potions_obtained":[{"floor":3,"key":"theDuelist:ExtraOrbsBottle"},{"floor":11,"key":"FearPotion"},{"floor":13,"key":"theDuelist:TokenPotionB"},{"floor":16,"key":"theDuelist:DebuffArmorPotion"}],"is_trial":false,"path_per_floor":["M","?","M","T","T","R","R","R","T","R","M","R","M","E","R","B",null,"M"],"character_chosen":"THE_DUELIST","items_purchased":[],"campfire_rested":1,"item_purchase_floors":[],"current_hp_per_floor":[64,64,57,57,57,57,57,57,57,57,57,57,49,19,43,39,70,34,34],"gold":424,"neow_bonus":"HUNDRED_GOLD","is_daily":false,"chose_seed":false,"campfire_upgraded":5,"win_rate":0.0,"timestamp":1613119109,"path_taken":["M","?","M","?","?","R","R","R","T","R","?","R","?","E","R","BOSS","M"],"items_purchased_type":[],"build_version":"2020-12-22","purchased_purges":0,"victory":false,"max_hp_per_floor":[80,80,80,80,80,80,80,80,80,80,80,80,80,80,80,80,80,80,80],"card_choices":[{"not_picked":["theDuelist:Taotie","theDuelist:GigaCricket"],"picked":"theDuelist:Denglong","floor":1},{"not_picked":["theDuelist:DrillBug","theDuelist:DarkSpider","theDuelist:KarakuriSpider","theDuelist:PoisonOldMan"],"picked":"theDuelist:Inzektron","floor":3},{"not_picked":["theDuelist:DrillBug","theDuelist:ResonanceInsect","theDuelist:Aztekipede","theDuelist:HundredFootHorror"],"picked":"theDuelist:PoisonOldMan","floor":11},{"not_picked":["theDuelist:EmpressMantis","theDuelist:MotherSpider","theDuelist:RazorLizard","theDuelist:PoisonMummy"],"picked":"theDuelist:SpiderWeb","floor":13},{"not_picked":["theDuelist:NeoBug","theDuelist:CrossSwordBeetle","theDuelist:BasicInsect","theDuelist:CorrosiveScales"],"picked":"theDuelist:CobraJar","floor":14},{"not_picked":["theDuelist:Taotie","theDuelist:InsectQueen","theDuelist:GigaMantis","theDuelist:DarkBug"],"picked":"theDuelist:SkullMarkLadybug","floor":16}],"player_experience":2149537,"relics_obtained":[{"floor":4,"key":"WingedGreaves"},{"floor":5,"key":"Runesmith:AutoHammer"},{"floor":9,"key":"Anchor"},{"floor":14,"key":"theDuelist:BoosterBetterBoostersRelic"}],"event_choices":[{"damage_healed":0,"gold_gain":0,"player_choice":"Delta Electro","duelist":true,"damage_taken":0,"max_hp_gain":0,"max_hp_loss":0,"event_name":"Egyptian Village","floor":2,"gold_loss":0,"cards_obtained":["Delta Electromagnet Warrior"]}],"is_beta":false,"boss_relics":[{"not_picked":["theDuelist:MillenniumKey","Pandora\u0027s Box"],"picked":"Inserter"}],"items_purged_floors":[],"is_endless":false,"potions_floor_spawned":[3,11,13,16],"killed_by":"Shell Parasite","ascension_level":10}}