{"host":"28p8ce41sjwa6lzf","time":1613150972,"event":{"mods":["BaseMod","Bestiary","Colored Map","Colored Powertips","Dark Map","Highlight Path","Minty Spire (QoL Compilation)","Permanent Neow","Quick Restart","Random Character Button","Rare Cards Sparkle","Relic Stats","StSLib","Unceasing Turn Reminder"],"gold_per_floor":[112,126,146,239,253,253,253,253],"floor_reached":7,"language":"ENG","playtime":448,"items_purged":[],"score":90,"play_id":"e6b4fc42-a455-4517-9c38-97d54fe1cba0","local_time":"20210212112932","is_ascension_mode":true,"campfire_choices":[{"data":"EmptyFist","floor":6.0,"key":"SMITH"}],"circlet_count":0,"master_deck":["AscendersBane","Strike_P+1","Strike_P","Strike_P","Strike_P","Defend_P","Defend_P","Defend_P","Defend_P","Eruption+1","Vigilance","Halt","EmptyFist+1","EmptyBody","Sanctity","Protect"],"relics":["PureWater","Whetstone"],"acts_visited":["Exordium"],"potions_floor_usage":[],"damage_taken":[{"damage":4.0,"enemies":"2 Louse","floor":1.0,"turns":5.0},{"damage":0.0,"enemies":"Cultist","floor":2.0,"turns":4.0},{"damage":7.0,"enemies":"Small Slimes","floor":3.0,"turns":5.0},{"damage":9.0,"enemies":"Gremlin Gang","floor":4.0,"turns":10.0},{"damage":1.0,"enemies":"Red Slaver","floor":5.0,"turns":4.0},{"damage":58,"enemies":"3 Sentries","floor":7,"turns":7}],"seed_played":"-6861004688130766231","potions_obtained":[{"floor":3.0,"key":"ColorlessPotion"},{"floor":4.0,"key":"Block Potion"}],"is_trial":false,"path_per_floor":["M","M","M","M","M","R","E"],"character_chosen":"WATCHER","items_purchased":[],"campfire_rested":0,"item_purchase_floors":[],"current_hp_per_floor":[57,57,50,41,40,40,0,0],"gold":253,"neow_bonus":"RANDOM_COMMON_RELIC","is_daily":false,"chose_seed":false,"campfire_upgraded":1,"win_rate":0.0,"timestamp":1613150972,"path_taken":["M","M","M","M","M","R","E"],"items_purchased_type":[],"build_version":"2020-12-22","purchased_purges":0,"victory":false,"max_hp_per_floor":[68,68,68,68,68,68,68,68],"relic_stats":{"counters":[6,35],"Whetstone":["Strike_P","Eruption"],"obtain_stats":[{"Whetstone":0,"PureWater":0},{"Whetstone":0,"PureWater":0},{"Whetstone":0,"PureWater":0}]},"card_choices":[{"not_picked":["CutThroughFate","ClearTheMind"],"picked":"Halt","floor":1.0},{"not_picked":["Halt","InnerPeace"],"picked":"EmptyFist","floor":2.0},{"not_picked":["ClearTheMind","PathToVictory"],"picked":"EmptyBody","floor":3.0},{"not_picked":["FlyingSleeves","CrushJoints"],"picked":"Sanctity","floor":4.0},{"not_picked":["Adaptation","FlurryOfBlows"],"picked":"Protect","floor":5.0}],"player_experience":1348209,"relics_obtained":[],"event_choices":[],"is_beta":false,"boss_relics":[],"items_purged_floors":[],"is_endless":false,"potions_floor_spawned":[3,4],"killed_by":"3 Sentries","ascension_level":20}}