{"host":"i9h64q9gphvrup4n","time":1613101489,"event":{"mods":["2.2 Compatiblity","AchievementEnabler","Aspiration","Astrologer","Bard","BaseMod","Beaked The Cultist","BetterRewards","Colored Powertips","Conspire","Downfall","Gremlin Mod","Hermit","Hubris","Infinite Spire","Jorbs\u0027s Wanderer Trilogy","Minty Spire (QoL Compilation)","Replay The Spire","Shop Mod","StSLib","SuperFastMode","The Blackbeard","The Bladedancer","The Bug Knight","The Construct","The Cursed","The Disciple","The Hierophant","The Jungle","The Necromancer","The Runesmith","The Wild Card","slay the spire mod where everything is the same but ironclad has a cowboy hat"],"gold_per_floor":[113,113,113,113,124,149,162,189,189,189,221,221,221,261,261,384,384,403,403,57,75,98,138,138,138,162,197,197,217,230,230,230,332,332,372,407,407,449,549,613,613,683,708,110,110,129,129,165,165,165,165,165,9,64,80],"floor_reached":56,"language":"ENG","playtime":2534,"items_purged":["ReplayTheSpireMod:Compounding Headache"],"score":2084,"play_id":"f2e80605-8d30-45be-b591-a5829a4fcbab","local_time":"20210211214449","is_ascension_mode":true,"campfire_choices":[{"floor":10,"key":"REST"},{"floor":12,"key":"RECALL"},{"floor":15,"key":"REST"},{"data":"Replay:Poison Smokescreen","floor":24,"key":"SMITH"},{"data":"Envenom","floor":28,"key":"SMITH"},{"floor":41,"key":"REST"},{"data":"hubris:Fate","floor":45,"key":"SMITH"},{"floor":49,"key":"DIG"},{"data":"Toxin Wave","floor":52,"key":"SMITH"}],"circlet_count":0,"master_deck":["Strike_G","Strike_G","Strike_G","Strike_G","Strike_G","Defend_G","Defend_G","Defend_G","Defend_G","Defend_G","Survivor","Neutralize","Quick Slash","Pot Of Greed","Pot Of Greed","Backstab","Choke+1","Dash","Replay:Poison Smokescreen+1","Footwork","Injury","Slice","Corpse Explosion","stsjorbsmod:Withering","Clumsy","Pot Of Greed","Acrobatics+1","Envenom+1","Slice","Discovery","Blade Dance","conspire:DoublingDagger","Infinite Blades+1","Finisher+1","Deadly Poison+1","Bouncing Flask","Poison Darts","Distraction+1","Pot Of Greed","Deflect+1","Distraction+1","hubris:Fate+1","Poisoned Stab","Deflect","Toxin Wave+1","Noxious Fumes+1","Poisoned Stab","Deflect","Replay:Poison Smokescreen+1","Bouncing Flask+1","Deflect","Pot Of Greed"],"relics":["Ring of the Snake","NeowsBlessing","Grinning Jar","hubris:SlimyHat","Smiling Mask","InkBottle","aspiration:TomeofQuesting","Bloody Idol","Potion Belt","Replay:Ancient Bell","aspiration:VileToxins","Paper Crane","Byrd Skull","hubris:EmptyBottle","ReplayTheSpireMod:TigerMarble","Snake Skull","hubris:Towel","Guardian:PocketSentry","infinitespire:FocusingShard","infinitespire:EvilPickle","aspiration:SecretTechniqueScroll","Blue Candle","Tingsha","Shuriken","Replay:WaspNest","hubris:TenFootPole","hubris:MobiusCoin","Ancient Tea Set","Anchor","Centennial Puzzle","Replay:Bandana","Bottled Tornado"],"acts_visited":["Exordium","TheCity","TheBeyond","TheEnding"],"potions_floor_usage":[8,14,14,16,16,27,27,33,33,33,33,36,38,40,48,48,50,54,55,55,55,55,55,55,55],"damage_taken":[{"damage":0,"enemies":"Cultist","floor":1,"turns":1},{"damage":0,"enemies":"2 Louse","floor":5,"turns":1},{"damage":0,"enemies":"Gremlin Nob","floor":6,"turns":1},{"damage":0,"enemies":"Jaw Worm","floor":7,"turns":3},{"damage":26,"enemies":"Lagavulin","floor":8,"turns":8},{"damage":14,"enemies":"3 Sentries","floor":11,"turns":9},{"damage":19,"enemies":"Lagavulin","floor":14,"turns":6},{"damage":0,"enemies":"Hexaghost","floor":16,"turns":9},{"damage":12,"enemies":"2 Thieves","floor":18,"turns":2},{"damage":0,"enemies":"Centurion and Healer","floor":21,"turns":2},{"damage":0,"enemies":"Chosen and Byrds","floor":22,"turns":2},{"damage":9,"enemies":"conspire:Head Lice","floor":23,"turns":4},{"damage":0,"enemies":"Slavers","floor":27,"turns":3},{"damage":2,"enemies":"conspire:HollyBat","floor":29,"turns":7},{"damage":8,"enemies":"Snake Plant","floor":30,"turns":4},{"damage":23,"enemies":"Pondfish","floor":33,"turns":7},{"damage":9,"enemies":"Orb Walker","floor":35,"turns":3},{"damage":17,"enemies":"3 Darklings","floor":36,"turns":4},{"damage":8,"enemies":"Spire Growth","floor":38,"turns":4},{"damage":9,"enemies":"infinitespire:Three Voidlings","floor":39,"turns":2},{"damage":32,"enemies":"Nightmare_Alpha","floor":39,"turns":9},{"damage":9,"enemies":"Nemesis","floor":40,"turns":6},{"damage":0,"enemies":"Reptomancer","floor":42,"turns":2},{"damage":0,"enemies":"4 Shapes","floor":46,"turns":1},{"damage":0,"enemies":"beaked:SuperParasite","floor":48,"turns":3},{"damage":12,"enemies":"infinitespire:MassOfShapes","floor":50,"turns":7},{"damage":18,"enemies":"Shield and Spear","floor":54,"turns":5},{"damage":36,"enemies":"The Heart","floor":55,"turns":8}],"seed_played":"4400061446854263745","potions_obtained":[{"floor":5,"key":"EssenceOfSteel"},{"floor":6,"key":"GhostInAJar"},{"floor":7,"key":"SpeedPotion"},{"floor":11,"key":"Adrenaline Potion"},{"floor":14,"key":"Poison Potion"},{"floor":21,"key":"construct:ShiftPotion"},{"floor":22,"key":"bronze:BurnAndBuffPotion"},{"floor":29,"key":"Milkshake"},{"floor":30,"key":"LiquidBronze"},{"floor":35,"key":"Block Potion"},{"floor":39,"key":"Explosive Potion"},{"floor":46,"key":"Languid Potion"},{"floor":48,"key":"Strength Potion"},{"floor":54,"key":"Block Potion"}],"is_trial":false,"path_per_floor":["M","?","?","T","M","E","M","E","T","R","E","R","?","E","R","B",null,"M","?","$","M","M","E","R","?","T","E","R","M","M","?","R","B",null,"M","M","?","M","?","E","R","E","T","$","R","M","?","E","R","B",null,"R","$","E","B",null],"character_chosen":"THE_SILENT","items_purchased":["hubris:EmptyBottle","ReplayTheSpireMod:TigerMarble","Blade Dance","hubris:MobiusCoin","Ancient Tea Set","Noxious Fumes","Poisoned Stab","Deflect","LifebloodPotion","Replay:Bandana"],"campfire_rested":3,"item_purchase_floors":[20,20,20,44,44,44,44,44,44,53],"current_hp_per_floor":[70,70,70,70,70,70,70,44,44,65,51,51,51,32,53,53,70,58,58,58,58,58,49,49,49,49,49,49,47,39,39,60,42,70,70,63,58,60,33,34,55,65,70,70,70,70,70,70,70,58,70,70,70,62,26],"gold":80,"neow_bonus":"THREE_ENEMY_KILL","is_daily":false,"chose_seed":false,"campfire_upgraded":4,"win_rate":0.0,"timestamp":1613101489,"path_taken":["M","?","?","?","M","E","M","E","T","R","E","R","?","E","R","BOSS","M","?","?","M","M","E","R","?","T","E","R","M","?","?","R","BOSS","M","M","?","M","?","E","R","E","T","$","R","M","?","E","R","BOSS","R","$","E","BOSS"],"items_purchased_type":["Relic","Relic","Card","Relic","Relic","Card","Card","Card","Potion","Relic"],"build_version":"2020-12-22","purchased_purges":1,"victory":true,"max_hp_per_floor":[70,70,70,70,70,70,70,70,70,70,70,70,70,70,70,70,70,70,70,70,70,70,70,70,70,70,70,70,70,70,70,70,70,70,70,70,70,70,70,70,70,70,70,70,70,70,70,70,70,70,70,70,70,70,70],"card_choices":[{"not_picked":["Dodge and Roll","hubris:SlightOfHand"],"picked":"Quick Slash","floor":1},{"not_picked":["Dagger Spray","ReplayTheSpireMod:Shiv Toss"],"picked":"Backstab","floor":5},{"not_picked":["Riddle With Holes","Bullet Time"],"picked":"Choke","floor":6},{"not_picked":["ReplayTheSpireMod:Exploit Weakness","Flying Knee"],"picked":"Dash","floor":7},{"not_picked":["Endless Agony","Terror"],"picked":"Replay:Poison Smokescreen","floor":8},{"not_picked":["Flying Knee","Cloak And Dagger"],"picked":"Footwork","floor":11},{"not_picked":["All Out Attack","Dagger Spray"],"picked":"Slice","floor":14},{"not_picked":["Replay:Bag of Tricks","aspiration:Lunge"],"picked":"Corpse Explosion","floor":16},{"not_picked":["ReplayTheSpireMod:Restless Dread","Replay:Hysterical Blindness"],"picked":"ReplayTheSpireMod:Compounding Headache","floor":17},{"not_picked":["hubris:Sloth","Pain"],"picked":"stsjorbsmod:Withering","floor":17},{"not_picked":["Amnesia","hubris:Greed"],"picked":"Clumsy","floor":17},{"not_picked":["Outmaneuver","Hidden Blade"],"picked":"Acrobatics+1","floor":18},{"not_picked":["Dagger Spray","Quick Slash"],"picked":"conspire:DoublingDagger","floor":21},{"not_picked":["Unload","ReplayTheSpireMod:Scrap Shanks"],"picked":"Infinite Blades+1","floor":22},{"not_picked":["hubris:TrickCloak","Backflip"],"picked":"Finisher+1","floor":23},{"not_picked":["hubris:SlightOfHand+1","PiercingWail","Bane"],"picked":"SKIP","floor":27},{"not_picked":["Deflect","Hidden Blade"],"picked":"Deadly Poison+1","floor":29},{"not_picked":["Sucker Punch","Escape Plan"],"picked":"Bouncing Flask","floor":30},{"not_picked":["Corpse Explosion","After Image"],"picked":"Poison Darts","floor":33},{"not_picked":["Backflip+1","Hidden Blade"],"picked":"Distraction+1","floor":35},{"not_picked":["Cloak And Dagger","Quick Slash"],"picked":"Deflect+1","floor":36},{"not_picked":["Prepared+1","Flying Knee+1"],"picked":"Distraction+1","floor":38},{"not_picked":["infinitespire:TheBestDefense","infinitespire:SevenWalls"],"picked":"hubris:Fate","floor":39},{"not_picked":["Prepared","Sucker Punch"],"picked":"Poisoned Stab","floor":39},{"not_picked":["Blur","Choke"],"picked":"Deflect","floor":40},{"not_picked":["Quick Slash+1","Dagger Throw+1"],"picked":"Toxin Wave","floor":42},{"not_picked":["Deflect","Dagger Throw"],"picked":"Replay:Poison Smokescreen+1","floor":46},{"not_picked":["Dodge and Roll","Outmaneuver"],"picked":"Bouncing Flask+1","floor":48},{"not_picked":["All Out Attack","hubris:Sniper"],"picked":"Deflect","floor":54}],"player_experience":751076,"relics_obtained":[{"floor":2,"key":"Grinning Jar"},{"floor":6,"key":"hubris:SlimyHat"},{"floor":8,"key":"Smiling Mask"},{"floor":9,"key":"InkBottle"},{"floor":11,"key":"aspiration:TomeofQuesting"},{"floor":14,"key":"Potion Belt"},{"floor":23,"key":"Snake Skull"},{"floor":26,"key":"Guardian:PocketSentry"},{"floor":27,"key":"infinitespire:FocusingShard"},{"floor":39,"key":"Tingsha"},{"floor":40,"key":"Shuriken"},{"floor":42,"key":"Replay:WaspNest"},{"floor":43,"key":"hubris:TenFootPole"},{"floor":48,"key":"Anchor"},{"floor":49,"key":"Centennial Puzzle"},{"floor":54,"key":"Bottled Tornado"}],"event_choices":[{"damage_healed":0,"gold_gain":0,"player_choice":"Take Wound","damage_taken":0,"relics_obtained":["Golden Idol"],"max_hp_gain":0,"max_hp_loss":0,"event_name":"Golden Idol","floor":13,"gold_loss":0,"cards_obtained":["Injury"]},{"damage_healed":0,"gold_gain":0,"player_choice":"3 cards matched","damage_taken":0,"max_hp_gain":0,"max_hp_loss":0,"event_name":"Match and Keep!","floor":19,"gold_loss":0,"cards_obtained":["Envenom","Slice","Discovery"]},{"damage_healed":0,"gold_gain":0,"player_choice":"Gave Idol","damage_taken":0,"relics_obtained":["Bloody Idol"],"max_hp_gain":0,"max_hp_loss":0,"event_name":"Forgotten Altar","floor":31,"relics_lost":["Golden Idol"],"gold_loss":0},{"damage_healed":0,"gold_gain":0,"player_choice":"Upgraded","damage_taken":0,"max_hp_gain":0,"max_hp_loss":0,"event_name":"Upgrade Shrine","floor":47,"gold_loss":0,"cards_upgraded":["Noxious Fumes"]}],"is_beta":false,"boss_relics":[{"not_picked":["Coffee Dripper","Fusion Hammer"],"picked":"Replay:Ancient Bell"},{"not_picked":["hubris:AncientText","Strawberry"],"picked":"aspiration:VileToxins"},{"not_picked":["Mirror","hubris:CrystalStatue"],"picked":"Paper Crane"},{"not_picked":["infinitespire:Lychee Nut","conspire:Boomerang"],"picked":"Byrd Skull"},{"not_picked":["Velvet Choker","Astrolabe"],"picked":"aspiration:SecretTechniqueScroll"}],"items_purged_floors":[44],"is_endless":false,"potions_floor_spawned":[5,6,7,11,14,21,22,29,30,35,39,46,48,54],"ascension_level":3}}