{"host":"h5acbxt0wmjo1kpm","time":1613113102,"event":{"mods":["2.2 Compatiblity","Act Like it!","AlwaysNeverKeys","Aspiration","Bard","Bartender","BaseMod","Better Third Choice","Colored Map","Elementarium","Gensokyo","GifTheSpireLib","Hallownest","Marisa????????","Menagerie","Minty Spire (QoL Compilation)","Permanent Neow","Potionbrewer","Quick Restart","Relic Filter","Reliquary","Robot Space Explorer","RumiaBox-????????","Shade Mod","Spicy Shops","StSLib","Strawberry Spire","The Blackbeard","The Dragon Tamer","The Gatherer","The Hayseed","The Problem Sleuth","The Servant 0.9.4","Wandering Minibosses","Wide Potions"],"gold_per_floor":[110,124,124,124,124,159,159,159,159,159,171,171,198,213,213,289,289,328,328,328,328],"floor_reached":20,"language":"ENG","playtime":1190,"items_purged":[],"score":353,"play_id":"aca9421e-54d0-41a8-a632-da7eda1ecb0e","local_time":"20210211225822","is_ascension_mode":true,"campfire_choices":[{"data":"TheSimpletonMod:SpiceUp","floor":7,"key":"SMITH"},{"data":"TheSimpletonMod:ReapAndSow","floor":15,"key":"SMITH"}],"circlet_count":1,"master_deck":["AscendersBane","TheSimpletonMod:Defend_TheSimpleton+1","TheSimpletonMod:Defend_TheSimpleton","TheSimpletonMod:Haymaker","TheSimpletonMod:ReapAndSow+1","TheSimpletonMod:SlashAndBurn","TheSimpletonMod:CloseScrape","TheSimpletonMod:SpiceUp+1","TheSimpletonMod:Rototilling+1","Grand Finale","Expertise","Eviscerate","TheSimpletonMod:Potatoes","TheSimpletonMod:CrackOfDawn","TheSimpletonMod:StockTheCellar"],"relics":["TheSimpletonMod:SpudOfTheInnocent","TheSimpletonMod:NightSoil","TheSimpletonMod:TheHarvester","aspiration:DSix","aspiration:ChemicalBlood","Bag of Preparation","Anchor","Hallownest:DreamNailRelic","Circlet","reliquary:Buckler","Black Star"],"acts_visited":["Hallownest:Greenpath","TheCity"],"potions_floor_usage":[6,16,18,18,20],"damage_taken":[{"damage":0,"enemies":"Hallownest:monsterHuskWarrior","floor":1,"turns":4},{"damage":4,"enemies":"2_ Uuma","floor":2,"turns":7},{"damage":0,"enemies":"Hallownest:eliteCrystalGuardian","floor":6,"turns":1},{"damage":0,"enemies":"Hallownest:2_Baldur","floor":11,"turns":3},{"damage":6,"enemies":"Hallownest:eliteMossKnight","floor":13,"turns":6},{"damage":1,"enemies":"Hallownest:monsterFoolEater","floor":14,"turns":5},{"damage":8,"enemies":"Hallownest:BossFalseKnight","floor":16,"turns":5},{"damage":38,"enemies":"Spheric Guardian","floor":18,"turns":7},{"damage":24,"enemies":"Chosen","floor":20,"turns":4}],"seed_played":"-1877759805961052928","potions_obtained":[{"floor":1,"key":"SmokeBomb"},{"floor":13,"key":"AttackPotion"},{"floor":14,"key":"potionbrewer:CleansingPotion"},{"floor":16,"key":"SpeedPotion"}],"is_trial":false,"path_per_floor":["M","M","$","?","$","E","R","?","T","?","M","?","E","M","R","B",null,"M","?","M"],"character_chosen":"THE_SIMPLETON","items_purchased":[],"campfire_rested":0,"item_purchase_floors":[],"current_hp_per_floor":[68,64,64,60,60,60,60,60,60,60,63,63,57,60,60,56,61,23,23,0,0],"gold":328,"neow_bonus":"DSIX","is_daily":false,"chose_seed":false,"campfire_upgraded":2,"win_rate":0.0,"timestamp":1613113102,"path_taken":["M","M","$","?","$","E","R","?","T","?","?","?","E","M","R","BOSS","M","?","M"],"items_purchased_type":[],"build_version":"2020-12-22","purchased_purges":0,"victory":false,"max_hp_per_floor":[71,71,71,63,63,63,63,63,63,63,63,63,63,63,63,63,63,63,63,63,63],"card_choices":[{"not_picked":["TheSimpletonMod:ControlledBurn","TheSimpletonMod:Sunseed"],"picked":"TheSimpletonMod:SlashAndBurn","floor":1},{"not_picked":["TheSimpletonMod:SlashAndBurn","TheSimpletonMod:Thresh"],"picked":"TheSimpletonMod:CloseScrape","floor":2},{"not_picked":["TheSimpletonMod:PestManagement","TheSimpletonMod:DoubleBarrel"],"picked":"TheSimpletonMod:SpiceUp","floor":6},{"not_picked":["TheSimpletonMod:Ferment","TheSimpletonMod:Sunseed"],"picked":"TheSimpletonMod:Rototilling","floor":11},{"not_picked":["TheSimpletonMod:ErosionControl","TheSimpletonMod:Pruning","TheSimpletonMod:KeenEdge"],"picked":"SKIP","floor":13},{"not_picked":["TheSimpletonMod:SeedCoat","TheSimpletonMod:StockTheCellar"],"picked":"TheSimpletonMod:Potatoes","floor":14},{"not_picked":["TheSimpletonMod:FlashPasteurize","TheSimpletonMod:BuzzBomb"],"picked":"TheSimpletonMod:CrackOfDawn","floor":16},{"not_picked":["TheSimpletonMod:RootDown","TheSimpletonMod:CloseScrape"],"picked":"TheSimpletonMod:StockTheCellar","floor":18}],"player_experience":2252387,"relics_obtained":[{"floor":1,"key":"aspiration:ChemicalBlood"},{"floor":1,"key":"Bag of Preparation"},{"floor":6,"key":"Anchor"},{"floor":13,"key":"reliquary:Buckler"}],"event_choices":[{"cards_removed":["TheSimpletonMod:Defend_TheSimpleton"],"damage_healed":0,"gold_gain":0,"player_choice":"Purged","damage_taken":0,"max_hp_gain":0,"max_hp_loss":0,"event_name":"Purifier","floor":19,"gold_loss":0}],"is_beta":false,"boss_relics":[{"not_picked":["aspiration:PoetsPen_weak","strawberrySpire:SolarisEssence"],"picked":"Black Star"}],"items_purged_floors":[],"is_endless":false,"potions_floor_spawned":[1,13,14],"killed_by":"Chosen","ascension_level":16}}