{"host":"prxrhpgaxnj4om9r","time":1613140542,"event":{"mods":["AchievementEnabler","BaseMod","DeckTracker","Keyboard Shortcuts","Minty Spire (QoL Compilation)"],"gold_per_floor":[116,131,131,206,206,206,222,237,237,62,62,36,72,172,172,286,295,320,348,373,393,52,52,52,52],"floor_reached":24,"language":"KOR","playtime":1137,"items_purged":[],"score":196,"play_id":"48b6a3c9-55b1-4070-8a82-b1e7f30d8e41","local_time":"20210212233542","is_ascension_mode":false,"campfire_choices":[{"data":"Dramatic Entrance","floor":6,"key":"SMITH"},{"floor":11,"key":"RECALL"},{"data":"Finisher","floor":15,"key":"SMITH"},{"floor":23,"key":"REST"}],"circlet_count":0,"master_deck":["Strike_G","Strike_G","Strike_G","Strike_G","Strike_G","Defend_G","Defend_G","Defend_G","Defend_G","Defend_G","Survivor","Neutralize","Dramatic Entrance+1","Backflip","Blade Dance","Deflect","Finisher+1","Accuracy+1","All Out Attack","A Thousand Cuts+1","A Thousand Cuts+1","CurseOfTheBell","Choke+1","Cloak And Dagger","Eviscerate+1","Masterful Stab+1","Dagger Spray+1","Noxious Fumes+1"],"relics":["Ring of the Snake","Frozen Egg 2","CeramicFish","WingedGreaves","Calling Bell","Ancient Tea Set","Molten Egg 2","Gambling Chip","Ornamental Fan"],"acts_visited":["Exordium","TheCity"],"potions_floor_usage":[13,18,20],"damage_taken":[{"damage":0,"enemies":"2 Louse","floor":1,"turns":2},{"damage":0,"enemies":"Small Slimes","floor":2,"turns":2},{"damage":0,"enemies":"Cultist","floor":7,"turns":3},{"damage":0,"enemies":"Gremlin Gang","floor":8,"turns":1},{"damage":5,"enemies":"3 Sentries","floor":13,"turns":5},{"damage":42,"enemies":"Hexaghost","floor":16,"turns":10},{"damage":5,"enemies":"Chosen","floor":18,"turns":3},{"damage":16,"enemies":"Shell Parasite","floor":19,"turns":5},{"damage":18,"enemies":"Centurion and Healer","floor":20,"turns":6},{"damage":22,"enemies":"Shelled Parasite and Fungi","floor":21,"turns":7},{"damage":34,"enemies":"Snecko","floor":24,"turns":4}],"seed_played":"-3285060618962753451","potions_obtained":[{"floor":7,"key":"SkillPotion"},{"floor":16,"key":"FearPotion"},{"floor":19,"key":"Poison Potion"}],"is_trial":false,"path_per_floor":["M","M","?","?","?","R","M","M","T","$","R","$","E","?","R","B",null,"M","M","M","M","$","R","M"],"character_chosen":"THE_SILENT","items_purchased":["CeramicFish","Accuracy+1","All Out Attack","Ornamental Fan","Dagger Spray+1","Noxious Fumes+1"],"campfire_rested":1,"item_purchase_floors":[10,10,12,22,22,22],"current_hp_per_floor":[70,70,63,52,52,52,52,52,52,52,52,52,47,47,47,5,70,65,49,31,9,9,30,0,0],"gold":52,"neow_bonus":"RANDOM_COLORLESS","is_daily":false,"chose_seed":false,"campfire_upgraded":2,"win_rate":0.0,"timestamp":1613140542,"path_taken":["M","M","?","?","?","R","M","M","T","$","R","$","E","?","R","BOSS","M","M","?","M","$","R","?"],"items_purchased_type":["Relic","Card","Card","Relic","Card","Card"],"build_version":"2020-12-22","purchased_purges":0,"victory":false,"max_hp_per_floor":[70,70,70,70,70,70,70,70,70,70,70,70,70,70,70,70,70,70,70,70,70,70,70,70,70],"card_choices":[{"not_picked":["Trip","Madness"],"picked":"Dramatic Entrance","floor":0},{"not_picked":["Dagger Throw","Poisoned Stab"],"picked":"Backflip","floor":1},{"not_picked":["PiercingWail","Grand Finale"],"picked":"Blade Dance","floor":2},{"not_picked":["Deadly Poison","Bane"],"picked":"Deflect","floor":7},{"not_picked":["Distraction","Underhanded Strike"],"picked":"Finisher","floor":8},{"not_picked":["Quick Slash","Tactician"],"picked":"A Thousand Cuts+1","floor":13},{"not_picked":["Malaise","Night Terror"],"picked":"A Thousand Cuts+1","floor":16},{"not_picked":["Blade Dance","Dodge and Roll"],"picked":"Choke+1","floor":18},{"not_picked":["Quick Slash+1","Blade Dance"],"picked":"Cloak And Dagger","floor":19},{"not_picked":["Flying Knee+1","Deflect"],"picked":"Eviscerate+1","floor":20},{"not_picked":["Outmaneuver+1","Terror+1"],"picked":"Masterful Stab+1","floor":21}],"player_experience":410701,"relics_obtained":[{"floor":13,"key":"WingedGreaves"},{"floor":17,"key":"Ancient Tea Set"},{"floor":17,"key":"Molten Egg 2"},{"floor":17,"key":"Gambling Chip"}],"event_choices":[{"damage_healed":0,"gold_gain":0,"player_choice":"Success","damage_taken":7,"relics_obtained":["Frozen Egg 2"],"max_hp_gain":0,"max_hp_loss":0,"event_name":"Scrap Ooze","floor":3,"gold_loss":0},{"damage_healed":0,"gold_gain":75,"player_choice":"Gather Gold","damage_taken":11,"max_hp_gain":0,"max_hp_loss":0,"event_name":"World of Goop","floor":4,"gold_loss":0},{"damage_healed":0,"gold_gain":0,"player_choice":"Ignored","damage_taken":0,"max_hp_gain":0,"max_hp_loss":0,"event_name":"Golden Wing","floor":5,"gold_loss":0},{"damage_healed":0,"gold_gain":100,"player_choice":"Gold","damage_taken":0,"max_hp_gain":0,"max_hp_loss":0,"event_name":"Wheel of Change","floor":14,"gold_loss":0}],"is_beta":false,"boss_relics":[{"not_picked":["Philosopher\u0027s Stone","SlaversCollar"],"picked":"Calling Bell"}],"items_purged_floors":[],"is_endless":false,"potions_floor_spawned":[7,16,19],"killed_by":"Snecko","ascension_level":0}}