{"host":"fbdlh90rovbiajun","time":1613153329,"event":{"mods":["AchievementEnabler","BaseMod","Colored Map","Keyboard Shortcuts","Minty Spire (QoL Compilation)","SuperFastMode"],"gold_per_floor":[112,112,126,201,212,212,225,244,318,243,243,253,253,263,263,366,416,431,530,353,368,383,383,383],"floor_reached":23,"language":"KOR","playtime":778,"items_purged":["Defend_P","Strike_P"],"score":185,"play_id":"0a5c0438-50e7-40f3-8f03-c19789cc4a9d","local_time":"20210213030849","is_ascension_mode":false,"campfire_choices":[{"data":"Eruption","floor":6,"key":"SMITH"},{"data":"FlurryOfBlows","floor":11,"key":"SMITH"},{"data":"FlurryOfBlows","floor":13,"key":"SMITH"},{"data":"InnerPeace","floor":15,"key":"SMITH"}],"circlet_count":0,"master_deck":["Strike_P","Strike_P","Strike_P+1","Defend_P","Defend_P","Defend_P","Eruption+1","Vigilance","FlurryOfBlows+1","FlurryOfBlows+1","InnerPeace+1","Vault","FearNoEvil"],"relics":["PureWater","NeowsBlessing","Shuriken","Tiny House"],"acts_visited":["Exordium","TheCity"],"potions_floor_usage":[],"damage_taken":[{"damage":0,"enemies":"Cultist","floor":1,"turns":1},{"damage":0,"enemies":"Small Slimes","floor":3,"turns":1},{"damage":0,"enemies":"2 Louse","floor":5,"turns":1},{"damage":0,"enemies":"Large Slime","floor":7,"turns":4},{"damage":7,"enemies":"Exordium Thugs","floor":8,"turns":2},{"damage":0,"enemies":"Red Slaver","floor":12,"turns":1},{"damage":0,"enemies":"Blue Slaver","floor":14,"turns":2},{"damage":42,"enemies":"Hexaghost","floor":16,"turns":5},{"damage":0,"enemies":"Spheric Guardian","floor":18,"turns":2},{"damage":12,"enemies":"2 Thieves","floor":21,"turns":2},{"damage":12,"enemies":"Centurion and Healer","floor":22,"turns":3},{"damage":60,"enemies":"Book of Stabbing","floor":23,"turns":5}],"seed_played":"8500801907828353221","potions_obtained":[{"floor":3,"key":"Block Potion"},{"floor":8,"key":"SteroidPotion"},{"floor":16,"key":"Fire Potion"},{"floor":17,"key":"DuplicationPotion"}],"is_trial":false,"path_per_floor":["M","?","M","?","M","R","M","M","T","$","R","M","R","M","R","B",null,"M","?","$","M","M","E"],"character_chosen":"WATCHER","items_purchased":["FearNoEvil"],"campfire_rested":0,"item_purchase_floors":[20],"current_hp_per_floor":[72,77,77,70,70,70,70,63,63,63,63,63,63,63,63,21,82,82,82,82,70,58,0,0],"gold":383,"neow_bonus":"THREE_ENEMY_KILL","is_daily":false,"chose_seed":false,"campfire_upgraded":4,"win_rate":0.0,"timestamp":1613153329,"path_taken":["M","?","M","?","M","R","?","M","T","$","R","M","R","M","R","BOSS","M","?","$","M","M","E"],"items_purchased_type":["Card"],"build_version":"2020-12-22","purchased_purges":2,"victory":false,"max_hp_per_floor":[72,77,77,77,77,77,77,77,77,77,77,77,77,77,77,77,82,82,82,82,82,82,82,82],"card_choices":[{"not_picked":["ThirdEye","EmptyBody"],"picked":"FlurryOfBlows","floor":1},{"not_picked":["Crescendo","Weave","Protect"],"picked":"SKIP","floor":3},{"not_picked":["CutThroughFate","Prostrate","BowlingBash"],"picked":"SKIP","floor":5},{"not_picked":["Vengeance","Prostrate","LessonLearned"],"picked":"SKIP","floor":7},{"not_picked":["ThirdEye","Protect"],"picked":"FlurryOfBlows","floor":8},{"not_picked":["EmptyBody","Weave","Swivel"],"picked":"SKIP","floor":12},{"not_picked":["Evaluate","Fasting2"],"picked":"InnerPeace","floor":14},{"not_picked":["Establishment","DevaForm"],"picked":"Vault","floor":16},{"not_picked":["InnerPeace","ForeignInfluence","ThirdEye"],"picked":"SKIP","floor":18},{"not_picked":["CutThroughFate+1","PathToVictory","Pray"],"picked":"SKIP","floor":21},{"not_picked":["Tantrum","CrushJoints","Wallop+1"],"picked":"SKIP","floor":22}],"player_experience":15829,"relics_obtained":[{"floor":9,"key":"Shuriken"}],"event_choices":[{"damage_healed":0,"gold_gain":0,"player_choice":"Donut","damage_taken":0,"max_hp_gain":5,"max_hp_loss":0,"event_name":"Big Fish","floor":2,"gold_loss":0},{"damage_healed":0,"gold_gain":75,"player_choice":"Touch","damage_taken":7,"max_hp_gain":0,"max_hp_loss":0,"event_name":"FaceTrader","floor":4,"gold_loss":0},{"damage_healed":0,"gold_gain":99,"player_choice":"Stole From Cult","damage_taken":0,"max_hp_gain":0,"max_hp_loss":0,"event_name":"Nest","floor":19,"gold_loss":0}],"is_beta":false,"boss_relics":[{"not_picked":["Runic Dome","Philosopher\u0027s Stone"],"picked":"Tiny House"}],"items_purged_floors":[10,20],"is_endless":false,"potions_floor_spawned":[3,8,16,21],"killed_by":"Book of Stabbing","ascension_level":0}}