{"host":"ue7jlgf7uv134an9","time":1613100418,"event":{"mods":["BaseMod","Better Third Choice","Colored Map","Defuse TimeMaze Blight","Minty Spire (QoL Compilation)","Quick Restart","Rare Cards Sparkle","Relic Stats","StSLib","UnlockEverythingMod"],"gold_per_floor":[118,133,29,29,29,63,81,112,164,183,183,183,196,9,9,9,9],"floor_reached":16,"language":"ENG","playtime":486,"items_purged":[],"score":270,"play_id":"1f84124c-81c4-4b82-9227-9b2a415ddb88","local_time":"20210211222658","is_ascension_mode":true,"campfire_choices":[{"floor":12,"key":"REST"},{"data":"Caltrops","floor":15,"key":"SMITH"}],"circlet_count":0,"master_deck":["AscendersBane","Strike_G","Strike_G","Strike_G","Strike_G","Strike_G","Defend_G","Defend_G","Defend_G","Defend_G","Defend_G","Survivor","Neutralize","Choke","Cloak And Dagger","Footwork","Blade Dance","Caltrops+1","Slice","Deflect","Finisher"],"relics":["Ring of the Snake","NeowsBlessing","Bottled Lightning","Potion Belt","Omamori","NlothsMask","Membership Card"],"acts_visited":["Exordium"],"potions_floor_usage":[8,13],"damage_taken":[{"damage":0,"enemies":"Jaw Worm","floor":1,"turns":1},{"damage":0,"enemies":"Cultist","floor":2,"turns":1},{"damage":0,"enemies":"Lagavulin","floor":6,"turns":1},{"damage":0,"enemies":"2 Louse","floor":7,"turns":3},{"damage":58,"enemies":"Gremlin Nob","floor":8,"turns":5},{"damage":6,"enemies":"Large Slime","floor":10,"turns":7},{"damage":4,"enemies":"Exordium Wildlife","floor":13,"turns":5},{"damage":34,"enemies":"Hexaghost","floor":16,"turns":9}],"seed_played":"-6804364327595577444","potions_obtained":[{"floor":1,"key":"FairyPotion"},{"floor":4,"key":"ColorlessPotion"},{"floor":10,"key":"Block Potion"}],"is_trial":false,"path_per_floor":["M","M","$","?","$","E","M","E","T","M","?","R","M","$","R","B"],"character_chosen":"THE_SILENT","items_purchased":["Footwork","Blade Dance","Membership Card","Finisher"],"campfire_rested":1,"item_purchase_floors":[3,3,14,14],"current_hp_per_floor":[59,59,59,59,59,59,59,1,1,19,19,38,34,34,34,0,0],"gold":9,"neow_bonus":"THREE_ENEMY_KILL","is_daily":false,"chose_seed":false,"campfire_upgraded":1,"win_rate":0.0,"timestamp":1613100418,"path_taken":["M","M","$","?","$","E","?","E","T","?","?","R","M","?","R","BOSS"],"items_purchased_type":["Card","Card","Relic","Card"],"build_version":"2020-12-22","purchased_purges":0,"victory":false,"max_hp_per_floor":[66,66,66,66,66,66,66,66,66,66,66,66,66,66,66,66,66],"relic_stats":{"counters":[8,32],"obtain_stats":[{"Potion Belt":8,"NeowsBlessing":0,"Omamori":9,"Bottled Lightning":6,"Membership Card":14,"Ring of the Snake":0,"NlothsMask":11},{"Potion Belt":5,"NeowsBlessing":0,"Omamori":5,"Bottled Lightning":3,"Membership Card":7,"Ring of the Snake":0,"NlothsMask":6},{"Potion Belt":11,"NeowsBlessing":0,"Omamori":11,"Bottled Lightning":3,"Membership Card":23,"Ring of the Snake":0,"NlothsMask":18}],"Ring of the Snake":[16]},"card_choices":[{"not_picked":["Underhanded Strike","Bane"],"picked":"Choke","floor":1},{"not_picked":["Deadly Poison","Dagger Throw"],"picked":"Cloak And Dagger","floor":2},{"not_picked":["Outmaneuver","Deadly Poison"],"picked":"Caltrops","floor":6},{"not_picked":["Underhanded Strike","Quick Slash"],"picked":"Slice","floor":7},{"not_picked":["Night Terror","Deadly Poison","Outmaneuver"],"picked":"SKIP","floor":8},{"not_picked":["Catalyst","Calculated Gamble","Deadly Poison"],"picked":"SKIP","floor":10},{"not_picked":["Acrobatics","Well Laid Plans"],"picked":"Deflect","floor":13}],"player_experience":66178,"relics_obtained":[{"floor":6,"key":"Bottled Lightning"},{"floor":8,"key":"Potion Belt"},{"floor":9,"key":"Omamori"}],"event_choices":[{"damage_healed":0,"gold_gain":0,"player_choice":"Got Potions","damage_taken":0,"max_hp_gain":0,"max_hp_loss":0,"event_name":"Lab","floor":4,"gold_loss":0},{"damage_healed":0,"gold_gain":0,"player_choice":"Trade","damage_taken":0,"relics_obtained":["NlothsMask"],"max_hp_gain":0,"max_hp_loss":0,"event_name":"FaceTrader","floor":11,"gold_loss":0}],"is_beta":false,"boss_relics":[],"items_purged_floors":[],"is_endless":false,"potions_floor_spawned":[1,7,10],"killed_by":"Hexaghost","ascension_level":20}}