{"host":"ex9ev9v5sog028vn","time":1613123977,"event":{"mods":["Act Like it!","BaseMod","Block Reminder","Hallownest","Minty Spire (QoL Compilation)","Quick Restart","Relic Stats","StSLib","The Bug Knight"],"gold_per_floor":[211,226,111,131,131,165,165,175,199,199,199,199,210,227,227,227,227],"floor_reached":16,"language":"ENG","playtime":952,"items_purged":[],"score":145,"play_id":"f6fc8818-5438-4235-be4a-507ffc6c30eb","local_time":"20210212065937","is_ascension_mode":true,"campfire_choices":[{"data":"HollowMod:SoulEater","floor":7.0,"key":"SMITH"},{"data":"HollowMod:VengefulSpirit","floor":10.0,"key":"SMITH"},{"data":"HollowMod:HowlingWraiths","floor":12.0,"key":"SMITH"},{"data":"HollowMod:SoulEater","floor":15.0,"key":"SMITH"}],"circlet_count":0,"master_deck":["HollowMod:NailStrikeStart","HollowMod:NailStrikeStart","HollowMod:NailStrikeStart","HollowMod:FocusHealStart","HollowMod:PogoStrike","HollowMod:DashSlash","HollowMod:HowlingWraiths+1","HollowMod:VengefulSpirit+1","Hallownest:skillLeafShield","Hallownest:skillLeafShield","Hallownest:skillLeafShield","Hallownest:skillLeafShield","Hallownest:skillLeafShield","HollowMod:SoulEater+1","HollowMod:DashSlash","HollowMod:SoulEater+1"],"relics":["HollowMod:VesselMask","Odd Mushroom","Bronze Scales","MealTicket"],"acts_visited":["Exordium"],"potions_floor_usage":[16,16],"damage_taken":[{"damage":8.0,"enemies":"Hallownest:2_Tiktiks_and_1_Crawlid","floor":1.0,"turns":5.0},{"damage":0.0,"enemies":"Hallownest:2_MossCreeps","floor":2.0,"turns":5.0},{"damage":1.0,"enemies":"Hallownest:2_Baldur","floor":4.0,"turns":3.0},{"damage":32.0,"enemies":"Hallownest:eliteMossKnight","floor":6.0,"turns":8.0},{"damage":15.0,"enemies":"Hallownest:Guard_and_Warrior","floor":8.0,"turns":5.0},{"damage":0.0,"enemies":"Hallownest:1_Baldur_1_Crawlid_1_Warrior","floor":13.0,"turns":5.0},{"damage":3.0,"enemies":"Hallownest:1_Ooma_and_2_Uuma","floor":14.0,"turns":5.0},{"damage":89,"enemies":"Hallownest:BossHornet","floor":16,"turns":7}],"seed_played":"1916850896420134444","potions_obtained":[{"floor":2.0,"key":"PowerPotion"},{"floor":4.0,"key":"PowerPotion"},{"floor":6.0,"key":"DuplicationPotion"}],"is_trial":false,"path_per_floor":["M","M","?","M","?","E","R","M","T","R","?","R","M","M","R","B"],"character_chosen":"THE_BUGKNIGHT","items_purchased":[],"campfire_rested":0,"item_purchase_floors":[],"current_hp_per_floor":[73,75,75,75,75,43,43,38,38,38,38,38,44,47,47,0,0],"gold":227,"neow_bonus":"HUNDRED_GOLD","is_daily":false,"chose_seed":false,"campfire_upgraded":4,"win_rate":0.0,"timestamp":1613123977,"path_taken":["M","M","?","M","?","E","R","M","T","R","?","R","M","M","R","BOSS"],"items_purchased_type":[],"build_version":"2020-12-22","purchased_purges":0,"victory":false,"max_hp_per_floor":[75,75,75,75,75,75,75,75,75,75,75,75,75,75,75,75,75],"relic_stats":{"counters":[8,43],"Bronze Scales":[48],"MealTicket":0,"obtain_stats":[{"Bronze Scales":6,"HollowMod:VesselMask":0,"MealTicket":9,"Odd Mushroom":3},{"Bronze Scales":4,"HollowMod:VesselMask":0,"MealTicket":5,"Odd Mushroom":2},{"Bronze Scales":21,"HollowMod:VesselMask":0,"MealTicket":26,"Odd Mushroom":10}]},"card_choices":[{"not_picked":["HollowMod:WraithStrike","HollowMod:NewGlowingWomb"],"picked":"HollowMod:DashSlash","floor":1.0},{"not_picked":["HollowMod:PureNailStrike","HollowMod:MonarchWings"],"picked":"HollowMod:HowlingWraiths","floor":2.0},{"not_picked":["HollowMod:ShadowDash","HollowMod:SoulSplash"],"picked":"HollowMod:VengefulSpirit","floor":4.0},{"not_picked":["HollowMod:CloakDash","HollowMod:DesolateDive"],"picked":"HollowMod:SoulEater","floor":6.0},{"not_picked":["HollowMod:NewLittleFool","HollowMod:AbyssShriek"],"picked":"HollowMod:DashSlash","floor":8.0},{"not_picked":["HollowMod:DashSlash","HollowMod:NewJinnsSoul","HollowMod:VengefulVoid"],"picked":"SKIP","floor":13.0},{"not_picked":["HollowMod:TaintedHusks","HollowMod:NewGlowingWomb"],"picked":"HollowMod:SoulEater","floor":14.0}],"player_experience":732232,"relics_obtained":[{"floor":6.0,"key":"Bronze Scales"},{"floor":9.0,"key":"MealTicket"}],"event_choices":[],"is_beta":false,"boss_relics":[],"items_purged_floors":[],"is_endless":false,"potions_floor_spawned":[2,4,6,13],"killed_by":"Hallownest:BossHornet","ascension_level":4}}