{"host":"4cz9gr89nglr7k8k","time":1613142715,"event":{"mods":["BaseMod","Minty Spire (QoL Compilation)","Relic Stats","Slay-I"],"gold_per_floor":[117,137,6,17,17,17,43,43,43,43,43,60,75,89,89,164,164,182,182,182,192,242,242,258,258,282,207,218,4,4,4,4,4,4],"floor_reached":33,"language":"DEU","playtime":805,"items_purged":[],"score":490,"play_id":"4fc15e8a-167c-46a1-85fa-e3414392eb72","local_time":"20210212161155","is_ascension_mode":true,"campfire_choices":[{"floor":6,"key":"REST"},{"floor":15,"key":"REST"},{"floor":23,"key":"REST"},{"floor":25,"key":"REST"},{"floor":30,"key":"REST"},{"floor":32,"key":"REST"}],"circlet_count":0,"master_deck":["AscendersBane","Strike_R+1","Strike_R","Strike_R","Strike_R+1","Defend_R","Defend_R","Defend_R","Bash","Spot Weakness","Clash","Dramatic Entrance","Shockwave","Pommel Strike","Cleave","Feed","Clash","Headbutt","Limit Break","Cleave","Sever Soul","Heavy Blade","Headbutt","Demon Form","Thunderclap"],"relics":["Burning Blood","NeowsBlessing","Potion Belt","Self Forming Clay","Nunchaku","SlaversCollar","Bottled Flame","Art of War"],"acts_visited":["Exordium","TheCity"],"potions_floor_usage":[7,14,21,28,28],"damage_taken":[{"damage":0,"enemies":"2 Louse","floor":1,"turns":2},{"damage":0,"enemies":"Cultist","floor":2,"turns":1},{"damage":0,"enemies":"Jaw Worm","floor":4,"turns":1},{"damage":30,"enemies":"3 Sentries","floor":7,"turns":7},{"damage":19,"enemies":"Exordium Thugs","floor":12,"turns":3},{"damage":12,"enemies":"Exordium Wildlife","floor":13,"turns":2},{"damage":7,"enemies":"Blue Slaver","floor":14,"turns":3},{"damage":53,"enemies":"Hexaghost","floor":16,"turns":8},{"damage":21,"enemies":"Chosen","floor":18,"turns":5},{"damage":18,"enemies":"3 Byrds","floor":21,"turns":4},{"damage":62,"enemies":"Snecko","floor":24,"turns":7},{"damage":41,"enemies":"Shelled Parasite and Fungi","floor":28,"turns":5},{"damage":62,"enemies":"Champ","floor":33,"turns":6}],"seed_played":"-322854418781738624","potions_obtained":[{"floor":1,"key":"AttackPotion"},{"floor":4,"key":"Fire Potion"},{"floor":12,"key":"LiquidMemories"},{"floor":16,"key":"PowerPotion"},{"floor":18,"key":"Fire Potion"},{"floor":24,"key":"Weak Potion"}],"is_trial":false,"path_per_floor":["M","M","$","M","?","R","E","?","T","$","?","M","M","M","R","B",null,"M","?","T","M","?","R","M","R","T","?","M","$","R","$","R","B"],"character_chosen":"IRONCLAD","items_purchased":["Dramatic Entrance","Shockwave","Demon Form","Thunderclap"],"campfire_rested":6,"item_purchase_floors":[3,3,29,29],"current_hp_per_floor":[74,75,75,75,52,74,50,50,50,50,50,37,34,33,56,9,61,49,65,65,53,53,77,21,45,45,45,10,10,34,34,58,0,0],"gold":4,"neow_bonus":"THREE_ENEMY_KILL","is_daily":false,"chose_seed":false,"campfire_upgraded":0,"win_rate":0.0,"timestamp":1613142715,"path_taken":["M","M","$","M","?","R","E","?","T","$","?","?","M","M","R","BOSS","M","?","?","?","?","R","M","R","T","?","M","$","R","?","R","BOSS"],"items_purchased_type":["Card","Card","Card","Card"],"build_version":"2020-12-22","purchased_purges":0,"victory":false,"max_hp_per_floor":[75,75,75,75,75,75,75,75,75,75,75,75,78,78,78,78,78,81,81,81,81,81,81,81,81,81,81,81,81,81,81,81,81,81],"relic_stats":{"Nunchaku":[9],"counters":[13,54],"Self Forming Clay":[141],"Art of War":[0],"obtain_stats":[{"Potion Belt":7,"SlaversCollar":17,"Nunchaku":11,"Bottled Flame":20,"NeowsBlessing":0,"Self Forming Clay":9,"Art of War":26,"Burning Blood":0},{"Potion Belt":4,"SlaversCollar":8,"Nunchaku":4,"Bottled Flame":9,"NeowsBlessing":0,"Self Forming Clay":4,"Art of War":11,"Burning Blood":0},{"Potion Belt":11,"SlaversCollar":27,"Nunchaku":11,"Bottled Flame":32,"NeowsBlessing":0,"Self Forming Clay":11,"Art of War":43,"Burning Blood":0}],"Burning Blood":61},"card_choices":[{"not_picked":["Heavy Blade","Shrug It Off"],"picked":"Spot Weakness","floor":1},{"not_picked":["Sword Boomerang","Sever Soul"],"picked":"Clash","floor":2},{"not_picked":["Reckless Charge","Battle Trance"],"picked":"Pommel Strike","floor":4},{"not_picked":["Intimidate","Heavy Blade"],"picked":"Cleave","floor":7},{"not_picked":["Shockwave","Headbutt"],"picked":"Feed","floor":12},{"not_picked":["Seeing Red","Iron Wave"],"picked":"Clash","floor":13},{"not_picked":["Combust","Havoc"],"picked":"Headbutt","floor":14},{"not_picked":["Double Tap","Barricade"],"picked":"Limit Break","floor":16},{"not_picked":["Armaments","Clothesline"],"picked":"Cleave","floor":18},{"not_picked":["Havoc","True Grit"],"picked":"Sever Soul","floor":21},{"not_picked":["Iron Wave","Battle Trance"],"picked":"Heavy Blade","floor":24},{"not_picked":["Warcry","Rupture"],"picked":"Headbutt","floor":28}],"player_experience":1551569,"relics_obtained":[{"floor":7,"key":"Potion Belt"},{"floor":9,"key":"Self Forming Clay"},{"floor":20,"key":"Bottled Flame"},{"floor":26,"key":"Art of War"}],"event_choices":[{"damage_healed":0,"gold_gain":0,"player_choice":"Entered Light","damage_taken":23,"max_hp_gain":0,"max_hp_loss":0,"event_name":"Shining Light","floor":5,"gold_loss":0,"cards_upgraded":["Strike_R","Strike_R"]},{"cards_removed":["Defend_R"],"damage_healed":0,"gold_gain":0,"player_choice":"Forget","damage_taken":0,"max_hp_gain":0,"max_hp_loss":0,"event_name":"Living Wall","floor":8,"gold_loss":0},{"damage_healed":0,"gold_gain":0,"player_choice":"Gave Potion","damage_taken":0,"relics_obtained":["Nunchaku"],"max_hp_gain":0,"max_hp_loss":0,"event_name":"WeMeetAgain","floor":11,"gold_loss":0},{"damage_healed":16,"gold_gain":0,"player_choice":"Heal","damage_taken":0,"max_hp_gain":0,"max_hp_loss":0,"event_name":"The Library","floor":19,"gold_loss":0},{"damage_healed":0,"gold_gain":50,"player_choice":"Stole From Cult","damage_taken":0,"max_hp_gain":0,"max_hp_loss":0,"event_name":"Nest","floor":22,"gold_loss":0},{"cards_removed":["Strike_R"],"damage_healed":0,"gold_gain":0,"player_choice":"Gave Gold","damage_taken":0,"max_hp_gain":0,"max_hp_loss":0,"event_name":"Beggar","floor":27,"gold_loss":75}],"is_beta":false,"boss_relics":[{"not_picked":["Philosopher\u0027s Stone","Runic Pyramid"],"picked":"SlaversCollar"}],"items_purged_floors":[],"is_endless":false,"potions_floor_spawned":[1,4,12,16,18,24],"killed_by":"Champ","ascension_level":20}}