{"host":"4ussnu3btygo6jwa","time":1613153371,"event":{"mods":["BaseMod","Block Reminder","Colored Powertips","Highlight Path","Minty Spire (QoL Compilation)","StSLib"],"gold_per_floor":[116,116,116,130,21,54,54,54,54,131,163,182,201,214,1,1,96,96,108,108,108,119,119,119],"floor_reached":23,"language":"ENG","playtime":824,"items_purged":["Defend_G"],"score":291,"play_id":"552ec9ea-35d4-496e-af94-4552ea65acf6","local_time":"20210212130931","is_ascension_mode":true,"campfire_choices":[{"data":"Noxious Fumes","floor":8,"key":"SMITH"},{"floor":16,"key":"REST"}],"circlet_count":0,"master_deck":["Strike_G","Strike_G","Strike_G","Strike_G","Strike_G","Defend_G","Defend_G","Defend_G","Defend_G","Survivor","Neutralize","Backflip","Backflip","Noxious Fumes+1","Sucker Punch+1","Deadly Poison","Dodge and Roll","Night Terror","Bouncing Flask","Noxious Fumes+1","Glass Knife","Bane"],"relics":["Ring of the Snake","NeowsBlessing","Incense Burner","Mummified Hand","Sundial","Nunchaku","DollysMirror","Busted Crown","Paper Crane"],"acts_visited":["Exordium","TheCity"],"potions_floor_usage":[11,13,17,17,23],"damage_taken":[{"damage":0,"enemies":"Cultist","floor":1,"turns":1},{"damage":0,"enemies":"2 Louse","floor":4,"turns":1},{"damage":0,"enemies":"Gremlin Nob","floor":6,"turns":1},{"damage":20,"enemies":"3 Sentries","floor":11,"turns":7},{"damage":4,"enemies":"Jaw Worm","floor":12,"turns":3},{"damage":25,"enemies":"Gremlin Gang","floor":13,"turns":6},{"damage":3,"enemies":"Exordium Thugs","floor":14,"turns":4},{"damage":4,"enemies":"The Guardian","floor":17,"turns":8},{"damage":23,"enemies":"2 Thieves","floor":19,"turns":5},{"damage":3,"enemies":"Spheric Guardian","floor":22,"turns":3},{"damage":14,"enemies":"3 Cultists","floor":23,"turns":4}],"seed_played":"-905150613265523467","potions_obtained":[{"floor":3,"key":"LiquidMemories"},{"floor":3,"key":"Strength Potion"},{"floor":3,"key":"Block Potion"},{"floor":13,"key":"Fruit Juice"},{"floor":14,"key":"Poison Potion"},{"floor":17,"key":"CunningPotion"}],"is_trial":false,"path_per_floor":["M","?","?","M","$","E","?","R","T","T","E","M","M","M","$","R","B",null,"M","?","?","M","M"],"character_chosen":"THE_SILENT","items_purchased":["Noxious Fumes","Bouncing Flask","DollysMirror"],"campfire_rested":1,"item_purchase_floors":[5,15,15],"current_hp_per_floor":[63,63,63,63,63,63,63,63,63,63,43,39,19,16,16,38,34,65,42,28,28,25,11,11],"gold":119,"neow_bonus":"THREE_ENEMY_KILL","is_daily":false,"chose_seed":false,"campfire_upgraded":1,"win_rate":0.0,"timestamp":1613153371,"path_taken":["M","?","?","?","$","E","?","R","T","T","E","?","M","M","?","R","BOSS","M","?","?","M","M"],"items_purchased_type":["Card","Card","Relic"],"build_version":"2020-12-22","purchased_purges":1,"victory":false,"max_hp_per_floor":[70,70,70,70,70,70,70,70,70,70,70,70,75,75,75,75,75,75,75,80,80,80,80,80],"card_choices":[{"not_picked":["Deflect","Prepared"],"picked":"Backflip","floor":1},{"not_picked":["Quick Slash","Underhanded Strike"],"picked":"Backflip","floor":4},{"not_picked":["Storm of Steel","Reflex"],"picked":"Sucker Punch","floor":6},{"not_picked":["Outmaneuver","Dagger Throw"],"picked":"Deadly Poison","floor":11},{"not_picked":["Terror","Expertise","Deflect"],"picked":"SKIP","floor":12},{"not_picked":["Deflect","Slice"],"picked":"Dodge and Roll","floor":13},{"not_picked":["PiercingWail","Dodge and Roll"],"picked":"Night Terror","floor":14},{"not_picked":["Night Terror","Unload"],"picked":"Glass Knife","floor":17},{"not_picked":[],"picked":"Bane","floor":19},{"not_picked":["Sucker Punch"],"picked":"SKIP","floor":22}],"player_experience":325189,"relics_obtained":[{"floor":6,"key":"Incense Burner"},{"floor":9,"key":"Mummified Hand"},{"floor":10,"key":"Sundial"},{"floor":11,"key":"Nunchaku"}],"event_choices":[{"damage_healed":0,"gold_gain":0,"player_choice":"Ignored","damage_taken":0,"max_hp_gain":0,"max_hp_loss":0,"event_name":"Shining Light","floor":2,"gold_loss":0},{"damage_healed":0,"gold_gain":0,"player_choice":"Got Potions","damage_taken":0,"max_hp_gain":0,"max_hp_loss":0,"event_name":"Lab","floor":3,"gold_loss":0},{"damage_healed":0,"gold_gain":0,"player_choice":"Forge","damage_taken":0,"max_hp_gain":0,"max_hp_loss":0,"event_name":"Accursed Blacksmith","floor":7,"gold_loss":0,"cards_upgraded":["Sucker Punch"]},{"damage_healed":0,"gold_gain":0,"player_choice":"Shed Blood","damage_taken":19,"max_hp_gain":5,"max_hp_loss":0,"event_name":"Forgotten Altar","floor":20,"gold_loss":0},{"damage_healed":0,"gold_gain":0,"player_choice":"Opened","damage_taken":0,"relics_obtained":["Paper Crane"],"max_hp_gain":0,"max_hp_loss":0,"event_name":"The Mausoleum","floor":21,"gold_loss":0}],"is_beta":false,"boss_relics":[{"not_picked":["Coffee Dripper","Ectoplasm"],"picked":"Busted Crown"}],"items_purged_floors":[5],"is_endless":false,"potions_floor_spawned":[13,14,17],"killed_by":"3 Cultists","ascension_level":6}}