{"host":"sian7qp8a9pc9xwd","time":1613118219,"event":{"mods":["BaseMod","Minty Spire (QoL Compilation)","StSLib","SuperFastMode"],"gold_per_floor":[12,12,187,187,205,205,225,300,323,323,338,338,28,28,28,28,28],"floor_reached":16,"language":"ENG","playtime":361,"items_purged":[],"score":136,"play_id":"86f6940f-2a25-483e-9b2c-1e9eb78c2ec2","local_time":"20210212032339","is_ascension_mode":true,"campfire_choices":[{"data":"Corruption","floor":6.0,"key":"SMITH"},{"data":"Wild Strike","floor":12.0,"key":"SMITH"},{"floor":15.0,"key":"REST"}],"circlet_count":0,"master_deck":["AscendersBane","Strike_R","Strike_R","Strike_R","Strike_R","Strike_R","Defend_R","Defend_R","Defend_R","Defend_R","Bash","Corruption+1","Infernal Blade","Wild Strike+1","Seeing Red"],"relics":["Burning Blood","Golden Idol","Gremlin Horn","Potion Belt","The Courier","Strange Spoon","HornCleat"],"acts_visited":["Exordium"],"potions_floor_usage":[],"damage_taken":[{"damage":20.0,"enemies":"2 Louse","floor":1.0,"turns":4.0},{"damage":7.0,"enemies":"Jaw Worm","floor":5.0,"turns":5.0},{"damage":0.0,"enemies":"Small Slimes","floor":7.0,"turns":1.0},{"damage":2.0,"enemies":"Gremlin Gang","floor":11.0,"turns":4.0},{"damage":48,"enemies":"The Guardian","floor":16,"turns":8}],"seed_played":"1529473826677137784","potions_obtained":[{"floor":5.0,"key":"DistilledChaos"}],"is_trial":false,"path_per_floor":["M","?","?","?","M","R","M","?","T","T","M","R","$","?","R","B"],"character_chosen":"IRONCLAD","items_purchased":["Strange Spoon","HornCleat"],"campfire_rested":1,"item_purchase_floors":[13,13],"current_hp_per_floor":[58,38,38,31,30,30,36,25,25,25,29,29,29,22,46,0,0],"gold":28,"neow_bonus":"THREE_RARE_CARDS","is_daily":false,"chose_seed":false,"campfire_upgraded":2,"win_rate":0.0,"timestamp":1613118219,"path_taken":["M","?","?","?","M","R","M","?","T","?","?","R","$","?","R","BOSS"],"items_purchased_type":["Relic","Relic"],"build_version":"2020-12-22","purchased_purges":0,"victory":false,"max_hp_per_floor":[80,80,80,80,80,80,80,80,80,80,80,80,80,80,80,80,80],"card_choices":[{"not_picked":["Barricade","Exhume"],"picked":"Corruption","floor":0.0},{"not_picked":["Cleave","Flex"],"picked":"Infernal Blade","floor":1.0},{"not_picked":["Second Wind","True Grit"],"picked":"Wild Strike","floor":5.0},{"not_picked":["Sword Boomerang","Anger"],"picked":"Seeing Red","floor":7.0},{"not_picked":["Iron Wave","Clash","Blood for Blood"],"picked":"SKIP","floor":11.0}],"player_experience":966626,"relics_obtained":[{"floor":9.0,"key":"Potion Belt"},{"floor":10.0,"key":"The Courier"}],"event_choices":[{"damage_healed":0.0,"max_hp_gain":0.0,"max_hp_loss":0.0,"gold_gain":0.0,"event_name":"Golden Idol","player_choice":"Take Damage","floor":2.0,"gold_loss":0.0,"damage_taken":20.0,"relics_obtained":["Golden Idol"]},{"damage_healed":0.0,"max_hp_gain":0.0,"max_hp_loss":0.0,"gold_gain":175.0,"event_name":"Liars Game","player_choice":"AGREE","floor":3.0,"gold_loss":0.0,"damage_taken":0.0,"cards_obtained":["Doubt"]},{"damage_healed":0.0,"max_hp_gain":0.0,"max_hp_loss":0.0,"gold_gain":0.0,"event_name":"Scrap Ooze","player_choice":"Success","floor":4.0,"gold_loss":0.0,"damage_taken":7.0,"relics_obtained":["Gremlin Horn"]},{"damage_healed":0.0,"max_hp_gain":0.0,"max_hp_loss":0.0,"gold_gain":75.0,"event_name":"World of Goop","player_choice":"Gather Gold","floor":8.0,"gold_loss":0.0,"damage_taken":11.0},{"cards_removed":["Doubt"],"damage_healed":0.0,"max_hp_gain":0.0,"max_hp_loss":0.0,"gold_gain":0.0,"event_name":"Golden Wing","player_choice":"Card Removal","floor":14.0,"gold_loss":0.0,"damage_taken":7.0}],"is_beta":false,"boss_relics":[],"items_purged_floors":[],"is_endless":false,"potions_floor_spawned":[5],"killed_by":"The Guardian","ascension_level":11}}