{"host":"pqs17sqrgflf4eqa","time":1613164772,"event":{"mods":["AchievementEnabler","BaseMod","Bestiary","Better Altar","Better Match","Better Skull","Block Reminder","Bossed Relics","Colored Map","Colored Powertips","Curses Come First","Dark Map","DeckTracker","Defective Defect","Displayed Cursed Tome","Emptier Cage","Googly Eyes","Highlight Path","Minty Spire (QoL Compilation)","Quick Restart","Slay-I","StSLib","SuperFastMode","Synergy Search","Thieving Mod","Transform Curses","everything is the same but u backflip on backflip","slay the spire mod where everything is the same but ironclad has a cowboy hat"],"gold_per_floor":[109,24,35,53,63,63,75,103,103,130,130,147,167,222,222,222,222],"floor_reached":16,"language":"ENG","playtime":427,"items_purged":[],"score":174,"play_id":"3d8f91ae-616e-49e0-b670-9c938b17881e","local_time":"20210212161932","is_ascension_mode":true,"campfire_choices":[{"data":"Vigilance","floor":6,"key":"SMITH"},{"data":"1","floor":11,"key":"LIFT"},{"data":"CrushJoints","floor":15,"key":"SMITH"}],"circlet_count":0,"master_deck":["Strike_P","Strike_P","Strike_P","Strike_P","Defend_P","Defend_P","Defend_P","Defend_P","Eruption+1","Vigilance+1","FollowUp","BattleHymn","SashWhip","Brilliance","Fasting2","CrushJoints+1","CutThroughFate","Wallop","Halt","Worship"],"relics":["PureWater","Peace Pipe","Girya","Letter Opener","Turnip"],"acts_visited":["Exordium"],"potions_floor_usage":[4,5,7,10,10,10,14,16],"damage_taken":[{"damage":0,"enemies":"Cultist","floor":1,"turns":2},{"damage":2,"enemies":"Jaw Worm","floor":3,"turns":4},{"damage":0,"enemies":"Small Slimes","floor":4,"turns":1},{"damage":10,"enemies":"Exordium Thugs","floor":5,"turns":3},{"damage":8,"enemies":"Lots of Slimes","floor":7,"turns":3},{"damage":0,"enemies":"Gremlin Nob","floor":8,"turns":2},{"damage":22,"enemies":"3 Sentries","floor":10,"turns":5},{"damage":0,"enemies":"Large Slime","floor":12,"turns":3},{"damage":5,"enemies":"Red Slaver","floor":13,"turns":2},{"damage":0,"enemies":"Lagavulin Event","floor":14,"turns":2},{"damage":26,"enemies":"Hexaghost","floor":16,"turns":7}],"seed_played":"5266251924932732445","potions_obtained":[{"floor":4,"key":"SteroidPotion"},{"floor":5,"key":"SkillPotion"},{"floor":8,"key":"EntropicBrew"},{"floor":10,"key":"ColorlessPotion"}],"is_trial":false,"path_per_floor":["M","$","M","M","M","R","M","E","T","E","R","M","M","?","R","B"],"character_chosen":"WATCHER","items_purchased":["BattleHymn","Fire Potion"],"campfire_rested":0,"item_purchase_floors":[2,2],"current_hp_per_floor":[72,72,70,70,60,60,52,52,52,30,30,30,25,25,25,0,0],"gold":222,"neow_bonus":"UPGRADE_CARD","is_daily":false,"chose_seed":false,"campfire_upgraded":2,"win_rate":0.0,"timestamp":1613164772,"path_taken":["M","?","M","M","M","R","M","E","T","E","R","?","M","?","R","BOSS"],"items_purchased_type":["Card","Potion"],"build_version":"2020-12-22","purchased_purges":0,"victory":false,"max_hp_per_floor":[72,72,72,72,72,72,72,72,72,72,72,72,72,72,72,72,72],"card_choices":[{"not_picked":["ThirdEye","EmptyBody"],"picked":"FollowUp","floor":1},{"not_picked":["FlurryOfBlows","EmptyFist"],"picked":"SashWhip","floor":3},{"not_picked":["Halt","CrushJoints"],"picked":"Brilliance","floor":4},{"not_picked":["Crescendo","WaveOfTheHand"],"picked":"Fasting2","floor":5},{"not_picked":["Protect","Halt"],"picked":"CrushJoints","floor":7},{"not_picked":["Evaluate","PathToVictory"],"picked":"CutThroughFate","floor":8},{"not_picked":["CutThroughFate","Devotion"],"picked":"Wallop","floor":10},{"not_picked":["ClearTheMind","EmptyBody","EmptyFist"],"picked":"SKIP","floor":12},{"not_picked":["Wireheading","FlyingSleeves"],"picked":"Halt","floor":13},{"not_picked":["ForeignInfluence","SandsOfTime"],"picked":"Worship","floor":14}],"player_experience":179699,"relics_obtained":[{"floor":8,"key":"Peace Pipe"},{"floor":9,"key":"Girya"},{"floor":10,"key":"Letter Opener"},{"floor":14,"key":"Turnip"}],"event_choices":[{"damage_healed":0,"gold_gain":30,"player_choice":"Searched \u00273\u0027 times","damage_taken":0,"max_hp_gain":0,"max_hp_loss":0,"event_name":"Dead Adventurer","floor":14,"gold_loss":0}],"is_beta":false,"boss_relics":[],"items_purged_floors":[],"is_endless":false,"potions_floor_spawned":[4,5,8,10],"killed_by":"Hexaghost","ascension_level":5}}