{"host":"g7mkzn6qfoxkk5sz","time":1613143555,"event":{"mods":["BaseMod","Colored Map","Colored Powertips","Downfall","Minty Spire (QoL Compilation)","StSLib"],"gold_per_floor":[99,112,132,147,157,157,157,157,157,175,209,209,209,228,241,339,339,339,355,371,371,371,371,422,422,422,435,465,480,23,123,142,247,247,247,264,264,281,281,281,281,281,281,124,140,140,152,152,167,167],"floor_reached":51,"language":"ENG","playtime":2274,"items_purged":["downfall:Bewildered","Guardian:Defend_Guardian"],"score":931,"play_id":"9405e7cf-dc4f-414f-a752-e16aaddde97f","local_time":"20210212172555","is_ascension_mode":true,"campfire_choices":[{"data":"Guardian:TwinSlam","floor":1,"key":"SMITH"},{"data":"Guardian:Orbwalk","floor":6,"key":"SMITH"},{"data":"Guardian:SentryBeam","floor":13,"key":"SMITH"},{"data":"Guardian:PiercingHide","floor":18,"key":"SMITH"},{"data":"RitualDagger","floor":23,"key":"SMITH"},{"data":"Guardian:GemFinder","floor":35,"key":"SMITH"},{"data":"Guardian:CurlUp","floor":40,"key":"SMITH"},{"data":"Guardian:CurlUp","floor":42,"key":"SMITH"},{"data":"Guardian:AncientConstruct","floor":43,"key":"SMITH"},{"data":"Guardian:CompilePackage","floor":46,"key":"SMITH"}],"circlet_count":0,"master_deck":["Guardian:Defend_Guardian","Guardian:Defend_Guardian","Guardian:Defend_Guardian","Guardian:CurlUp+1","Guardian:TwinSlam+1","Guardian:StasisField","Guardian:Orbwalk+1","Guardian:Incinerate","Guardian:CurlUp+1","Guardian:PiercingHide+1","Guardian:SentryBeam+1","Guardian:Recover","Guardian:AncientConstruct+1","Guardian:BronzeArmor","Guardian:PrimingBeam","RitualDagger+1","Guardian:PiercingHide","Pride","Guardian:TemporalShield+1","Guardian:TimeCapacitor","Guardian:RollAttack","Guardian:Incinerate","downfall:Haunted","downfall:Haunted","Decay","Writhe","Clumsy","Guardian:FastForward","Guardian:TimeBomb","Guardian:GemFinder+1","Guardian:GatlingBeam+1","Guardian:Repulse+1","Pain","Guardian:RollAttack+1","Guardian:SentryBeam+1","Guardian:ArmoredProtocol","Guardian:CompilePackage+1","Guardian:Gem_Yellow","Guardian:ShieldSpikes"],"relics":["Guardian:ModeShifter","Mummified Hand","Du-Vu Doll","expansioncontent:StudyCardRelic","MealTicket","sneckomod:BabySnecko","Nunchaku","Dead Branch","WingedGreaves","Darkstone Periapt","Astrolabe","Pantograph","Toy Ornithopter","Strawberry"],"acts_visited":["Exordium","TheCity","TheBeyond"],"potions_floor_usage":[11,14,28,33,50],"damage_taken":[{"damage":1,"enemies":"Small Slimes","floor":2,"turns":4},{"damage":1,"enemies":"Cultist","floor":3,"turns":4},{"damage":0,"enemies":"2 Louse","floor":4,"turns":2},{"damage":13,"enemies":"Large Slime","floor":5,"turns":8},{"damage":6,"enemies":"2 Fungi Beasts","floor":10,"turns":4},{"damage":14,"enemies":"Gremlin Nob","floor":11,"turns":4},{"damage":3,"enemies":"Large Slime","floor":14,"turns":7},{"damage":4,"enemies":"Blue Slaver","floor":15,"turns":2},{"damage":41,"enemies":"WA_ARCHETYPE_RETAIN","floor":16,"turns":15},{"damage":10,"enemies":"Spheric Guardian","floor":19,"turns":4},{"damage":10,"enemies":"3 Byrds","floor":20,"turns":4},{"damage":8,"enemies":"Sentry and Sphere","floor":27,"turns":4},{"damage":9,"enemies":"Gremlin Leader","floor":28,"turns":5},{"damage":14,"enemies":"Centurion and Healer","floor":29,"turns":8},{"damage":0,"enemies":"downfall:FleeingMerchant","floor":30,"turns":4},{"damage":0,"enemies":"Cultist and Chosen","floor":32,"turns":3},{"damage":46,"enemies":"SI_MIRROR_ARCHETYPE","floor":33,"turns":7},{"damage":13,"enemies":"3 Darklings","floor":36,"turns":3},{"damage":23,"enemies":"3 Shapes","floor":38,"turns":2},{"damage":0,"enemies":"downfall:FleeingMerchant","floor":44,"turns":4},{"damage":33,"enemies":"Writhing Mass","floor":45,"turns":6},{"damage":0,"enemies":"Spire Growth","floor":47,"turns":4},{"damage":10,"enemies":"Maw","floor":49,"turns":7},{"damage":48,"enemies":"DF_ARCHETYPE_ORBS","floor":50,"turns":7}],"seed_played":"7198796428625816646","potions_obtained":[{"floor":2,"key":"SpeedPotion"},{"floor":4,"key":"LiquidMemories"},{"floor":14,"key":"Fruit Juice"},{"floor":15,"key":"FairyPotion"},{"floor":16,"key":"Fire Potion"},{"floor":27,"key":"Explosive Potion"},{"floor":28,"key":"EntropicBrew"},{"floor":38,"key":"Explosive Potion"}],"is_trial":false,"path_per_floor":["R","M","M","M","M","R","T","?","?","M","E","?","R","M","M","B",null,"R","M","M","?","?","R","T","?","?","M","E","M","$","?","M","B",null,"R","M","?","M","?","R","T","R","R","$","M","R","M","$","M","B",null],"character_chosen":"GUARDIAN","items_purchased":["WingedGreaves","Guardian:RollAttack","Guardian:Incinerate","Guardian:ArmoredProtocol","Toy Ornithopter","Strawberry"],"campfire_rested":0,"item_purchase_floors":[30,30,30,44,44,44],"current_hp_per_floor":[80,79,78,78,65,65,65,65,65,59,45,45,45,47,43,2,85,85,75,65,59,59,59,59,59,59,51,42,28,43,78,78,32,120,120,107,131,108,108,108,108,108,108,130,97,97,97,112,102,84],"gold":167,"neow_bonus":"THREE_RARE_CARDS","is_daily":false,"chose_seed":false,"campfire_upgraded":10,"win_rate":0.0,"timestamp":1613143555,"path_taken":["R","M","M","M","M","R","T","?","?","?","E","?","R","M","M","BOSS","R","M","M","?","?","R","T","?","?","M","E","M","$","?","M","BOSS","R","M","?","M","?","R","T","R","R","$","M","R","M","$","M","BOSS"],"items_purchased_type":["Relic","Card","Card","Card","Relic","Relic"],"build_version":"2020-12-22","purchased_purges":2,"victory":true,"max_hp_per_floor":[80,80,80,80,80,80,80,80,80,80,80,80,80,85,85,85,85,85,85,85,85,85,85,85,85,85,85,85,85,85,120,120,120,120,120,120,144,144,144,144,144,144,144,151,151,151,151,151,151,151],"card_choices":[{"not_picked":["Guardian:GemFire","Guardian:StasisEngine"],"picked":"Guardian:StasisField","floor":0},{"not_picked":["Guardian:VentSteam","Guardian:ShieldCharger"],"picked":"Guardian:Orbwalk","floor":2},{"not_picked":["Guardian:Gem_Purple","Guardian:Emergency"],"picked":"Guardian:Incinerate","floor":3},{"not_picked":["Guardian:Gem_Green","Guardian:CrystalBeam"],"picked":"Guardian:Gem_Red","floor":4},{"not_picked":["Guardian:Preprogram","Guardian:Reroute","Guardian:VentSteam"],"picked":"SKIP","floor":5},{"not_picked":["Guardian:RefractedBeam","Guardian:ChargeCore"],"picked":"Guardian:PiercingHide","floor":10},{"not_picked":["Guardian:Planning","Guardian:TemporalStrike"],"picked":"Guardian:SentryBeam","floor":11},{"not_picked":["Guardian:Gem_Fragmented","Guardian:VentSteam"],"picked":"Guardian:Gem_Crimson","floor":14},{"not_picked":["Guardian:CrystalBeam","Guardian:Planning"],"picked":"Guardian:Recover","floor":15},{"not_picked":["Guardian:Gem_Synthetic","Guardian:SphericShield"],"picked":"Guardian:AncientConstruct","floor":16},{"not_picked":["Guardian:ArmoredProtocol","Guardian:Gem_Cyan"],"picked":"Guardian:BronzeArmor","floor":19},{"not_picked":["Guardian:CrystalBeam","Guardian:Reroute"],"picked":"Guardian:PrimingBeam","floor":20},{"not_picked":["Guardian:Gem_Fragmented","Guardian:CrystalBeam+1","Guardian:Reroute"],"picked":"SKIP","floor":27},{"not_picked":["Guardian:Gem_Cyan","Guardian:Gem_Red"],"picked":"Guardian:TemporalShield+1","floor":28},{"not_picked":["Guardian:FloatingOrbs","Guardian:ChargeCore","Guardian:DecasProtection"],"picked":"SKIP","floor":29},{"not_picked":["Guardian:ChargeCore","Guardian:GatlingBeam"],"picked":"Guardian:TimeCapacitor","floor":30},{"not_picked":["Guardian:Gem_Red","Guardian:Planning"],"picked":"Guardian:TimeBomb","floor":32},{"not_picked":["Guardian:StasisField","Guardian:HyperBeam_Guardian"],"picked":"Guardian:GemFinder","floor":33},{"not_picked":["Guardian:Gem_Cyan","Guardian:WalkerClaw","Guardian:CrystalBeam+1"],"picked":"SKIP","floor":36},{"not_picked":["Guardian:Gem_Red","Guardian:TemporalShield"],"picked":"Guardian:RollAttack+1","floor":38},{"not_picked":["Guardian:Planning+1","Guardian:ArmoredProtocol+1"],"picked":"Guardian:SentryBeam+1","floor":44},{"not_picked":["Guardian:Gem_Purple","Guardian:TimeBomb+1"],"picked":"Guardian:CompilePackage","floor":45},{"not_picked":["Guardian:Recover+1","Guardian:WalkerClaw"],"picked":"Guardian:Gem_Yellow","floor":47},{"not_picked":["Guardian:Emergency","Guardian:CrystalBeam"],"picked":"Guardian:ShieldSpikes","floor":49}],"player_experience":484485,"relics_obtained":[{"floor":7,"key":"Mummified Hand"},{"floor":11,"key":"Du-Vu Doll"},{"floor":24,"key":"MealTicket"},{"floor":28,"key":"Dead Branch"},{"floor":41,"key":"Pantograph"}],"event_choices":[{"cards_removed":["downfall:Icky"],"damage_healed":0,"gold_gain":0,"player_choice":"Card Removal","damage_taken":0,"max_hp_gain":0,"max_hp_loss":0,"event_name":"The Cleric","floor":8,"gold_loss":0},{"cards_removed":["Guardian:Strike_Guardian"],"damage_healed":0,"gold_gain":0,"player_choice":"Forget","damage_taken":0,"max_hp_gain":0,"max_hp_loss":0,"event_name":"Living Wall","floor":12,"gold_loss":0},{"damage_healed":0,"gold_gain":0,"player_choice":"Read","damage_taken":0,"max_hp_gain":0,"max_hp_loss":0,"event_name":"The Library","floor":22,"gold_loss":0,"cards_obtained":["Guardian:PiercingHide"]},{"damage_healed":0,"gold_gain":0,"player_choice":"Stole Relic","damage_taken":0,"relics_obtained":["Nunchaku"],"max_hp_gain":0,"max_hp_loss":0,"event_name":"Addict","floor":26,"gold_loss":0,"cards_obtained":["Pride"]},{"cards_removed":["Guardian:Reroute"],"damage_healed":0,"gold_gain":0,"player_choice":"Removed Attack","damage_taken":0,"max_hp_gain":0,"max_hp_loss":0,"event_name":"Falling","floor":39,"gold_loss":0}],"is_beta":false,"boss_relics":[{"not_picked":["Cursed Key","Runic Pyramid"],"picked":"expansioncontent:StudyCardRelic"},{"not_picked":["Black Star","Velvet Choker"],"picked":"Astrolabe"}],"items_purged_floors":[30,44],"is_endless":false,"potions_floor_spawned":[2,4,14,15,16,27,28,32,38,47,49],"ascension_level":2}}