{"host":"x7u3amoxy3d4heu5","time":1613171629,"event":{"mods":["BaseMod","Colored Map","DeckTracker","Hermit","Hubris","Infinite Spire","Marisa????????","Minty Spire (QoL Compilation)","Quick Restart","Replay The Spire","StSLib","The Cursed","The IronCluck","The Jungle","The Servant 0.9.4","The Wild Card","Unceasing Turn Reminder","slay the spire mod where everything is the same but ironclad has a cowboy hat"],"gold_per_floor":[111,160,160,175,175,175,201,219,219,219,239,168,168,178,178,281,281,293,306,306,306,246,246,9,9,88,88,88,88,114,141,153,179,191,298,310,361,373,121,141,191,238,238,238],"floor_reached":43,"language":"ENG","playtime":2971,"items_purged":[],"score":762,"play_id":"65c26c7d-0b94-4135-b4b5-6adf66c20a6d","local_time":"20210212161349","is_ascension_mode":true,"campfire_choices":[{"data":"ConjureBlade","floor":6,"key":"SMITH"},{"data":"Eruption","floor":10,"key":"SMITH"},{"floor":13,"key":"REST"},{"data":"MasterReality","floor":15,"key":"SMITH"},{"data":"Perseverance","floor":23,"key":"SMITH"},{"data":"Apotheosis","floor":25,"key":"SMITH"},{"floor":34,"key":"REST"}],"circlet_count":0,"master_deck":["Defend_P","Defend_P","Defend_P","Defend_P","Eruption+1","Vigilance","ConjureBlade+1","Prostrate","WreathOfFlame","JustLucky","Pot Of Greed","Pot Of Greed","Consecrate","MasterReality+1","Perseverance+1","CutThroughFate","SpiritShield","Wireheading","Conclude+1","Bite","Bite","Bite","Bite","Bite","Pot Of Greed","Nirvana","Apotheosis+1","Nirvana","Replay:Fractal Strike","infinitespire:Menacing","Replay:ManipulateFuture","Crescendo+1","Evaluate","DeusExMachina","Pot Of Greed","Consecrate+1","ClearTheMind","ClearTheMind","MentalFortress","FlyingSleeves+1","Replay:Cycle","FlyingSleeves+1"],"relics":["PureWater","hubris:Icosahedron","Grinning Jar","infinitespire:Broken Mirror","Philosopher\u0027s Stone","hubris:Metronome","ReplayTheSpireMod:Lightbulb","MawBank","hubris:MysteriousPyramids","infinitespire:EvilPickle","Replay:Fungal Core","Anchor","Damaru","Torii","infinitespire:FocusingShard"],"acts_visited":["Exordium","TheCity","TheBeyond"],"potions_floor_usage":[7,7,16,35,35,35],"damage_taken":[{"damage":9,"enemies":"Jaw Worm","floor":1,"turns":3},{"damage":6,"enemies":"2 Louse","floor":4,"turns":3},{"damage":10,"enemies":"Gremlin Nob","floor":7,"turns":3},{"damage":3,"enemies":"Small Slimes","floor":8,"turns":4},{"damage":0,"enemies":"Looter","floor":11,"turns":3},{"damage":1,"enemies":"Red Slaver","floor":14,"turns":4},{"damage":36,"enemies":"The Guardian","floor":16,"turns":8},{"damage":16,"enemies":"Spheric Guardian","floor":18,"turns":4},{"damage":7,"enemies":"Shell Parasite","floor":19,"turns":4},{"damage":1,"enemies":"Book of Stabbing","floor":30,"turns":5},{"damage":14,"enemies":"Centurion and Healer","floor":31,"turns":5},{"damage":38,"enemies":"Snecko","floor":33,"turns":5},{"damage":38,"enemies":"Pondfish","floor":35,"turns":9},{"damage":22,"enemies":"Orb Walker","floor":37,"turns":5},{"damage":31,"enemies":"3 Darklings","floor":40,"turns":6},{"damage":14,"enemies":"Mind Bloom Boss Battle","floor":41,"turns":5},{"damage":27,"enemies":"Giant Head","floor":42,"turns":6},{"damage":11,"enemies":"4 Shapes","floor":43,"turns":1}],"seed_played":"-7640928706712825782","potions_obtained":[{"floor":2,"key":"FearPotion"},{"floor":2,"key":"SneckoOil"},{"floor":2,"key":"Energy Potion"},{"floor":7,"key":"Fruit Juice"},{"floor":8,"key":"Swift Potion"},{"floor":11,"key":"Adrenaline Potion"},{"floor":16,"key":"SkillPotion"},{"floor":41,"key":"Milkshake"},{"floor":42,"key":"EntropicBrew"}],"is_trial":false,"path_per_floor":["M","?","?","M","?","R","E","M","T","R","M","$","R","M","R_BF","B",null,"M","M","?","?","?","R","$","R","T","PTL","PTL","AVR","E","M","?","M","R","B",null,"M","?","$","M","?","E","M"],"character_chosen":"WATCHER","items_purchased":["Perseverance","Apotheosis","Nirvana","ClearTheMind","MentalFortress","Damaru"],"campfire_rested":2,"item_purchase_floors":[12,24,24,39,39,39],"current_hp_per_floor":[63,45,45,39,39,39,34,31,31,31,31,31,54,53,53,17,77,61,54,53,53,53,53,53,53,53,53,53,53,52,46,46,12,27,8,53,42,42,42,24,20,6,0,0],"gold":238,"neow_bonus":"ONE_RANDOM_RARE_CARD","is_daily":false,"chose_seed":false,"campfire_upgraded":5,"win_rate":0.0,"timestamp":1613171629,"path_taken":["M","?","?","M","?","R","E","M","T","R","?","$","R","M","R_BF","BOSS","M","M","?","?","?","R","?","R","T","PTL","PTL","AVR","E","M","?","M","R","BOSS","M","?","?","M","?","E","M"],"items_purchased_type":["Card","Card","Card","Card","Card","Relic"],"build_version":"2020-12-22","purchased_purges":0,"victory":false,"max_hp_per_floor":[72,72,72,72,72,72,77,77,77,77,77,77,77,77,77,77,77,77,77,53,53,53,53,53,53,53,53,53,53,53,53,53,53,53,53,53,53,53,53,53,53,53,53,53],"card_choices":[{"not_picked":["Replay:Vibes","Replay:BluntJabs"],"picked":"Prostrate","floor":1},{"not_picked":["FlurryOfBlows","PathToVictory"],"picked":"WreathOfFlame","floor":2},{"not_picked":["Replay:AtTheReady","Adaptation"],"picked":"JustLucky","floor":4},{"not_picked":["WheelKick","WindmillStrike"],"picked":"Consecrate","floor":7},{"not_picked":["EmptyFist","Protect"],"picked":"ThirdEye","floor":8},{"not_picked":["Prostrate","Replay:Vibes"],"picked":"MasterReality","floor":11},{"not_picked":["SignatureMove","Swivel"],"picked":"CutThroughFate","floor":14},{"not_picked":["Judgement","Replay:AllIn"],"picked":"SpiritShield","floor":16},{"not_picked":["FlurryOfBlows","Replay:Anticipation+1"],"picked":"Wireheading","floor":18},{"not_picked":["CrushJoints+1","JustLucky"],"picked":"Conclude+1","floor":19},{"not_picked":["WheelKick+1","Replay:AtTheReady"],"picked":"Replay:ManipulateFuture","floor":30},{"not_picked":["WindmillStrike","BowlingBash"],"picked":"Crescendo+1","floor":31},{"not_picked":["EmptyBody+1","Replay:BluntJabs"],"picked":"Evaluate","floor":33},{"not_picked":["ConjureBlade","Vault"],"picked":"DeusExMachina","floor":35},{"not_picked":["DeceiveReality","SignatureMove"],"picked":"Consecrate+1","floor":37},{"not_picked":["BattleHymn","WaveOfTheHand+1"],"picked":"FlyingSleeves+1","floor":40},{"not_picked":["InnerPeace+1","ReachHeaven+1"],"picked":"Replay:Cycle","floor":41},{"not_picked":["BowlingBash+1","SandsOfTime"],"picked":"FlyingSleeves+1","floor":42}],"player_experience":623634,"relics_obtained":[{"floor":7,"key":"Grinning Jar"},{"floor":9,"key":"infinitespire:Broken Mirror"},{"floor":26,"key":"hubris:Metronome"},{"floor":30,"key":"MawBank"},{"floor":41,"key":"Torii"},{"floor":42,"key":"infinitespire:FocusingShard"}],"event_choices":[{"damage_healed":0,"gold_gain":0,"player_choice":"Bought 0 Potions","damage_taken":0,"max_hp_gain":0,"max_hp_loss":0,"event_name":"The Woman in Blue","floor":5,"gold_loss":0},{"damage_healed":0,"gold_gain":0,"player_choice":"Became a vampire","damage_taken":0,"max_hp_gain":0,"max_hp_loss":24,"event_name":"Vampires","floor":20,"gold_loss":0,"cards_obtained":["Bite","Bite","Bite","Bite","Bite"]},{"cards_removed":["ThirdEye"],"damage_healed":0,"gold_gain":0,"player_choice":"Gave Card","damage_taken":0,"relics_obtained":["Anchor"],"max_hp_gain":0,"max_hp_loss":0,"event_name":"WeMeetAgain","floor":38,"gold_loss":0},{"damage_healed":0,"gold_gain":0,"player_choice":"Fight","damage_taken":0,"max_hp_gain":0,"max_hp_loss":0,"event_name":"MindBloom","floor":41,"gold_loss":0}],"is_beta":false,"boss_relics":[{"not_picked":["Replay:Ancient Bell","hubris:Backtick"],"picked":"Philosopher\u0027s Stone"},{"not_picked":["hubris:TerracottaHorce","Astrolabe"],"picked":"Replay:Fungal Core"}],"items_purged_floors":[],"is_endless":false,"potions_floor_spawned":[7,8,11,16,19,41,42],"killed_by":"4 Shapes","ascension_level":3}}