{"host":"bakf0s4odzu8z5xt","time":1613115332,"event":{"mods":["2.2 Compatiblity","BaseMod","Downfall","Friendly Minions","Minty Spire (QoL Compilation)","StSLib"],"gold_per_floor":[99,116,128,228,241,270,296,446,446,481,495,395,395,395,405,505,505,505,520,520,520,532,564,564,300,312,345,136,36,54,85,98,197,197,197,208,220,220,220,245,269,269,113,113,13,41,41,59,70,70,70,101,1,1,1,1],"floor_reached":57,"language":"ENG","playtime":5086,"items_purged":["bronze:Replicate","expansioncontent:Chronoboost"],"score":1407,"play_id":"be515e4c-2edf-44e2-8f5d-a3429b4aa0c3","local_time":"20210212013532","is_ascension_mode":true,"campfire_choices":[{"data":"bronze:DelayedSlice","floor":1,"key":"SMITH"},{"data":"bronze:Boost","floor":9,"key":"SMITH"},{"data":"bronze:InfiniteLoop","floor":12,"key":"SMITH"},{"floor":18,"key":"RECALL"},{"data":"bronze:Return","floor":29,"key":"SMITH"},{"data":"bronze:Goto","floor":35,"key":"SMITH"},{"data":"downfall:Aged","floor":45,"key":"PURGE"},{"data":"bronze:BitShift","floor":47,"key":"SMITH"},{"floor":54,"key":"REST"}],"circlet_count":0,"master_deck":["bronze:Defend","bronze:Defend","bronze:Defend","bronze:Defend+1","bronze:Goto+1","bronze:DelayedSlice+1","bronze:CutThrough","bronze:Branch","bronze:Boost+1","bronze:Shell","bronze:InfiniteLoop+1","bronze:Iterate","bronze:Virus+1","bronze:DelayedGuard+1","Slimebound:Tackle+1","Slimebound:Tackle+1","Slimebound:Tackle+1","bronze:FollowUp+1","bronze:FindAndReplace","bronze:InfiniteBeams+1","bronze:BitShift+1","bronze:Shield+1","bronze:Return+1","bronze:Turbo+1","bronze:Fortify","bronze:Boost+1","bronze:BuggyMess+1","bronze:BugBarrage+1","bronze:DigitalCarnage+1","bronze:ForLoop+1","bronze:FineTuning+1","bronze:Frontload+1"],"relics":["bronze:BronzeCore","Bronze Scales","Nunchaku","downfall:HeartBlessingGreen","downfall:ShatteredFragment","SlaversCollar","bronze:ProtectiveGoggles","hexamod:CandleOfCauterizing","Incense Burner","Peace Pipe","champ:Barbells","downfall:HeartBlessingRed","Art of War","Cursed Key","Strawberry","Lantern","bronze:BottledCode","downfall:HeartBlessingBlue","Pen Nib","Centennial Puzzle"],"acts_visited":["Exordium","TheCity","TheBeyond","TheEnding"],"potions_floor_usage":[6,19,26,27,27,31,32,50,52,56,56],"damage_taken":[{"damage":1,"enemies":"Jaw Worm","floor":2,"turns":2},{"damage":2,"enemies":"Small Slimes","floor":3,"turns":2},{"damage":0,"enemies":"Cultist","floor":5,"turns":2},{"damage":11,"enemies":"3 Sentries","floor":6,"turns":5},{"damage":13,"enemies":"Gremlin Nob","floor":10,"turns":4},{"damage":0,"enemies":"3 Louse","floor":11,"turns":2},{"damage":0,"enemies":"Blue Slaver","floor":15,"turns":2},{"damage":7,"enemies":"IC_STATUS_ARCHETYPE","floor":16,"turns":5},{"damage":0,"enemies":"Spheric Guardian","floor":19,"turns":3},{"damage":24,"enemies":"Snake Plant","floor":22,"turns":4},{"damage":0,"enemies":"Gremlin Leader","floor":23,"turns":4},{"damage":0,"enemies":"downfall:FleeingMerchant","floor":25,"turns":4},{"damage":0,"enemies":"Chosen and Byrds","floor":26,"turns":4},{"damage":0,"enemies":"Slavers","floor":27,"turns":3},{"damage":0,"enemies":"downfall:FleeingMerchant","floor":28,"turns":3},{"damage":0,"enemies":"Snecko","floor":30,"turns":3},{"damage":0,"enemies":"Book of Stabbing","floor":31,"turns":3},{"damage":20,"enemies":"Snake Plant","floor":32,"turns":3},{"damage":6,"enemies":"DF_ARCHETYPE_CLAW","floor":33,"turns":5},{"damage":0,"enemies":"3 Darklings","floor":36,"turns":3},{"damage":0,"enemies":"Orb Walker","floor":37,"turns":3},{"damage":0,"enemies":"Giant Head","floor":40,"turns":6},{"damage":0,"enemies":"Nemesis","floor":46,"turns":3},{"damage":0,"enemies":"Transient","floor":48,"turns":5},{"damage":8,"enemies":"Jaw Worm Horde","floor":49,"turns":3},{"damage":43,"enemies":"WA_ARCHETYPE_DIVINITY","floor":50,"turns":7},{"damage":67,"enemies":"downfall:CharBossMerchant","floor":52,"turns":6},{"damage":26,"enemies":"downfall:NeowBoss","floor":55,"turns":11},{"damage":3,"enemies":"downfall:NeowBossFinal","floor":56,"turns":8}],"seed_played":"-497280242998941102","potions_obtained":[{"floor":2,"key":"CultistPotion"},{"floor":3,"key":"BlessingOfTheForge"},{"floor":10,"key":"SpeedPotion"},{"floor":22,"key":"bronze:FreeFunctionsPotion"},{"floor":26,"key":"Block Potion"},{"floor":27,"key":"SneckoOil"},{"floor":30,"key":"CultistPotion"},{"floor":31,"key":"ColorlessPotion"},{"floor":37,"key":"BlessingOfTheForge"},{"floor":48,"key":"Energy Potion"},{"floor":52,"key":"Dexterity Potion"}],"is_trial":false,"path_per_floor":["R","M","M","?","M","E","T","?","R","E","M","R","?","?","M","B",null,"R","M","?","?","M","E","T","$","M","E","$","R","M","E","M","B",null,"R","M","M","?","?","E","T","?","$","?","R","E","R","M","M","B",null,"E","$","R","B","B",null],"character_chosen":"THE_AUTOMATON","items_purchased":["bronze:InfiniteBeams","bronze:BitShift","Ancient Potion","bronze:Fortify","Peace Pipe","champ:Barbells","Lantern"],"campfire_rested":1,"item_purchase_floors":[25,25,25,28,28,28,43],"current_hp_per_floor":[70,69,67,67,67,56,56,56,56,43,43,43,22,22,22,15,70,70,70,70,70,46,46,46,46,46,46,46,46,46,46,26,20,70,70,70,70,70,70,77,77,77,77,67,77,77,77,77,69,26,77,10,10,33,7,4],"gold":1,"neow_bonus":"THREE_CARDS","is_daily":false,"chose_seed":false,"campfire_upgraded":6,"win_rate":0.0,"timestamp":1613115332,"path_taken":["R","M","M","?","M","E","T","?","R","E","?","R","?","?","M","BOSS","R","M","?","?","M","E","T","$","M","E","$","R","M","E","M","BOSS","R","M","M","?","?","E","T","?","$","?","R","E","R","M","M","BOSS","E","$","R","BOSS","BOSS"],"items_purchased_type":["Card","Card","Potion","Card","Relic","Relic","Relic"],"build_version":"2020-12-22","purchased_purges":2,"victory":true,"max_hp_per_floor":[70,70,70,70,70,70,70,70,70,70,70,70,70,70,70,70,70,70,70,70,70,70,70,70,70,70,70,70,70,70,70,70,70,70,70,70,70,70,70,77,77,77,77,67,77,77,77,77,77,77,77,77,77,77,77,77],"card_choices":[{"not_picked":["bronze:WildBeam","bronze:BitShift"],"picked":"bronze:DelayedSlice","floor":0},{"not_picked":["bronze:ItsAFeature","bronze:GetLatest"],"picked":"bronze:CutThrough","floor":2},{"not_picked":["bronze:BitShift","bronze:WildBeam"],"picked":"bronze:Branch","floor":3},{"not_picked":["bronze:Shield","bronze:Deprecate","bronze:BitShift"],"picked":"SKIP","floor":5},{"not_picked":["bronze:ForLoop","bronze:BronzeArmor"],"picked":"bronze:Boost","floor":6},{"not_picked":["bronze:Overheat","bronze:WhirlingStrike"],"picked":"bronze:Shell","floor":10},{"not_picked":["bronze:FollowUp","bronze:Repair"],"picked":"bronze:InfiniteLoop","floor":11},{"not_picked":["bronze:CutThrough","bronze:Separator"],"picked":"bronze:Iterate","floor":15},{"not_picked":["bronze:ShipIt","bronze:Verify"],"picked":"bronze:Virus","floor":16},{"not_picked":["bronze:WhirlingStrike","bronze:Repair"],"picked":"bronze:DelayedGuard+1","floor":19},{"not_picked":["bronze:Backtrace+1","bronze:BitShift"],"picked":"bronze:FollowUp","floor":22},{"not_picked":["bronze:Frontload","bronze:GetLatest+1"],"picked":"bronze:FindAndReplace","floor":23},{"not_picked":["bronze:ForLoop","bronze:Frontload+1"],"picked":"bronze:ClassDefault+1","floor":25},{"not_picked":["bronze:ItsAFeature+1","bronze:BugBarrage+1"],"picked":"bronze:Shield+1","floor":26},{"not_picked":["bronze:Shield","bronze:Separator"],"picked":"bronze:Return","floor":27},{"not_picked":["bronze:Shield+1","bronze:Format"],"picked":"bronze:Turbo+1","floor":28},{"not_picked":["bronze:Flail+1","bronze:Overheat+1","bronze:Constructor"],"picked":"SKIP","floor":30},{"not_picked":["bronze:BronzeArmor","bronze:Backtrace","bronze:Frontload"],"picked":"SKIP","floor":31},{"not_picked":["bronze:DelayedSlice","bronze:WildBeam+1"],"picked":"bronze:Boost","floor":32},{"not_picked":["bronze:Invalidate+1","bronze:ClassDefault+1"],"picked":"bronze:BuggyMess+1","floor":36},{"not_picked":["bronze:DigitalCarnage","bronze:DelayedSlice+1"],"picked":"bronze:BugBarrage+1","floor":37},{"not_picked":["expansioncontent:YouAreMine","expansioncontent:Hexaburn"],"picked":"expansioncontent:Chronoboost","floor":39},{"not_picked":["bronze:Backtrace+1","bronze:ChosenStrike+1"],"picked":"bronze:DigitalCarnage+1","floor":40},{"not_picked":["bronze:Invalidate","bronze:Overheat"],"picked":"bronze:ForLoop+1","floor":46},{"not_picked":["bronze:Frontload","bronze:BronzeArmor+1","bronze:FineTuning"],"picked":"SKIP","floor":48},{"not_picked":["bronze:AlphaBuild","bronze:Repair+1"],"picked":"bronze:FineTuning+1","floor":49},{"not_picked":["bronze:Deprecate+1","bronze:DelayedGuard"],"picked":"bronze:Frontload+1","floor":52}],"player_experience":2148805,"relics_obtained":[{"floor":6,"key":"Blood Vial"},{"floor":7,"key":"Bronze Scales"},{"floor":10,"key":"Nunchaku"},{"floor":23,"key":"bronze:ProtectiveGoggles"},{"floor":24,"key":"hexamod:CandleOfCauterizing"},{"floor":27,"key":"Incense Burner"},{"floor":31,"key":"Art of War"},{"floor":40,"key":"Strawberry"},{"floor":46,"key":"Pen Nib"},{"floor":52,"key":"Centennial Puzzle"}],"event_choices":[{"damage_healed":0,"gold_gain":0,"player_choice":"Ignored","damage_taken":0,"max_hp_gain":0,"max_hp_loss":0,"event_name":"Vampires","floor":21,"gold_loss":0},{"cards_removed":["bronze:ClassDefault"],"damage_healed":0,"gold_gain":0,"player_choice":"Removed Power","damage_taken":0,"max_hp_gain":0,"max_hp_loss":0,"event_name":"Falling","floor":42,"gold_loss":0}],"is_beta":false,"boss_relics":[{"not_picked":["SacredBark","bronze:MakeshiftBattery"],"picked":"SlaversCollar"},{"not_picked":["bronze:PlatinumCore","bronze:ElectromagneticCoil"],"picked":"Cursed Key"}],"items_purged_floors":[25,53],"is_endless":false,"potions_floor_spawned":[2,3,10,22,26,27,30,31,37,48,52],"ascension_level":1}}