{"host":"kg61lsvem4dxoat8","time":1613138232,"event":{"mods":["AchievementEnabler","BaseMod","Better Altar","Better Match","Better Sensory Stone","Better Skull","Block Reminder","Highlight Path","Minty Spire (QoL Compilation)","Quick Restart","Rare Cards Sparkle","Relic Sorter","Relic Stats","StSLib","Synergy Search","slay the spire mod where everything is the same but ironclad has a cowboy hat"],"gold_per_floor":[116,131,143,159,84,84,111,111,184,184,28,42,59,86,86,190,190,204,104,116,31,31,31,5,5,32,44,68,95,122,0,12,24,24],"floor_reached":33,"language":"ENG","playtime":1250,"items_purged":["Strike_P","Strike_P"],"score":334,"play_id":"a6c4f9b8-0f16-4548-985f-83f92afd8b6d","local_time":"20210212215712","is_ascension_mode":true,"campfire_choices":[{"data":"Eruption","floor":6.0,"key":"SMITH"},{"data":"BowlingBash","floor":8.0,"key":"SMITH"},{"data":"Wallop","floor":15.0,"key":"SMITH"},{"floor":23.0,"key":"REST"},{"data":"TalkToTheHand","floor":25.0,"key":"SMITH"},{"data":"FlurryOfBlows","floor":27.0,"key":"SMITH"},{"floor":32.0,"key":"REST"}],"circlet_count":0,"master_deck":["Strike_P","Strike_P","Defend_P","Defend_P","Defend_P","Defend_P","Eruption+1","Vigilance","BowlingBash+1","Sanctity","EmptyFist+1","FlurryOfBlows+1","EmptyFist","TalkToTheHand+1","TalkToTheHand","Wallop+1","Halt+1","DevaForm","Halt+1","Fasting2","FlurryOfBlows","ClearTheMind+1","EmptyBody+1"],"relics":["PureWater","Oddly Smooth Stone","Unceasing Top","Toxic Egg 2","Orrery","Blood Vial","SacredBark","WingedGreaves","Bronze Scales","MawBank"],"acts_visited":["Exordium","TheCity"],"potions_floor_usage":[],"damage_taken":[{"damage":1.0,"enemies":"Cultist","floor":1.0,"turns":4.0},{"damage":1.0,"enemies":"Small Slimes","floor":2.0,"turns":4.0},{"damage":0.0,"enemies":"2 Louse","floor":3.0,"turns":1.0},{"damage":3.0,"enemies":"Exordium Thugs","floor":4.0,"turns":4.0},{"damage":8.0,"enemies":"3 Sentries","floor":7.0,"turns":7.0},{"damage":0.0,"enemies":"Exordium Wildlife","floor":12.0,"turns":3.0},{"damage":0.0,"enemies":"Blue Slaver","floor":13.0,"turns":2.0},{"damage":16.0,"enemies":"Gremlin Nob","floor":14.0,"turns":5.0},{"damage":40.0,"enemies":"Slime Boss","floor":16.0,"turns":13.0},{"damage":19.0,"enemies":"Shell Parasite","floor":18.0,"turns":4.0},{"damage":11.0,"enemies":"Spheric Guardian","floor":20.0,"turns":3.0},{"damage":20.0,"enemies":"Snake Plant","floor":28.0,"turns":3.0},{"damage":35.0,"enemies":"Sentry and Sphere","floor":29.0,"turns":5.0},{"damage":10.0,"enemies":"Shelled Parasite and Fungi","floor":30.0,"turns":3.0},{"damage":39,"enemies":"Collector","floor":33,"turns":6}],"seed_played":"1000123541159018902","potions_obtained":[{"floor":1.0,"key":"Energy Potion"},{"floor":4.0,"key":"Fruit Juice"},{"floor":7.0,"key":"Fruit Juice"},{"floor":16.0,"key":"BlessingOfTheForge"},{"floor":20.0,"key":"AttackPotion"},{"floor":28.0,"key":"LiquidMemories"},{"floor":29.0,"key":"Explosive Potion"}],"is_trial":false,"path_per_floor":["M","M","M","M","$","R","E","R","T","?","$","M","M","E","R","B",null,"M","$","M","?","T","R","$","R","T","R","M","M","M","?","R","B"],"character_chosen":"WATCHER","items_purchased":["Orrery","FlurryOfBlows"],"campfire_rested":2,"item_purchase_floors":[11,24],"current_hp_per_floor":[64,63,63,65,65,65,62,62,62,62,62,62,62,46,46,8,64,47,47,38,38,38,62,62,62,62,62,44,11,3,3,27,0,0],"gold":24,"neow_bonus":"RANDOM_COMMON_RELIC","is_daily":false,"chose_seed":false,"campfire_upgraded":5,"win_rate":0.0,"timestamp":1613138232,"path_taken":["M","?","?","M","$","R","E","R","T","?","?","?","M","E","R","BOSS","M","$","M","?","?","R","?","R","T","R","?","M","M","?","R","BOSS"],"items_purchased_type":["Relic","Card"],"build_version":"2020-12-22","purchased_purges":2,"victory":false,"max_hp_per_floor":[72,72,72,77,77,77,82,82,82,82,82,82,82,82,82,82,82,82,82,82,82,82,82,82,82,82,82,82,82,82,82,82,82,82],"relic_stats":{"Blood Vial":14,"counters":[15,67],"Bronze Scales":[46],"MawBank":84,"obtain_stats":[{"Blood Vial":14,"SacredBark":17,"Bronze Scales":22,"Oddly Smooth Stone":0,"Orrery":11,"WingedGreaves":21,"PureWater":0,"Toxic Egg 2":9,"MawBank":26,"Unceasing Top":7},{"Blood Vial":8,"SacredBark":9,"Bronze Scales":11,"Oddly Smooth Stone":0,"Orrery":5,"WingedGreaves":11,"PureWater":0,"Toxic Egg 2":5,"MawBank":11,"Unceasing Top":5},{"Blood Vial":30,"SacredBark":43,"Bronze Scales":50,"Oddly Smooth Stone":0,"Orrery":20,"WingedGreaves":50,"PureWater":0,"Toxic Egg 2":20,"MawBank":50,"Unceasing Top":20}],"Unceasing Top":[6]},"card_choices":[{"not_picked":["CutThroughFate","Collect"],"picked":"BowlingBash","floor":1.0},{"not_picked":["SandsOfTime","Worship"],"picked":"Sanctity","floor":2.0},{"not_picked":["Weave","MentalFortress"],"picked":"EmptyFist","floor":3.0},{"not_picked":["Consecrate","LikeWater"],"picked":"FlurryOfBlows","floor":4.0},{"not_picked":["CutThroughFate","Prostrate"],"picked":"EmptyFist","floor":7.0},{"not_picked":["Sanctity+1","Meditate+1"],"picked":"TalkToTheHand","floor":11.0},{"not_picked":["EmptyBody+1","Evaluate+1"],"picked":"TalkToTheHand","floor":11.0},{"not_picked":["ClearTheMind+1","Conclude"],"picked":"Wallop","floor":11.0},{"not_picked":["JustLucky","ConjureBlade+1"],"picked":"Halt+1","floor":11.0},{"not_picked":["SashWhip","Evaluate+1","FlyingSleeves"],"picked":"SKIP","floor":12.0},{"not_picked":["ThirdEye+1","EmptyFist","Meditate+1"],"picked":"SKIP","floor":13.0},{"not_picked":["WreathOfFlame+1","EmptyMind+1","SashWhip"],"picked":"SKIP","floor":14.0},{"not_picked":["Establishment","Ragnarok"],"picked":"DevaForm","floor":16.0},{"not_picked":["Vengeance+1","Consecrate"],"picked":"Halt+1","floor":18.0},{"not_picked":["FlyingSleeves","CutThroughFate"],"picked":"Fasting2","floor":20.0},{"not_picked":["Nirvana+1","SignatureMove","SandsOfTime"],"picked":"SKIP","floor":28.0},{"not_picked":["CrushJoints","Conclude"],"picked":"ClearTheMind+1","floor":29.0},{"not_picked":["Vault+1","Crescendo+1"],"picked":"EmptyBody+1","floor":30.0}],"player_experience":1523413,"relics_obtained":[{"floor":7.0,"key":"Unceasing Top"},{"floor":9.0,"key":"Toxic Egg 2"},{"floor":14.0,"key":"Blood Vial"},{"floor":22.0,"key":"Bronze Scales"},{"floor":26.0,"key":"MawBank"}],"event_choices":[{"damage_healed":0.0,"max_hp_gain":0.0,"max_hp_loss":0.0,"gold_gain":0.0,"event_name":"Upgrade Shrine","player_choice":"Upgraded","floor":10.0,"gold_loss":0.0,"damage_taken":0.0,"cards_upgraded":["EmptyFist"]},{"damage_healed":0.0,"max_hp_gain":0.0,"max_hp_loss":0.0,"gold_gain":0.0,"event_name":"Addict","player_choice":"Obtained Relic","floor":21.0,"gold_loss":85.0,"damage_taken":0.0,"relics_obtained":["WingedGreaves"]},{"damage_healed":0.0,"max_hp_gain":0.0,"max_hp_loss":0.0,"gold_gain":0.0,"event_name":"Masked Bandits","player_choice":"Paid Fearfully","floor":31.0,"gold_loss":134.0,"damage_taken":0.0}],"is_beta":false,"boss_relics":[{"not_picked":["SlaversCollar","Pandora\u0027s Box"],"picked":"SacredBark"}],"items_purged_floors":[5,19],"is_endless":false,"potions_floor_spawned":[1,4,7,16,20,28,29],"killed_by":"Collector","ascension_level":6}}