{"host":"91blwi3hgehj6ch9","time":1613131856,"event":{"mods":["2.2 Compatiblity","AchievementEnabler","BaseMod","Colored Map","DeckTracker","Keyboard Shortcuts","Minty Spire (QoL Compilation)","Permanent Neow","Quick Restart","StSLib","SuperFastMode","everything is the same but u backflip on backflip"],"gold_per_floor":[119,137,147,164,181,212,227,227,308,308,308,160,160,193,193,295,295,308,58,91,91,108,108,108],"floor_reached":23,"language":"KOR","playtime":727,"items_purged":["Strike_R","Strike_R"],"score":328,"play_id":"5ba22619-ccb3-4cf6-b5ff-e02f90bcd6cc","local_time":"20210212211056","is_ascension_mode":true,"campfire_choices":[{"data":"Limit Break","floor":8.0,"key":"SMITH"},{"data":"Inflame","floor":13,"key":"SMITH"},{"data":"Spot Weakness","floor":15,"key":"SMITH"}],"circlet_count":0,"master_deck":["Strike_R","Strike_R","Defend_R","Defend_R","Defend_R","Defend_R","Bash","Limit Break+1","Twin Strike","Shrug It Off","Hemokinesis","Shrug It Off","Impervious","Flex","Inflame+1","Spot Weakness+1","Feed","Disarm","Reaper","Burning Pact+1"],"relics":["Burning Blood","Nunchaku","Eternal Feather","Omamori","Runic Pyramid","Red Mask"],"acts_visited":["Exordium","TheCity"],"potions_floor_usage":[16,16,23],"damage_taken":[{"damage":6.0,"enemies":"Cultist","floor":1.0,"turns":3.0},{"damage":12.0,"enemies":"Jaw Worm","floor":2.0,"turns":3.0},{"damage":5.0,"enemies":"2 Louse","floor":3.0,"turns":4.0},{"damage":31.0,"enemies":"Exordium Wildlife","floor":4.0,"turns":7.0},{"damage":6.0,"enemies":"Looter","floor":5.0,"turns":3.0},{"damage":18.0,"enemies":"Gremlin Nob","floor":6.0,"turns":3.0},{"damage":8.0,"enemies":"Blue Slaver","floor":7.0,"turns":4.0},{"damage":2,"enemies":"Lagavulin","floor":14,"turns":5},{"damage":50,"enemies":"Hexaghost","floor":16,"turns":10},{"damage":10,"enemies":"Shell Parasite","floor":18,"turns":5},{"damage":104,"enemies":"Masked Bandits","floor":20,"turns":6},{"damage":6,"enemies":"Spheric Guardian","floor":22,"turns":4},{"damage":14,"enemies":"Book of Stabbing","floor":23,"turns":4}],"seed_played":"-757847817469167643","potions_obtained":[{"floor":1.0,"key":"DuplicationPotion"},{"floor":3.0,"key":"SneckoOil"},{"floor":6.0,"key":"Energy Potion"},{"floor":7.0,"key":"Fruit Juice"},{"floor":18,"key":"LiquidMemories"}],"is_trial":false,"path_per_floor":["M","M","M","M","M","E","M","R","T","?","?","$","R","E","R","B",null,"M","$","?","?","M","E"],"character_chosen":"IRONCLAD","items_purchased":["Spot Weakness","Reaper"],"campfire_rested":0,"item_purchase_floors":[12,19],"current_hp_per_floor":[72,66,67,42,42,30,28,28,28,28,28,28,37,41,50,11,67,66,66,10,10,13,0,0],"gold":108,"neow_bonus":"ONE_RANDOM_RARE_CARD","is_daily":false,"chose_seed":false,"campfire_upgraded":3,"win_rate":0.0,"timestamp":1613131856,"path_taken":["M","M","?","M","M","E","M","R","T","?","?","$","R","E","R","BOSS","M","$","?","?","?","E"],"items_purchased_type":["Card","Card"],"build_version":"2020-12-22","purchased_purges":2,"victory":false,"max_hp_per_floor":[80,80,80,80,80,80,80,80,80,80,80,80,80,80,80,85,85,88,88,91,91,94,94,94],"card_choices":[{"not_picked":["Hemokinesis","Reckless Charge"],"picked":"Twin Strike","floor":1.0},{"not_picked":["Evolve","Anger"],"picked":"Shrug It Off","floor":2.0},{"not_picked":["Twin Strike","Cleave"],"picked":"Hemokinesis","floor":3.0},{"not_picked":["Perfected Strike","Headbutt"],"picked":"Shrug It Off","floor":4.0},{"not_picked":["Ghostly Armor","Shrug It Off"],"picked":"Impervious","floor":5.0},{"not_picked":["Iron Wave","Armaments"],"picked":"Flex","floor":6.0},{"not_picked":["Wild Strike","Warcry"],"picked":"Inflame","floor":7.0},{"not_picked":["Shrug It Off","Anger","Exhume"],"picked":"SKIP","floor":14},{"not_picked":["Corruption","Brutality"],"picked":"Feed","floor":16},{"not_picked":["Sword Boomerang+1","Spot Weakness"],"picked":"Disarm","floor":18},{"not_picked":["Twin Strike","Cleave+1"],"picked":"Burning Pact+1","floor":20},{"not_picked":["Havoc","Perfected Strike","Warcry"],"picked":"SKIP","floor":22}],"player_experience":227006,"relics_obtained":[{"floor":6.0,"key":"Nunchaku"},{"floor":9.0,"key":"Eternal Feather"},{"floor":14,"key":"Omamori"},{"floor":20,"key":"Red Mask"}],"event_choices":[{"cards_removed":["Strike_R"],"damage_healed":0.0,"max_hp_gain":0.0,"max_hp_loss":0.0,"gold_gain":0.0,"event_name":"Living Wall","player_choice":"Forget","floor":10.0,"gold_loss":0.0,"damage_taken":0.0},{"damage_healed":0,"gold_gain":0,"player_choice":"Searched \u00270\u0027 times","damage_taken":0,"max_hp_gain":0,"max_hp_loss":0,"event_name":"Dead Adventurer","floor":11,"gold_loss":0},{"damage_healed":0,"gold_gain":0,"player_choice":"Fought Bandits","damage_taken":0,"max_hp_gain":0,"max_hp_loss":0,"event_name":"Masked Bandits","floor":20,"gold_loss":0},{"damage_healed":0,"gold_gain":0,"player_choice":"Smashed Altar","damage_taken":0,"max_hp_gain":0,"max_hp_loss":0,"event_name":"Forgotten Altar","floor":21,"gold_loss":0,"cards_obtained":["Decay"]}],"is_beta":false,"boss_relics":[{"not_picked":["Sozu","Velvet Choker"],"picked":"Runic Pyramid"}],"items_purged_floors":[12,19],"is_endless":false,"potions_floor_spawned":[1,3,6,7,18],"killed_by":"Book of Stabbing","ascension_level":9}}