{"host":"pj7egx7jkoz18hom","time":1613104870,"event":{"mods":["AchievementEnabler","BaseMod","Keyboard Shortcuts","Minty Spire (QoL Compilation)","SuperFastMode"],"gold_per_floor":[20,38,56,56,56,82,82,147,172,189,208,241,23,23,23,119,119,133,133,151,166,182,217,217,117,144,19,47,47,47,65,65,170,170,185,0,0,20,38,38,72,72,96,96,111,31,63,82,82,82,82],"floor_reached":50,"language":"KOR","playtime":1985,"items_purged":["Bash","Defend_R","Defend_R"],"score":625,"play_id":"cf9bd489-183d-4a58-a9f5-9594b0e260d8","local_time":"20210212134110","is_ascension_mode":false,"campfire_choices":[{"data":"Seeing Red","floor":7,"key":"SMITH"},{"data":"Flex","floor":15,"key":"SMITH"},{"data":"Heavy Blade","floor":24,"key":"SMITH"},{"data":"Armaments","floor":29,"key":"SMITH"},{"data":"Double Tap","floor":32,"key":"SMITH"},{"data":"Armaments","floor":40,"key":"SMITH"},{"data":"Heavy Blade","floor":42,"key":"SMITH"},{"data":"Limit Break","floor":44,"key":"SMITH"},{"data":"Bite","floor":49,"key":"SMITH"}],"circlet_count":0,"master_deck":["Defend_R","Twin Strike","Carnage","Shockwave","Seeing Red+1","Limit Break+1","Armaments+1","Flex+1","Armaments+1","Heavy Blade+1","Double Tap+1","Iron Wave+1","Bite","Bite","Bite+1","Inflame","True Grit+1","Heavy Blade+1","Limit Break+1","Pommel Strike+1","Spot Weakness"],"relics":["Burning Blood","Red Skull","Boot","Lantern","HornCleat","PreservedInsect","Coffee Dripper","Happy Flower","Dream Catcher","Kunai","Potion Belt","Empty Cage","Red Mask","StoneCalendar","Anchor","Blood Vial"],"acts_visited":["Exordium","TheCity","TheBeyond"],"potions_floor_usage":[8,12,16,16,31,33,41,47],"damage_taken":[{"damage":0,"enemies":"Small Slimes","floor":1,"turns":3},{"damage":6,"enemies":"Jaw Worm","floor":2,"turns":2},{"damage":3,"enemies":"2 Louse","floor":3,"turns":2},{"damage":24,"enemies":"Gremlin Nob","floor":6,"turns":4},{"damage":22,"enemies":"Lagavulin Event","floor":8,"turns":5},{"damage":7,"enemies":"Blue Slaver","floor":10,"turns":2},{"damage":2,"enemies":"Exordium Wildlife","floor":11,"turns":3},{"damage":0,"enemies":"Lagavulin","floor":12,"turns":4},{"damage":0,"enemies":"Slime Boss","floor":16,"turns":4},{"damage":0,"enemies":"Spheric Guardian","floor":18,"turns":3},{"damage":6,"enemies":"Shell Parasite","floor":20,"turns":4},{"damage":10,"enemies":"Centurion and Healer","floor":21,"turns":5},{"damage":11,"enemies":"Snecko","floor":22,"turns":4},{"damage":15,"enemies":"Slavers","floor":23,"turns":4},{"damage":13,"enemies":"Gremlin Leader","floor":28,"turns":3},{"damage":1,"enemies":"Snake Plant","floor":31,"turns":2},{"damage":14,"enemies":"Collector","floor":33,"turns":4},{"damage":7,"enemies":"Orb Walker","floor":35,"turns":3},{"damage":6,"enemies":"3 Shapes","floor":38,"turns":3},{"damage":55,"enemies":"Spire Growth","floor":39,"turns":5},{"damage":3,"enemies":"Nemesis","floor":41,"turns":3},{"damage":8,"enemies":"Maw","floor":45,"turns":5},{"damage":36,"enemies":"Reptomancer","floor":47,"turns":3},{"damage":4,"enemies":"Jaw Worm Horde","floor":48,"turns":3},{"damage":41,"enemies":"Time Eater","floor":50,"turns":6}],"seed_played":"1770284182356260448","potions_obtained":[{"floor":1,"key":"FairyPotion"},{"floor":3,"key":"Fire Potion"},{"floor":8,"key":"SteroidPotion"},{"floor":11,"key":"Swift Potion"},{"floor":12,"key":"SteroidPotion"},{"floor":21,"key":"Swift Potion"},{"floor":23,"key":"LiquidMemories"},{"floor":28,"key":"DistilledChaos"},{"floor":35,"key":"FearPotion"},{"floor":38,"key":"SmokeBomb"},{"floor":41,"key":"Swift Potion"},{"floor":47,"key":"Dexterity Potion"}],"is_trial":false,"path_per_floor":["M","M","M","$","?","E","R","?","T","M","M","E","$","?","R","B",null,"M","?","M","M","M","E","R","$","T","$","E","R","?","M","R","B",null,"M","?","?","M","M","R","E","R","T","R","M","$","E","M","R","B"],"character_chosen":"IRONCLAD","items_purchased":["PreservedInsect","Spot Weakness"],"campfire_rested":0,"item_purchase_floors":[13,46],"current_hp_per_floor":[80,80,80,80,73,55,55,39,39,38,42,48,48,48,48,54,80,80,56,56,56,55,51,51,51,51,51,52,52,52,56,56,54,56,56,56,56,56,10,10,19,19,19,19,30,30,22,28,28,0,0],"gold":82,"neow_bonus":"TRANSFORM_TWO_CARDS","is_daily":false,"chose_seed":false,"campfire_upgraded":9,"win_rate":0.0,"timestamp":1613104870,"path_taken":["M","M","M","$","?","E","R","?","T","M","M","E","$","?","R","BOSS","M","?","M","M","M","E","R","$","T","$","E","R","?","M","R","BOSS","M","?","?","M","M","R","E","R","T","R","M","?","E","M","R","BOSS"],"items_purchased_type":["Relic","Card"],"build_version":"2020-12-22","purchased_purges":3,"victory":false,"max_hp_per_floor":[80,80,80,80,80,80,80,80,80,80,80,80,80,80,80,80,80,80,56,56,56,56,56,56,56,56,56,56,56,56,56,56,56,56,56,56,56,56,56,56,56,56,56,56,56,56,56,56,56,56,56],"card_choices":[{"not_picked":["Searing Blow","Perfected Strike","Rupture"],"picked":"SKIP","floor":1},{"not_picked":["Armaments","Heavy Blade"],"picked":"Shockwave","floor":2},{"not_picked":["True Grit","Second Wind"],"picked":"Seeing Red","floor":3},{"not_picked":["Iron Wave","Disarm"],"picked":"Limit Break","floor":6},{"not_picked":["Warcry","Body Slam"],"picked":"Armaments","floor":8},{"not_picked":["Double Tap","Second Wind"],"picked":"Flex","floor":10},{"not_picked":["Anger","Bloodletting"],"picked":"Armaments","floor":11},{"not_picked":["Armaments","Sever Soul"],"picked":"Heavy Blade","floor":12},{"not_picked":["Corruption","Bludgeon"],"picked":"Double Tap","floor":16},{"not_picked":["Feel No Pain+1","Infernal Blade"],"picked":"Iron Wave+1","floor":18},{"not_picked":["Combust+1","Anger"],"picked":"Inflame","floor":20},{"not_picked":["Body Slam","Sever Soul"],"picked":"True Grit+1","floor":21},{"not_picked":["Clash","Thunderclap","Clothesline"],"picked":"SKIP","floor":22},{"not_picked":["Anger","Blood for Blood","True Grit+1"],"picked":"SKIP","floor":23},{"not_picked":["Anger","Clash","Twin Strike+1"],"picked":"SKIP","floor":28},{"not_picked":["Thunderclap","Pommel Strike"],"picked":"Heavy Blade","floor":31},{"not_picked":["Bludgeon","Double Tap"],"picked":"Limit Break","floor":33},{"not_picked":["Searing Blow+1","Dark Embrace+1"],"picked":"Pommel Strike+1","floor":35},{"not_picked":["Warcry+1","Dual Wield","Headbutt+1"],"picked":"SKIP","floor":38},{"not_picked":["Clash+1","Pommel Strike+1","Warcry"],"picked":"SKIP","floor":39},{"not_picked":["Rampage","Entrench","Sever Soul+1"],"picked":"SKIP","floor":41},{"not_picked":["Burning Pact+1","Pommel Strike+1","Dark Embrace"],"picked":"SKIP","floor":45},{"not_picked":["Heavy Blade+1","Cleave","Warcry+1"],"picked":"SKIP","floor":47},{"not_picked":["Entrench","Carnage+1","Cleave+1"],"picked":"SKIP","floor":48}],"player_experience":5133,"relics_obtained":[{"floor":6,"key":"Red Skull"},{"floor":8,"key":"Boot"},{"floor":9,"key":"Lantern"},{"floor":12,"key":"HornCleat"},{"floor":23,"key":"Happy Flower"},{"floor":26,"key":"Dream Catcher"},{"floor":28,"key":"Kunai"},{"floor":41,"key":"StoneCalendar"},{"floor":43,"key":"Anchor"},{"floor":47,"key":"Blood Vial"}],"event_choices":[{"cards_removed":["Defend_R"],"damage_healed":0,"gold_gain":0,"player_choice":"Card Removal","damage_taken":7,"max_hp_gain":0,"max_hp_loss":0,"event_name":"Golden Wing","floor":5,"gold_loss":0},{"damage_healed":0,"gold_gain":30,"player_choice":"Searched \u00272\u0027 times","damage_taken":0,"max_hp_gain":0,"max_hp_loss":0,"event_name":"Dead Adventurer","floor":8,"gold_loss":0},{"damage_healed":0,"gold_gain":0,"player_choice":"Grow","damage_taken":0,"max_hp_gain":0,"max_hp_loss":0,"event_name":"Living Wall","floor":14,"gold_loss":0,"cards_upgraded":["Limit Break"]},{"damage_healed":0,"gold_gain":0,"player_choice":"Became a vampire","damage_taken":0,"max_hp_gain":0,"max_hp_loss":24,"event_name":"Vampires","floor":19,"gold_loss":0,"cards_obtained":["Bite","Bite","Bite","Bite","Bite"]},{"damage_healed":0,"gold_gain":0,"player_choice":"Stole Relic","damage_taken":0,"relics_obtained":["Potion Belt"],"max_hp_gain":0,"max_hp_loss":0,"event_name":"Addict","floor":30,"gold_loss":0,"cards_obtained":["Shame"]},{"damage_healed":0,"gold_gain":0,"player_choice":"Paid","damage_taken":0,"relics_obtained":["Red Mask"],"max_hp_gain":0,"max_hp_loss":0,"event_name":"Tomb of Lord Red Mask","floor":36,"gold_loss":185},{"cards_removed":["Bite"],"damage_healed":0,"gold_gain":0,"player_choice":"Removed Attack","damage_taken":0,"max_hp_gain":0,"max_hp_loss":0,"event_name":"Falling","floor":37,"gold_loss":0}],"is_beta":false,"boss_relics":[{"not_picked":["Mark of Pain","Philosopher\u0027s Stone"],"picked":"Coffee Dripper"},{"not_picked":["Black Blood","Calling Bell"],"picked":"Empty Cage"}],"items_purged_floors":[13,25,27],"is_endless":false,"potions_floor_spawned":[1,3,8,11,12,21,23,28,35,38,41,47],"killed_by":"Time Eater","ascension_level":0}}