{"host":"hcfgv6p6h0ubjkk0","time":1613147977,"event":{"mods":["AchievementEnabler","BaseMod","Highlight Path","Minty Spire (QoL Compilation)","Quick Restart","Replay The Spire","StSLib"],"gold_per_floor":[118,118,118,138,24,24,49,49,49,64,77,77,108,124,124,222,222,242,242,242,261,261,261,261,261],"floor_reached":24,"language":"ENG","playtime":759,"items_purged":["Defend_B"],"score":235,"play_id":"e1eff0b6-dd36-4508-9c0f-4bb5a9632cf0","local_time":"20210212163937","is_ascension_mode":true,"campfire_choices":[{"data":"Zap","floor":6,"key":"SMITH"},{"data":"FIFO Queue","floor":8,"key":"SMITH"},{"floor":12,"key":"REST"},{"data":"Crystallizer","floor":15,"key":"SMITH"},{"data":"Mirror Shield","floor":23,"key":"SMITH"},{"data":"BasicCrystalCard","floor":23,"key":"SMITH"}],"circlet_count":0,"master_deck":["Strike_B+1","Strike_B","Strike_B","Defend_B","Defend_B","Defend_B+1","Zap+1","Dualcast","Cold Snap","Compile Driver","Leap+1","FIFO Queue+1","Cold Snap","BasicCrystalCard+1","Crystallizer+1","Rainbow","Mirror Shield+1","Sickly","Writhe","CommonCold","Crystallizer+1"],"relics":["Cracked Core","Gambling Chip","Blue Doll","Smiling Mask","InkBottle","Replay:Ancient Bell","Orichalcum","Frozen Egg 2","Replay:Arrowhead","Enchiridion"],"acts_visited":["Exordium","TheCity"],"potions_floor_usage":[21,24],"damage_taken":[{"damage":0,"enemies":"Cultist","floor":1,"turns":2},{"damage":8,"enemies":"2 Louse","floor":4,"turns":3},{"damage":30,"enemies":"Gremlin Nob","floor":7,"turns":4},{"damage":0,"enemies":"Jaw Worm","floor":10,"turns":3},{"damage":0,"enemies":"3 Louse","floor":11,"turns":4},{"damage":26,"enemies":"3 Sentries","floor":13,"turns":7},{"damage":3,"enemies":"2 Fungi Beasts","floor":14,"turns":4},{"damage":4,"enemies":"Hexaghost","floor":16,"turns":9},{"damage":9,"enemies":"Spheric Guardian","floor":18,"turns":5},{"damage":35,"enemies":"3 Byrds","floor":21,"turns":4},{"damage":19,"enemies":"Book of Stabbing","floor":24,"turns":2}],"seed_played":"5418696522606327621","potions_obtained":[{"floor":1,"key":"Strength Potion"},{"floor":11,"key":"SpeedPotion"},{"floor":16,"key":"Regen Potion"},{"floor":21,"key":"Swift Potion"}],"is_trial":false,"path_per_floor":["M","?","?","M","$","R","E","R","T","M","M","R","E","M","R","B",null,"M","?","?","M","?","R","E"],"character_chosen":"DEFECT","items_purchased":["Leap+1"],"campfire_rested":1,"item_purchase_floors":[5],"current_hp_per_floor":[68,68,54,46,46,46,16,16,16,16,16,36,10,7,7,3,68,59,43,43,17,17,17,0,0],"gold":261,"neow_bonus":"ONE_RARE_RELIC","is_daily":false,"chose_seed":false,"campfire_upgraded":5,"win_rate":0.0,"timestamp":1613147977,"path_taken":["M","?","?","M","$","R","E","R","T","M","M","R","E","M","R","BOSS","M","?","?","M","?","R","E"],"items_purchased_type":["Card"],"build_version":"2020-12-22","purchased_purges":1,"victory":false,"max_hp_per_floor":[68,68,68,68,68,68,68,68,68,68,68,68,68,68,68,68,68,68,68,68,68,68,68,68,68],"card_choices":[{"not_picked":["Steam Power","Go for the Eyes"],"picked":"Cold Snap","floor":1},{"not_picked":["Stack","Static Discharge"],"picked":"Compile Driver","floor":4},{"not_picked":["Compile Driver","Go for the Eyes"],"picked":"FIFO Queue","floor":7},{"not_picked":["Steam Power","Scrape"],"picked":"Cold Snap","floor":10},{"not_picked":["Panic Button","Beam Cell"],"picked":"BasicCrystalCard","floor":11},{"not_picked":["Force Field","Compile Driver"],"picked":"Crystallizer","floor":13},{"not_picked":["Leap","Beam Cell"],"picked":"Rainbow","floor":14},{"not_picked":["Seek","ReplayRNGCard"],"picked":"Mirror Shield","floor":16},{"not_picked":["Voices","Overencumbered"],"picked":"Sickly","floor":17},{"not_picked":["ReplayTheSpireMod:Splinters","Amnesia"],"picked":"Writhe","floor":17},{"not_picked":["ReplayTheSpireMod:IOU","ReplayTheSpireMod:Splinters"],"picked":"CommonCold","floor":17},{"not_picked":["Gash","Leap+1"],"picked":"Crystallizer+1","floor":18},{"not_picked":["Leap+1","Compile Driver","ReplayTheSpireMod:Calculation Training"],"picked":"SKIP","floor":21}],"player_experience":199003,"relics_obtained":[{"floor":7,"key":"Blue Doll"},{"floor":9,"key":"Smiling Mask"},{"floor":13,"key":"InkBottle"},{"floor":19,"key":"Enchiridion"}],"event_choices":[{"damage_healed":0,"gold_gain":0,"player_choice":"Entered Light","damage_taken":14,"max_hp_gain":0,"max_hp_loss":0,"event_name":"Shining Light","floor":3,"gold_loss":0,"cards_upgraded":["Strike_B","Defend_B"]},{"damage_healed":0,"gold_gain":0,"player_choice":"Obtained Book","damage_taken":16,"max_hp_gain":0,"max_hp_loss":0,"event_name":"Cursed Tome","floor":19,"gold_loss":0},{"damage_healed":0,"gold_gain":0,"player_choice":"Ignored","damage_taken":0,"max_hp_gain":0,"max_hp_loss":0,"event_name":"Vampires","floor":22,"gold_loss":0}],"is_beta":false,"boss_relics":[{"not_picked":["ReplayTheSpireMod:DimensionalGlitch","Runic Dome"],"picked":"Replay:Ancient Bell"},{"not_picked":["Lantern","Blood Vial"],"picked":"Orichalcum"},{"not_picked":["Ornamental Fan","Pantograph"],"picked":"Frozen Egg 2"},{"not_picked":["Thread and Needle","Torii"],"picked":"Replay:Arrowhead"}],"items_purged_floors":[5],"is_endless":false,"potions_floor_spawned":[1,11,16,21],"killed_by":"Book of Stabbing","ascension_level":3}}