{"host":"9v3x998ddbx8o276","time":1613115419,"event":{"mods":["AchievementEnabler","BaseMod","Colored Map","Colored Powertips","Highlight Path","Minty Spire (QoL Compilation)","Quick Restart","Rare Cards Sparkle"],"gold_per_floor":[115,129,129,143,159,159,188,204,204,204,26,38,38,72,72,72,72],"floor_reached":16,"language":"ENG","playtime":1611,"items_purged":[],"score":224,"play_id":"dcc47600-6f90-47a5-9507-426caf759338","local_time":"20210212180659","is_ascension_mode":true,"campfire_choices":[{"data":"Barrage","floor":6,"key":"SMITH"},{"data":"Defragment","floor":10,"key":"SMITH"},{"floor":13,"key":"REST"},{"floor":15,"key":"REST"}],"circlet_count":0,"master_deck":["AscendersBane","Strike_B","Strike_B","Strike_B","Strike_B","Defend_B","Defend_B","Defend_B","Defend_B","Zap","Dualcast","Ball Lightning","Barrage+1","Reinforced Body","Compile Driver","Undo","Defragment+1","Conserve Battery","Amplify","Consume"],"relics":["Cracked Core","CaptainsWheel","Orichalcum","Sundial","HornCleat"],"acts_visited":["Exordium"],"potions_floor_usage":[],"damage_taken":[{"damage":9,"enemies":"Small Slimes","floor":1,"turns":4},{"damage":1,"enemies":"Cultist","floor":2,"turns":3},{"damage":0,"enemies":"2 Louse","floor":4,"turns":2},{"damage":13,"enemies":"Large Slime","floor":5,"turns":4},{"damage":12,"enemies":"Lagavulin","floor":7,"turns":6},{"damage":3,"enemies":"3 Louse","floor":8,"turns":3},{"damage":7,"enemies":"Exordium Wildlife","floor":12,"turns":4},{"damage":20,"enemies":"3 Sentries","floor":14,"turns":7},{"damage":30,"enemies":"The Guardian","floor":16,"turns":11}],"seed_played":"258273575447504118","potions_obtained":[{"floor":2,"key":"SpeedPotion"},{"floor":4,"key":"Swift Potion"},{"floor":8,"key":"Ancient Potion"}],"is_trial":false,"path_per_floor":["M","M","?","M","M","R","E","M","T","R","$","M","R","E","R","B"],"character_chosen":"DEFECT","items_purchased":["Amplify"],"campfire_rested":2,"item_purchase_floors":[11],"current_hp_per_floor":[55,54,54,54,41,41,29,26,26,26,26,19,38,18,37,7,7],"gold":72,"neow_bonus":"ONE_RARE_RELIC","is_daily":false,"chose_seed":false,"campfire_upgraded":2,"win_rate":0.0,"timestamp":1613115419,"path_taken":["M","M","?","M","M","R","E","M","T","R","$","?","R","E","R","BOSS"],"items_purchased_type":["Card"],"build_version":"2020-12-22","purchased_purges":0,"victory":false,"max_hp_per_floor":[64,64,64,64,64,64,64,64,64,64,64,64,64,64,64,64,64],"card_choices":[{"not_picked":["Gash","Scrape"],"picked":"Ball Lightning","floor":1},{"not_picked":["Cold Snap","Force Field"],"picked":"Barrage","floor":2},{"not_picked":["Turbo","Steam"],"picked":"Compile Driver","floor":4},{"not_picked":["Compile Driver","Chill"],"picked":"Undo","floor":5},{"not_picked":["Lockon","Streamline"],"picked":"Defragment","floor":7},{"not_picked":["Steam","Rebound"],"picked":"Conserve Battery","floor":8},{"not_picked":["Sweeping Beam","Streamline"],"picked":"Consume","floor":12},{"not_picked":["Blizzard","Scrape","Recycle"],"picked":"SKIP","floor":14}],"player_experience":2241338,"relics_obtained":[{"floor":7,"key":"Orichalcum"},{"floor":9,"key":"Sundial"},{"floor":14,"key":"HornCleat"}],"event_choices":[{"damage_healed":0,"gold_gain":0,"player_choice":"1 cards matched","damage_taken":0,"max_hp_gain":0,"max_hp_loss":0,"event_name":"Match and Keep!","floor":3,"gold_loss":0,"cards_obtained":["Reinforced Body"]}],"is_beta":false,"boss_relics":[],"items_purged_floors":[],"is_endless":false,"potions_floor_spawned":[2,4,8,12],"killed_by":"The Guardian","ascension_level":20}}