{"host":"f2zkc2gsfwbibc34","time":1613127212,"event":{"mods":["AchievementEnabler","BaseMod","Better Note","Colored Map","Colored Powertips","Defuse TimeMaze Blight","Downfall","Minty Spire (QoL Compilation)","Permanent Neow","StSLib","SuperFastMode"],"gold_per_floor":[99,11400,11411,10447,10461,9776,9776,9787,9810,9822,9822,9840,9840,9896,9906,9906,9906,9906],"floor_reached":16,"language":"ENG","playtime":744,"items_purged":["sneckomod:Strike","sneckomod:Defend"],"score":94,"play_id":"eebbe1fe-8e38-402e-86b8-ef9862ff8866","local_time":"20210212115332","is_ascension_mode":false,"campfire_choices":[{"data":"sneckomod:SnekBite","floor":1,"key":"SMITH"},{"floor":11,"key":"REST"},{"data":"sneckomod:UnknownRarePower","floor":13,"key":"SMITH"}],"circlet_count":0,"master_deck":["sneckomod:Strike+1","sneckomod:Strike+1","sneckomod:Defend","sneckomod:Defend+1","sneckomod:TailWhip+1","sneckomod:SnekBite+1","sneckomod:Unknown+1","sneckomod:Unknown+1","sneckomod:Restock","sneckomod:UnknownUncommonAttack+1","hexamod:SixthSeal","sneckomod:Unknown1Cost","sneckomod:QuickBite+1","Sadistic Nature","sneckomod:CheapStock","sneckomod:RainOfDice+1","sneckomod:UnknownStrike+1","sneckomod:RainOfDice+1","sneckomod:CheapStock","expansioncontent:StudyTheSpire","sneckomod:SlitherStrike+1","sneckomod:SoulRoll","sneckomod:UnknownRarePower+1","sneckomod:DiceBlock","sneckomod:QuickMove","sneckomod:UnendingSupply","sneckomod:UnknownWeak"],"relics":["sneckomod:SneckoSoul","Darkstone Periapt","Molten Egg 2","ClockworkSouvenir","Dream Catcher","Lee\u0027s Waffle","Shuriken","Odd Mushroom","Kunai"],"acts_visited":["Exordium"],"potions_floor_usage":[12,16,16,16],"damage_taken":[{"damage":8,"enemies":"2 Louse","floor":2,"turns":4},{"damage":0,"enemies":"Small Slimes","floor":3,"turns":4},{"damage":5,"enemies":"downfall:FleeingMerchant","floor":4,"turns":4},{"damage":16,"enemies":"Jaw Worm","floor":5,"turns":3},{"damage":15,"enemies":"downfall:FleeingMerchant","floor":6,"turns":4},{"damage":15,"enemies":"3 Louse","floor":8,"turns":3},{"damage":23,"enemies":"The Mushroom Lair","floor":9,"turns":4},{"damage":25,"enemies":"Gremlin Gang","floor":10,"turns":5},{"damage":11,"enemies":"Lots of Slimes","floor":12,"turns":3},{"damage":17,"enemies":"Gremlin Nob","floor":14,"turns":4},{"damage":12,"enemies":"Exordium Wildlife","floor":15,"turns":3},{"damage":42,"enemies":"WA_ARCHETYPE_RETAIN","floor":16,"turns":5}],"seed_played":"1803806633535344187","potions_obtained":[{"floor":3,"key":"LiquidMemories"},{"floor":9,"key":"Weak Potion"},{"floor":12,"key":"Regen Potion"},{"floor":14,"key":"Block Potion"}],"is_trial":false,"path_per_floor":["R","M","M","$","M","$","T","M","?","M","R","M","R","?","M","B"],"character_chosen":"THE_SNECKO","items_purchased":["Darkstone Periapt","Molten Egg 2","ClockworkSouvenir","Sadistic Nature","sneckomod:CheapStock","Dream Catcher","Lee\u0027s Waffle","sneckomod:RainOfDice+1","sneckomod:CheapStock","expansioncontent:StudyTheSpire"],"campfire_rested":1,"item_purchase_floors":[4,4,4,4,4,6,6,6,6,6],"current_hp_per_floor":[90,82,82,77,66,97,97,82,59,34,63,52,52,35,23,0,0,0],"gold":9906,"neow_bonus":"ONE_RANDOM_RARE_CARD","is_daily":false,"chose_seed":false,"campfire_upgraded":2,"win_rate":0.0,"timestamp":1613127212,"path_taken":["R","M","M","$","M","$","T","M","?","M","R","M","R","?","M","BOSS"],"items_purchased_type":["Relic","Relic","Relic","Card","Card","Relic","Relic","Card","Card","Card"],"build_version":"2020-12-22","purchased_purges":2,"victory":false,"max_hp_per_floor":[90,90,90,90,90,97,97,97,97,97,97,97,97,97,97,97,97,97],"card_choices":[{"not_picked":["sneckomod:DiceCrush","sneckomod:WideSting"],"picked":"sneckomod:UnknownUncommonAttack","floor":2},{"not_picked":["hexamod:FirstSeal","hexamod:FourthSeal"],"picked":"hexamod:SixthSeal","floor":3},{"not_picked":["sneckomod:UnknownUncommonPower","sneckomod:IronFang"],"picked":"sneckomod:Unknown1Cost","floor":3},{"not_picked":["sneckomod:SoulExchange","sneckomod:Unknown3Cost"],"picked":"sneckomod:QuickBite","floor":4},{"not_picked":["sneckomod:MasterEye","sneckomod:Nope"],"picked":"sneckomod:RainOfDice+1","floor":5},{"not_picked":["sneckomod:MorePower","sneckomod:UnknownUncommonAttack+1"],"picked":"sneckomod:UnknownStrike+1","floor":6},{"not_picked":["sneckomod:QuickBite+1","sneckomod:DefensiveFlair"],"picked":"sneckomod:SlitherStrike+1","floor":8},{"not_picked":["sneckomod:UnknownCommonSkill","sneckomod:UnknownBlock"],"picked":"sneckomod:SoulRoll","floor":9},{"not_picked":["sneckomod:UnknownDraw","sneckomod:SlitherStrike+1"],"picked":"sneckomod:UnknownRarePower","floor":10},{"not_picked":["sneckomod:UnknownVulnerable","sneckomod:WideSting+1"],"picked":"sneckomod:DiceBlock","floor":11},{"not_picked":["sneckomod:Unknown1Cost","sneckomod:UnknownStrike+1"],"picked":"sneckomod:QuickMove","floor":12},{"not_picked":["sneckomod:SoulRoll","sneckomod:SlitherStrike+1"],"picked":"sneckomod:UnendingSupply","floor":14},{"not_picked":["sneckomod:QuickBite+1","sneckomod:ImprovisedGuard"],"picked":"sneckomod:UnknownWeak","floor":15}],"player_experience":103183,"relics_obtained":[{"floor":7,"key":"Shuriken"},{"floor":9,"key":"Odd Mushroom"}],"event_choices":[{"damage_healed":0,"gold_gain":0,"player_choice":"Fought Mushrooms","damage_taken":0,"max_hp_gain":0,"max_hp_loss":0,"event_name":"Mushrooms","floor":9,"gold_loss":0}],"is_beta":false,"boss_relics":[],"items_purged_floors":[4,6],"is_endless":false,"potions_floor_spawned":[3,9,12,14,15],"killed_by":"WA_ARCHETYPE_RETAIN","ascension_level":0}}