{"host":"wshey5htrz8rni6u","time":1613120916,"event":{"mods":["2.2 Compatiblity","BaseMod","Block Reminder","Colored Map","Colored Powertips","Current Relic Mod","Curses Come First","Dark Map","Key Reminder","Minty Spire (QoL Compilation)","Potion Indicator Mod","Quick Restart","Random Character Button","Relic Sorter","Relic Stats","StSLib","SuperFastMode","Twitch Utils","Unceasing Turn Reminder","Weighted Paths","everything is the same but u backflip on backflip"],"gold_per_floor":[113,188,1,11,11,41,19,51,51,51,51,51,63,94,94,195,195,206,18,30,49,62,62,90,90,90,100,150,184,4,18,18,122,172,185,235,255,255,74,99,111,153,165,177,189,44,44,44,44,44,44,44,44,77,77],"floor_reached":56,"language":"ENG","playtime":4845,"items_purged":["Strike_G","Strike_G"],"score":1347,"play_id":"81cc0ab5-0a0f-481d-9356-a09973aa3f28","local_time":"20210212010836","is_ascension_mode":true,"campfire_choices":[{"data":"Burst","floor":10,"key":"SMITH"},{"floor":12,"key":"REST"},{"data":"Accuracy","floor":15,"key":"SMITH"},{"data":"Infinite Blades","floor":23,"key":"SMITH"},{"data":"Reflex","floor":25,"key":"SMITH"},{"floor":32,"key":"REST"},{"floor":44,"key":"REST"},{"floor":47,"key":"RECALL"},{"floor":49,"key":"REST"},{"data":"Enlightenment","floor":52,"key":"SMITH"}],"circlet_count":0,"master_deck":["Defend_G","Defend_G","Defend_G","Defend_G","Defend_G+1","Survivor","Neutralize+1","Infinite Blades+1","Backflip","Accuracy+1","Terror+1","Infinite Blades","Burst+1","Deflect","Deflect","Dash","Heel Hook","Tools of the Trade+1","Reflex+1","Caltrops+1","Cloak And Dagger+1","Backflip","Crippling Poison+1","Choke","Finisher","Wraith Form v2+1","Reflex","Caltrops+1","Corpse Explosion","Acrobatics","Crippling Poison","Accuracy+1","Noxious Fumes+1","Madness","Madness","Storm of Steel","Secret Weapon","Metamorphosis","Enlightenment+1","Wraith Form v2+1","Prepared"],"relics":["Ring of the Snake","Frozen Egg 2","Dead Branch","Blood Vial","Sozu","Calipers","Kunai","Ornamental Fan","OrangePellets","Tiny House","WingedGreaves","Art of War","MawBank","War Paint","Bottled Tornado","DollysMirror","Orichalcum"],"acts_visited":["Exordium","TheCity","TheBeyond","TheEnding"],"potions_floor_usage":[29,50],"damage_taken":[{"damage":0,"enemies":"Jaw Worm","floor":1,"turns":5},{"damage":1,"enemies":"Small Slimes","floor":4,"turns":4},{"damage":4,"enemies":"Lagavulin","floor":6,"turns":5},{"damage":8,"enemies":"3 Sentries","floor":8,"turns":9},{"damage":0,"enemies":"2 Louse","floor":13,"turns":4},{"damage":12,"enemies":"Gremlin Nob","floor":14,"turns":4},{"damage":15,"enemies":"The Guardian","floor":16,"turns":7},{"damage":0,"enemies":"3 Byrds","floor":18,"turns":4},{"damage":0,"enemies":"Shell Parasite","floor":20,"turns":3},{"damage":0,"enemies":"Cultist and Chosen","floor":21,"turns":4},{"damage":12,"enemies":"Sentry and Sphere","floor":22,"turns":5},{"damage":9,"enemies":"Gremlin Leader","floor":24,"turns":5},{"damage":1,"enemies":"3 Cultists","floor":27,"turns":3},{"damage":23,"enemies":"Slavers","floor":29,"turns":4},{"damage":0,"enemies":"Snecko","floor":31,"turns":4},{"damage":14,"enemies":"Automaton","floor":33,"turns":7},{"damage":20,"enemies":"3 Darklings","floor":35,"turns":3},{"damage":1,"enemies":"Mind Bloom Boss Battle","floor":36,"turns":6},{"damage":5,"enemies":"Orb Walker","floor":37,"turns":4},{"damage":3,"enemies":"Giant Head","floor":40,"turns":6},{"damage":19,"enemies":"Reptomancer","floor":42,"turns":8},{"damage":28,"enemies":"Time Eater","floor":50,"turns":13},{"damage":4,"enemies":"Shield and Spear","floor":54,"turns":4},{"damage":41,"enemies":"The Heart","floor":55,"turns":7}],"seed_played":"-8344621358912415411","potions_obtained":[{"floor":1,"key":"SteroidPotion"},{"floor":8,"key":"LiquidMemories"}],"is_trial":false,"path_per_floor":["M","?","$","M","?","E","$","E","T","R","?","R","M","E","R","B",null,"M","$","M","M","M","R","E","R","T","M","?","E","$","M","R","B",null,"M","?","M","?","$","E","?","E","T","R","?","$","R","?","R","B",null,"R","$","E","B",null],"character_chosen":"THE_SILENT","items_purchased":["Accuracy","Terror","Deflect","Caltrops+1","Cloak And Dagger","Reflex","OrangePellets","Noxious Fumes+1","Art of War","DollysMirror"],"campfire_rested":4,"item_purchase_floors":[3,3,7,19,19,30,30,39,39,46],"current_hp_per_floor":[63,52,52,51,38,34,34,26,26,26,26,44,44,32,32,19,63,63,63,63,63,51,51,44,44,44,45,45,24,24,26,44,32,68,48,49,46,46,46,45,36,19,19,39,29,29,29,29,49,23,68,68,68,64,25],"gold":77,"neow_bonus":"TRANSFORM_TWO_CARDS","is_daily":false,"chose_seed":false,"campfire_upgraded":5,"win_rate":0.0,"timestamp":1613120916,"path_taken":["M","?","$","M","?","E","$","E","T","R","?","R","M","E","R","BOSS","M","$","M","M","?","R","E","R","T","M","?","E","$","?","R","BOSS","M","?","M","?","$","E","?","E","T","R","?","$","R","?","R","BOSS","R","$","E","BOSS"],"items_purchased_type":["Card","Card","Card","Card","Card","Card","Relic","Card","Relic","Relic"],"build_version":"2020-12-13","purchased_purges":2,"victory":true,"max_hp_per_floor":[63,63,63,63,63,63,63,63,63,63,63,63,63,63,63,63,63,63,63,63,63,63,63,63,63,63,63,63,63,63,63,63,63,68,68,68,68,68,68,68,68,68,68,68,68,68,68,68,68,68,68,68,68,68,68],"relic_stats":{"counters":[24,128],"Dead Branch":[240],"War Paint":["Terror","Crippling Poison"],"Orichalcum":[6],"MawBank":72,"Blood Vial":24,"Sozu":9,"OrangePellets":[19],"Ornamental Fan":[176],"Art of War":[1],"Kunai":[51],"obtain_stats":[{"Calipers":24,"Tiny House":34,"Dead Branch":8,"Frozen Egg 2":6,"War Paint":42,"Bottled Tornado":43,"Orichalcum":54,"MawBank":40,"keyreminder:keyreminder":9,"Blood Vial":14,"Sozu":17,"OrangePellets":30,"Ornamental Fan":29,"DollysMirror":46,"WingedGreaves":36,"Art of War":39,"Kunai":26,"Ring of the Snake":0},{"Calipers":12,"Tiny House":16,"Dead Branch":4,"Frozen Egg 2":3,"War Paint":21,"Bottled Tornado":21,"Orichalcum":23,"MawBank":20,"keyreminder:keyreminder":4,"Blood Vial":6,"Sozu":7,"OrangePellets":14,"Ornamental Fan":14,"DollysMirror":21,"WingedGreaves":18,"Art of War":19,"Kunai":12,"Ring of the Snake":0},{"Calipers":59,"Tiny House":77,"Dead Branch":23,"Frozen Egg 2":14,"War Paint":104,"Bottled Tornado":104,"Orichalcum":121,"MawBank":96,"keyreminder:keyreminder":23,"Blood Vial":31,"Sozu":38,"OrangePellets":66,"Ornamental Fan":66,"DollysMirror":104,"WingedGreaves":86,"Art of War":90,"Kunai":59,"Ring of the Snake":0}],"Ring of the Snake":[48]},"card_choices":[{"not_picked":["Dagger Spray","Deadly Poison"],"picked":"Backflip","floor":1},{"not_picked":["Prepared","Cloak And Dagger"],"picked":"Infinite Blades","floor":4},{"not_picked":["Dagger Spray","Slice"],"picked":"Burst","floor":6},{"not_picked":["Slice","Expertise"],"picked":"Deflect","floor":8},{"not_picked":["Dodge and Roll","Sucker Punch"],"picked":"Dash","floor":13},{"not_picked":["Dagger Spray","Quick Slash"],"picked":"Heel Hook","floor":14},{"not_picked":["Venomology","Unload"],"picked":"Tools of the Trade+1","floor":16},{"not_picked":["Prepared","All Out Attack"],"picked":"Reflex","floor":18},{"not_picked":["Slice","Flechettes"],"picked":"Backflip","floor":20},{"not_picked":["Distraction","Underhanded Strike"],"picked":"Crippling Poison","floor":21},{"not_picked":["Flying Knee","Prepared"],"picked":"Choke","floor":22},{"not_picked":["Flying Knee","Bane+1","Choke"],"picked":"SKIP","floor":24},{"not_picked":["Poisoned Stab+1","Choke"],"picked":"Finisher","floor":27},{"not_picked":["Outmaneuver","Bane"],"picked":"Wraith Form v2+1","floor":29},{"not_picked":["Dodge and Roll","Dagger Throw"],"picked":"Caltrops+1","floor":31},{"not_picked":["Envenom+1","Unload"],"picked":"Corpse Explosion","floor":33},{"not_picked":["Outmaneuver","Sucker Punch"],"picked":"Acrobatics","floor":34},{"not_picked":["Dagger Throw+1","Flying Knee+1"],"picked":"Crippling Poison","floor":35},{"not_picked":["Cloak And Dagger","Blade Dance"],"picked":"Accuracy+1","floor":36},{"not_picked":["Underhanded Strike","Slice+1","Riddle With Holes"],"picked":"SKIP","floor":37},{"not_picked":["Blade Dance","Dagger Spray+1","Outmaneuver"],"picked":"SKIP","floor":40},{"not_picked":["Heel Hook+1","Prepared"],"picked":"Storm of Steel","floor":42},{"not_picked":["Mind Blast","Good Instincts"],"picked":"Secret Weapon","floor":45},{"not_picked":["Secret Technique","Mind Blast"],"picked":"Metamorphosis","floor":45},{"not_picked":["Mind Blast","Trip"],"picked":"Enlightenment","floor":45},{"not_picked":["Dagger Spray+1","Endless Agony"],"picked":"Prepared","floor":54}],"player_experience":42612,"relics_obtained":[{"floor":6,"key":"Frozen Egg 2"},{"floor":8,"key":"Dead Branch"},{"floor":14,"key":"Blood Vial"},{"floor":24,"key":"Calipers"},{"floor":26,"key":"Kunai"},{"floor":29,"key":"Ornamental Fan"},{"floor":36,"key":"WingedGreaves"},{"floor":40,"key":"MawBank"},{"floor":42,"key":"War Paint"},{"floor":43,"key":"Bottled Tornado"},{"floor":54,"key":"Orichalcum"}],"event_choices":[{"damage_healed":0,"gold_gain":75,"player_choice":"Gather Gold","damage_taken":11,"max_hp_gain":0,"max_hp_loss":0,"event_name":"World of Goop","floor":2,"gold_loss":0},{"damage_healed":0,"gold_gain":0,"player_choice":"Entered Light","damage_taken":13,"max_hp_gain":0,"max_hp_loss":0,"event_name":"Shining Light","floor":5,"gold_loss":0,"cards_upgraded":["Neutralize","Defend_G"]},{"cards_removed":["Strike_G"],"damage_healed":0,"gold_gain":0,"player_choice":"Purged","damage_taken":0,"max_hp_gain":0,"max_hp_loss":0,"event_name":"Purifier","floor":11,"gold_loss":0},{"damage_healed":0,"gold_gain":100,"player_choice":"Bet on Murderer","damage_taken":0,"max_hp_gain":0,"max_hp_loss":0,"event_name":"The Joust","floor":28,"gold_loss":50},{"damage_healed":0,"gold_gain":0,"player_choice":"Fight","damage_taken":0,"max_hp_gain":0,"max_hp_loss":0,"event_name":"MindBloom","floor":36,"gold_loss":0},{"cards_removed":["Prepared"],"damage_healed":0,"gold_gain":0,"player_choice":"Removed Skill","damage_taken":0,"max_hp_gain":0,"max_hp_loss":0,"event_name":"Falling","floor":38,"gold_loss":0},{"damage_healed":0,"gold_gain":0,"player_choice":"Embrace Madness","damage_taken":9,"max_hp_gain":0,"max_hp_loss":0,"event_name":"Winding Halls","floor":41,"gold_loss":0,"cards_obtained":["Madness","Madness"]},{"damage_healed":0,"gold_gain":0,"player_choice":"Memory 3","damage_taken":10,"max_hp_gain":0,"max_hp_loss":0,"event_name":"SensoryStone","floor":45,"gold_loss":0},{"damage_healed":0,"gold_gain":0,"player_choice":"Got Potions","damage_taken":0,"max_hp_gain":0,"max_hp_loss":0,"event_name":"Lab","floor":48,"gold_loss":0}],"is_beta":false,"boss_relics":[{"not_picked":["Calling Bell","Snecko Eye"],"picked":"Sozu"},{"not_picked":["Coffee Dripper","Velvet Choker"],"picked":"Tiny House"}],"items_purged_floors":[3,19],"is_endless":false,"potions_floor_spawned":[1,8,18,20,27,31,36],"ascension_level":3}}