{"host":"6p0attdrtjqaih7v","time":1613164426,"event":{"mods":["2.2 Compatiblity","AchievementEnabler","Bard","BaseMod","Better Skull","Better Third Choice","Card Filter","Colored Powertips","Hermit","Highlight Path","Hubris","Key Reminder","Minty Spire (QoL Compilation)","Permanent Neow","Quick Restart","Random Character Button","Relic Filter","Relic Stats","Reliquary","Replay The Spire","Robot Space Explorer","StSLib","The Hayseed","The Witch"],"gold_per_floor":[115,7,57,4,15,15,48,48,48,68,97,114,133,148,148,219,219,229,52,69,80,80,80],"floor_reached":22,"language":"ENG","playtime":796,"items_purged":[],"score":396,"play_id":"7bb06268-0881-45aa-9213-836e6c19800c","local_time":"20210212161346","is_ascension_mode":true,"campfire_choices":[{"data":"Neutralize","floor":6,"key":"SMITH"},{"data":"Die Die Die","floor":8,"key":"SMITH"},{"data":"Caltrops","floor":15,"key":"SMITH"}],"circlet_count":0,"master_deck":["AscendersBane","Strike_G","Strike_G","Strike_G","Strike_G","Strike_G","Defend_G","Defend_G","Defend_G","Defend_G","Defend_G","Survivor","Neutralize+1","Die Die Die+1","Dagger Throw","Dagger Throw","Caltrops+1","Calculated Gamble","Deadly Poison","Crippling Poison","Poisoned Stab","Glass Knife","Blade Dance","Burst","Dagger Throw","Wraith Form v2","PiercingWail","Prepared"],"relics":["Ring of the Snake","Art of War","Vampiric Spirits","hubris:CrystalStatue","HoveringKite"],"acts_visited":["Exordium","TheCity"],"potions_floor_usage":[7,7,13,14,16,21],"damage_taken":[{"damage":10,"enemies":"Jaw Worm","floor":1,"turns":9},{"damage":0,"enemies":"Cultist","floor":5,"turns":3},{"damage":11,"enemies":"Lagavulin","floor":7,"turns":6},{"damage":0,"enemies":"Small Slimes","floor":10,"turns":2},{"damage":30,"enemies":"Gremlin Nob","floor":11,"turns":4},{"damage":1,"enemies":"Red Slaver","floor":12,"turns":2},{"damage":0,"enemies":"Gremlin Gang","floor":13,"turns":2},{"damage":0,"enemies":"Looter","floor":14,"turns":2},{"damage":7,"enemies":"Hexaghost","floor":16,"turns":8},{"damage":8,"enemies":"Spheric Guardian","floor":18,"turns":3},{"damage":10,"enemies":"2 Thieves","floor":20,"turns":4},{"damage":35,"enemies":"Centurion and Healer","floor":21,"turns":8},{"damage":19,"enemies":"Cultist and Chosen","floor":22,"turns":3}],"seed_played":"-3125018316248529037","potions_obtained":[{"floor":5,"key":"Fire Potion"},{"floor":11,"key":"Poison Potion"},{"floor":12,"key":"FearPotion"},{"floor":13,"key":"LifebloodPotion"},{"floor":20,"key":"AttackPotion"}],"is_trial":false,"path_per_floor":["M","$","?","$","M","R","E","R","T","M","E","M","M","M","R","B",null,"M","$","M","M","M"],"character_chosen":"THE_SILENT","items_purchased":["Dagger Throw","BlessingOfTheForge","SteroidPotion","Wraith Form v2"],"campfire_rested":0,"item_purchase_floors":[2,2,4,19],"current_hp_per_floor":[49,49,43,43,43,43,32,32,32,41,14,17,20,24,24,24,56,48,48,38,3,0,0],"gold":80,"neow_bonus":"ONE_RANDOM_RARE_CARD","is_daily":false,"chose_seed":false,"campfire_upgraded":3,"win_rate":0.0,"timestamp":1613164426,"path_taken":["M","$","?","?","M","R","E","R","T","M","E","M","?","M","R","BOSS","M","$","?","M","M"],"items_purchased_type":["Card","Potion","Potion","Card"],"build_version":"2020-12-22","purchased_purges":0,"victory":false,"max_hp_per_floor":[66,66,66,66,66,66,66,66,66,66,66,66,66,66,66,66,66,66,66,66,66,66,66],"relic_stats":{"counters":[13,56],"HoveringKite":[11],"Art of War":[3],"obtain_stats":[{"hubris:CrystalStatue":11,"Vampiric Spirits":9,"HoveringKite":17,"Art of War":7,"Ring of the Snake":0},{"hubris:CrystalStatue":5,"Vampiric Spirits":3,"HoveringKite":9,"Art of War":3,"Ring of the Snake":0},{"hubris:CrystalStatue":24,"Vampiric Spirits":18,"HoveringKite":38,"Art of War":18,"Ring of the Snake":0}],"Ring of the Snake":[26]},"card_choices":[{"not_picked":["Flying Knee","Bane"],"picked":"Dagger Throw","floor":1},{"not_picked":["Prepared","Endless Agony"],"picked":"Caltrops","floor":5},{"not_picked":["Quick Slash","Dagger Throw"],"picked":"Calculated Gamble","floor":7},{"not_picked":["Well Laid Plans","Endless Agony"],"picked":"Deadly Poison","floor":10},{"not_picked":["Dagger Throw","Deadly Poison"],"picked":"Crippling Poison","floor":11},{"not_picked":["Underhanded Strike","Deflect"],"picked":"Poisoned Stab","floor":12},{"not_picked":["Concentrate","Cloak And Dagger"],"picked":"Glass Knife","floor":13},{"not_picked":["Prepared","Well Laid Plans"],"picked":"Blade Dance","floor":14},{"not_picked":["Grand Finale","Unload"],"picked":"Burst","floor":16},{"not_picked":["Deflect","Blade Dance"],"picked":"Dagger Throw","floor":18},{"not_picked":["Tactician","Accuracy"],"picked":"PiercingWail","floor":20},{"not_picked":["Choke+1","Acrobatics"],"picked":"Prepared","floor":21}],"player_experience":1116642,"relics_obtained":[{"floor":7,"key":"Art of War"},{"floor":9,"key":"Vampiric Spirits"},{"floor":11,"key":"hubris:CrystalStatue"}],"event_choices":[{"damage_healed":0,"gold_gain":50,"player_choice":"Touch","damage_taken":6,"max_hp_gain":0,"max_hp_loss":0,"event_name":"FaceTrader","floor":3,"gold_loss":0}],"is_beta":false,"boss_relics":[{"not_picked":["Philosopher\u0027s Stone","reliquary:WritOfMandamus"],"picked":"HoveringKite"}],"items_purged_floors":[],"is_endless":false,"potions_floor_spawned":[5,11,12,13,20],"killed_by":"Cultist and Chosen","ascension_level":20}}