{"host":"xp5rvh2jwe2ejyfm","time":1613093057,"event":{"mods":["2.2 Compatiblity","Aspiration","BaseMod","Better Altar","Better Match","Better Note","Better Sensory Stone","Better Skull","BetterRewards","Colored Powertips","Conspire","Downfall","GifTheSpireLib","Gremlin Mod","GungeonMod","Hermit","Hubris","Jorbs\u0027s Wanderer Trilogy","Minty Spire (QoL Compilation)","Potionbrewer","Quick Restart","Replay The Spire","Robot Space Explorer","Shade Mod","Somnambulant","StSLib","The Bug Knight","The Clintock","The Construct","The Cursed","The Disciple","The Forsaken","The Hierophant","The Necromancer","The Runesmith","The Servant 0.9.4","The Valiant","The Witch","TheFirefly","thorton"],"gold_per_floor":[117,136,153,39,39,70,81,81,81,29,39,59,59,74,74,173,173,184,33,52,52,52,52],"floor_reached":22,"language":"ENG","playtime":921,"items_purged":[],"score":188,"play_id":"508a3f66-ef13-41fc-8ce5-fae0e0db9758","local_time":"20210211202417","is_ascension_mode":false,"campfire_choices":[{"floor":8,"key":"REST"},{"floor":15,"key":"RECALL"}],"circlet_count":0,"master_deck":["hermit:Strike_Hermit","hermit:Strike_Hermit","hermit:Strike_Hermit","hermit:Strike_Hermit","hermit:Defend_Hermit","hermit:Defend_Hermit","hermit:Defend_Hermit","hermit:Defend_Hermit","hermit:Snapshot","hermit:Covet","hermit:TakeAim+1","hermit:GhostlyPresence","hermit:Glare","hermit:BigShot","hermit:Headshot","hermit:LoneWolf","hermit:FullyLoaded","hermit:Maintenance+1","hermit:Headshot","hermit:Quickdraw","hermit:BodyArmor","hermit:Reprieve+1","hermit:CalledShot","hermit:HoleUp+1"],"relics":["hermit:Momento","NeowsBlessing","Golden Egg","Pear","Happy Flower","DemoMod:GlassGuonStoneRelic"],"acts_visited":["Exordium","TheCity"],"potions_floor_usage":[6,12,16,22],"damage_taken":[{"damage":0,"enemies":"Cultist","floor":1,"turns":1},{"damage":0,"enemies":"Jaw Worm","floor":2,"turns":1},{"damage":0,"enemies":"Small Slimes","floor":3,"turns":1},{"damage":32,"enemies":"Gremlin Nob","floor":6,"turns":5},{"damage":12,"enemies":"conspire:2 RoseBushes","floor":7,"turns":5},{"damage":17,"enemies":"Gremlin Gang","floor":11,"turns":5},{"damage":6,"enemies":"Exordium Wildlife","floor":12,"turns":3},{"damage":0,"enemies":"Red Slaver","floor":14,"turns":4},{"damage":28,"enemies":"Slime Boss","floor":16,"turns":11},{"damage":55,"enemies":"conspire:FuzzyDice","floor":18,"turns":10},{"damage":26,"enemies":"Shell Parasite","floor":20,"turns":6},{"damage":8,"enemies":"Snake Plant","floor":22,"turns":3}],"seed_played":"4001777235592549499","potions_obtained":[{"floor":1,"key":"potionbrewer:ToxicPotion"},{"floor":3,"key":"Swift Potion"},{"floor":7,"key":"LifebloodPotion"},{"floor":16,"key":"Elixir"},{"floor":20,"key":"Languid Potion"}],"is_trial":false,"path_per_floor":["M","M","M","$","?","E","M","R","T","$","M","M","?","M","R","B",null,"M","$","M","?","M"],"character_chosen":"HERMIT","items_purchased":["hermit:BigShot","hermit:Headshot","hermit:Maintenance+1","Happy Flower"],"campfire_rested":1,"item_purchase_floors":[4,4,10,19],"current_hp_per_floor":[75,75,75,75,75,43,31,53,63,63,46,40,40,40,40,12,85,30,30,4,4,0,0],"gold":52,"neow_bonus":"THREE_ENEMY_KILL","is_daily":false,"chose_seed":false,"campfire_upgraded":0,"win_rate":0.0,"timestamp":1613093057,"path_taken":["M","M","M","$","?","E","M","R","T","$","M","M","?","M","R","BOSS","M","$","M","?","M"],"items_purchased_type":["Card","Card","Card","Relic"],"build_version":"2020-12-22","purchased_purges":0,"victory":false,"max_hp_per_floor":[75,75,75,75,75,75,75,75,85,85,85,85,85,85,85,85,85,85,85,85,85,85,85],"card_choices":[{"not_picked":["hermit:Misfire","hermit:LowProfile"],"picked":"hermit:TakeAim","floor":1},{"not_picked":["hermit:LowProfile","hermit:Snipe"],"picked":"hermit:GhostlyPresence","floor":2},{"not_picked":["hermit:SprayPray","hermit:HighCaliber"],"picked":"hermit:Glare","floor":3},{"not_picked":["hermit:Gestalt","hermit:Cheat"],"picked":"hermit:LoneWolf","floor":6},{"not_picked":["hermit:Combo","hermit:LoneWolf"],"picked":"hermit:FullyLoaded","floor":7},{"not_picked":["hermit:WideOpen","hermit:HighCaliber"],"picked":"hermit:Headshot","floor":11},{"not_picked":["hermit:Manifest","hermit:Determination"],"picked":"hermit:Quickdraw","floor":12},{"not_picked":["hermit:ItchyTrigger","hermit:Headshot"],"picked":"hermit:BodyArmor","floor":14},{"not_picked":["hermit:HeroicBravado","hermit:Magnum"],"picked":"hermit:Reprieve","floor":16},{"not_picked":["hermit:Cheat","hermit:Midnight"],"picked":"hermit:CalledShot","floor":18},{"not_picked":["hermit:Scavenge+1","hermit:TakeCover"],"picked":"hermit:HoleUp+1","floor":20}],"player_experience":489802,"relics_obtained":[{"floor":6,"key":"Golden Egg"},{"floor":9,"key":"Pear"}],"event_choices":[{"damage_healed":25,"gold_gain":0,"player_choice":"Banana","damage_taken":0,"max_hp_gain":0,"max_hp_loss":0,"event_name":"Big Fish","floor":5,"gold_loss":0},{"cards_removed":["hermit:Headshot"],"damage_healed":0,"gold_gain":0,"player_choice":"Give","damage_taken":0,"max_hp_gain":0,"max_hp_loss":0,"event_name":"betterNote:BetterNote","floor":21,"gold_loss":0,"cards_obtained":["None"]}],"is_beta":false,"boss_relics":[{"not_picked":["aspiration:PoetsPen_weak","Abe\u0027s Treasure","Replay:Drink Me"]}],"items_purged_floors":[],"is_endless":false,"potions_floor_spawned":[1,3,7,16,20],"killed_by":"Snake Plant","ascension_level":0}}