{"host":"lv7etzzgwahaenh9","time":1613153135,"event":{"mods":["AchievementEnabler","BaseMod","Colored Map","Colored Powertips","Highlight Path","Minty Spire (QoL Compilation)","Permanent Neow","Quick Restart","Random Character Button","StSLib"],"gold_per_floor":[117,136,86,86,98,98,133,146,223,249,249,249,249,263,263,358,358,374,289,303,33,33,66,66,80,107,107,125,125,125,141,141,245,245,259,277,295,42,54,54,2,2,2,2,2,2,2,2,2,2,2,2,2,2,2],"floor_reached":54,"language":"ENG","playtime":2717,"items_purged":["Strike_G","Defend_G"],"score":943,"play_id":"0cd4a22d-2ce4-47ad-8bcc-42f6fce3e121","local_time":"20210212100535","is_ascension_mode":true,"campfire_choices":[{"data":"Caltrops","floor":6.0,"key":"SMITH"},{"floor":11.0,"key":"REST"},{"data":"Calculated Gamble","floor":13.0,"key":"SMITH"},{"data":"Neutralize","floor":15.0,"key":"SMITH"},{"data":"Noxious Fumes","floor":24.0,"key":"SMITH"},{"data":"After Image","floor":32,"key":"SMITH"},{"data":"Catalyst","floor":40,"key":"SMITH"},{"data":"Phantasmal Killer","floor":42,"key":"SMITH"},{"data":"Secret Technique","floor":47,"key":"SMITH"},{"floor":49,"key":"RECALL"},{"data":"Crippling Poison","floor":52,"key":"SMITH"}],"circlet_count":0,"master_deck":["Defend_G","Defend_G","Survivor","Neutralize+1","Endless Agony","Caltrops+1","Poisoned Stab","Calculated Gamble+1","PiercingWail","Die Die Die","Poisoned Stab","After Image+1","Catalyst+1","Noxious Fumes+1","Tools of the Trade","Dagger Throw","Blur","Dagger Throw+1","Bite","Bite","Bite","Bite","Terror+1","Secret Technique+1","Phantasmal Killer+1","Storm of Steel","Blur","Blade Dance","Dodge and Roll+1","Storm of Steel","Crippling Poison+1","Deadly Poison+1","PiercingWail","Madness","Madness","The Bomb","Doubt"],"relics":["Ring of the Serpent","Strawberry","Tough Bandages","Question Card","PreservedInsect","Coffee Dripper","Darkstone Periapt","Orichalcum","Juzu Bracelet"],"acts_visited":["Exordium","TheCity","TheBeyond","TheEnding"],"potions_floor_usage":[31,39,50,50],"damage_taken":[{"damage":0.0,"enemies":"Small Slimes","floor":1.0,"turns":4.0},{"damage":0.0,"enemies":"Cultist","floor":2.0,"turns":5.0},{"damage":1.0,"enemies":"2 Louse","floor":5.0,"turns":4.0},{"damage":34.0,"enemies":"Lagavulin","floor":7.0,"turns":9.0},{"damage":5.0,"enemies":"Exordium Thugs","floor":8.0,"turns":4.0},{"damage":24.0,"enemies":"Gremlin Nob","floor":10.0,"turns":4.0},{"damage":0.0,"enemies":"Looter","floor":14.0,"turns":3.0},{"damage":11.0,"enemies":"Hexaghost","floor":16.0,"turns":9.0},{"damage":0.0,"enemies":"Shell Parasite","floor":18.0,"turns":4.0},{"damage":3.0,"enemies":"2 Thieves","floor":20.0,"turns":4.0},{"damage":17.0,"enemies":"Book of Stabbing","floor":23.0,"turns":5.0},{"damage":0.0,"enemies":"Centurion and Healer","floor":25.0,"turns":7.0},{"damage":1.0,"enemies":"Snake Plant","floor":28.0,"turns":4.0},{"damage":8,"enemies":"Shelled Parasite and Fungi","floor":31,"turns":5},{"damage":33,"enemies":"Automaton","floor":33,"turns":11},{"damage":10,"enemies":"3 Darklings","floor":35,"turns":5},{"damage":9,"enemies":"Orb Walker","floor":36,"turns":4},{"damage":2,"enemies":"Jaw Worm Horde","floor":37,"turns":5},{"damage":7,"enemies":"Transient","floor":39,"turns":5},{"damage":74,"enemies":"Awakened One","floor":50,"turns":15},{"damage":62,"enemies":"Shield and Spear","floor":54,"turns":3}],"seed_played":"-5841042407028492589","potions_obtained":[{"floor":1.0,"key":"DistilledChaos"},{"floor":5.0,"key":"EssenceOfSteel"},{"floor":7.0,"key":"ColorlessPotion"},{"floor":14.0,"key":"SteroidPotion"},{"floor":18.0,"key":"Swift Potion"},{"floor":28.0,"key":"Ancient Potion"},{"floor":33,"key":"Energy Potion"},{"floor":35,"key":"Fire Potion"},{"floor":46,"key":"GamblersBrew"}],"is_trial":false,"path_per_floor":["M","M","?","?","M","R","E","M","T","E","R","?","R","M","R","B",null,"M","?","M","$","?","E","R","M","T","?","M","?","?","M","R","B",null,"M","M","M","$","M","R","$","R","T","?","?","?","R","?","R","B",null,"R","$","E"],"character_chosen":"THE_SILENT","items_purchased":["Tools of the Trade","Dagger Throw","Storm of Steel","Crippling Poison","PiercingWail"],"campfire_rested":1,"item_purchase_floors":[21,21,38,38,41],"current_hp_per_floor":[70,70,70,70,69,69,35,30,30,6,29,29,29,29,29,18,62,62,62,59,59,47,30,30,30,30,30,35,35,53,51,51,32,48,44,41,43,43,42,42,42,42,42,35,35,35,35,59,59,21,50,50,50,0,0],"gold":2,"neow_bonus":"RANDOM_COMMON_RELIC","is_daily":false,"chose_seed":false,"campfire_upgraded":9,"win_rate":0.0,"timestamp":1613153135,"path_taken":["M","M","?","?","M","R","E","?","T","E","R","?","R","M","R","BOSS","M","?","M","$","?","E","R","M","T","?","M","?","?","M","R","BOSS","M","M","M","$","M","R","?","R","T","?","?","?","R","?","R","BOSS","R","$","E"],"items_purchased_type":["Card","Card","Card","Card","Card"],"build_version":"2020-12-22","purchased_purges":2,"victory":false,"max_hp_per_floor":[77,77,77,77,77,77,77,77,77,77,77,77,77,77,77,77,77,77,77,77,77,77,77,77,77,77,53,53,53,53,53,53,53,53,53,53,53,53,53,53,53,53,53,53,53,53,53,59,59,59,59,59,59,59,59],"card_choices":[{"not_picked":["PiercingWail","Dagger Spray"],"picked":"Endless Agony","floor":1.0},{"not_picked":["Deadly Poison","Distraction"],"picked":"Caltrops","floor":2.0},{"not_picked":["Well Laid Plans","Cloak And Dagger"],"picked":"Poisoned Stab","floor":5.0},{"not_picked":["Die Die Die","Blade Dance"],"picked":"Calculated Gamble","floor":7.0},{"not_picked":["Blade Dance","Quick Slash","Expertise"],"picked":"SKIP","floor":8.0},{"not_picked":["Skewer","Cloak And Dagger","Reflex"],"picked":"PiercingWail","floor":10.0},{"not_picked":["Riddle With Holes","Underhanded Strike","Deflect"],"picked":"Poisoned Stab","floor":14.0},{"not_picked":["Glass Knife","Envenom","Grand Finale"],"picked":"After Image","floor":16.0},{"not_picked":["Dagger Throw","Blur","Deflect"],"picked":"Catalyst","floor":18.0},{"not_picked":["Escape Plan","Dodge and Roll","Underhanded Strike"],"picked":"Noxious Fumes","floor":20.0},{"not_picked":["Dodge and Roll","Quick Slash","Dagger Spray"],"picked":"Blur","floor":23.0},{"not_picked":["Sucker Punch","Bane","Acrobatics"],"picked":"Dagger Throw+1","floor":25.0},{"not_picked":["Reflex","Deflect+1","Eviscerate"],"picked":"Terror+1","floor":28.0},{"not_picked":["All Out Attack+1","Deflect","Infinite Blades"],"picked":"Phantasmal Killer","floor":31},{"not_picked":["Venomology","Bullet Time","Malaise"],"picked":"Storm of Steel","floor":33},{"not_picked":["Predator","Deflect","Acrobatics"],"picked":"Blur","floor":35},{"not_picked":["Bane","Prepared","Deflect+1"],"picked":"Blade Dance","floor":36},{"not_picked":["Flying Knee+1","Acrobatics","Riddle With Holes"],"picked":"Dodge and Roll+1","floor":37},{"not_picked":["All Out Attack+1","Unload","Backstab+1"],"picked":"Deadly Poison+1","floor":39},{"not_picked":["Violence","Mind Blast","HandOfGreed"],"picked":"The Bomb","floor":45}],"player_experience":337544,"relics_obtained":[{"floor":7.0,"key":"Tough Bandages"},{"floor":9.0,"key":"Question Card"},{"floor":10.0,"key":"PreservedInsect"},{"floor":23.0,"key":"Orichalcum"},{"floor":26.0,"key":"Juzu Bracelet"}],"event_choices":[{"cards_removed":["Defend_G"],"damage_healed":0.0,"max_hp_gain":0.0,"max_hp_loss":0.0,"gold_gain":0.0,"event_name":"The Cleric","player_choice":"Card Removal","floor":3.0,"gold_loss":50.0,"damage_taken":0.0},{"cards_removed":["Strike_G"],"damage_healed":0.0,"max_hp_gain":0.0,"max_hp_loss":0.0,"gold_gain":0.0,"event_name":"Wheel of Change","player_choice":"Card Removal","floor":4.0,"gold_loss":0.0,"damage_taken":0.0},{"damage_healed":0.0,"max_hp_gain":0.0,"max_hp_loss":0.0,"gold_gain":0.0,"cards_transformed":["Strike_G"],"event_name":"Transmorgrifier","player_choice":"Transformed","floor":12.0,"gold_loss":0.0,"damage_taken":0.0,"cards_obtained":["Die Die Die"]},{"damage_healed":0.0,"max_hp_gain":0.0,"max_hp_loss":0.0,"gold_gain":0.0,"event_name":"Addict","player_choice":"Obtained Relic","floor":19.0,"gold_loss":85.0,"damage_taken":0.0,"relics_obtained":["Darkstone Periapt"]},{"damage_healed":0.0,"max_hp_gain":0.0,"max_hp_loss":0.0,"gold_gain":0.0,"event_name":"Knowing Skull","player_choice":"POTION ","floor":22.0,"potions_obtained":["FairyPotion"],"gold_loss":0.0,"damage_taken":12.0,"cards_obtained":[]},{"damage_healed":0.0,"max_hp_gain":0.0,"max_hp_loss":24.0,"gold_gain":0.0,"event_name":"Vampires","player_choice":"Became a vampire","floor":27.0,"gold_loss":0.0,"damage_taken":0.0,"cards_obtained":["Bite","Bite","Bite","Bite","Bite"]},{"damage_healed":0.0,"max_hp_gain":0.0,"max_hp_loss":0.0,"gold_gain":0.0,"cards_transformed":["Bite","Defend_G"],"event_name":"Drug Dealer","player_choice":"Became Test Subject","floor":29.0,"gold_loss":0.0,"damage_taken":0.0,"cards_obtained":["Secret Technique","All Out Attack"]},{"cards_removed":["All Out Attack"],"damage_healed":18.0,"max_hp_gain":0.0,"max_hp_loss":0.0,"gold_gain":0.0,"event_name":"Bonfire Elementals","player_choice":"Offered Uncommon","floor":30.0,"gold_loss":0.0,"damage_taken":0.0},{"damage_healed":0,"gold_gain":0,"player_choice":"Embrace Madness","damage_taken":7,"max_hp_gain":0,"max_hp_loss":0,"event_name":"Winding Halls","floor":44,"gold_loss":0,"cards_obtained":["Madness","Madness"]},{"damage_healed":0,"gold_gain":0,"player_choice":"Memory 1","damage_taken":0,"max_hp_gain":0,"max_hp_loss":0,"event_name":"SensoryStone","floor":45,"gold_loss":0},{"damage_healed":0,"gold_gain":0,"player_choice":"Got Potions","damage_taken":0,"max_hp_gain":0,"max_hp_loss":0,"event_name":"Lab","floor":46,"gold_loss":0},{"damage_healed":18,"gold_gain":0,"player_choice":"Heal","damage_taken":0,"max_hp_gain":0,"max_hp_loss":0,"event_name":"MindBloom","floor":48,"gold_loss":0,"cards_obtained":["Doubt"]}],"is_beta":false,"boss_relics":[{"not_picked":["SlaversCollar","SacredBark"],"picked":"Coffee Dripper"},{"not_picked":["Runic Dome","Velvet Choker"],"picked":"Ring of the Serpent"}],"items_purged_floors":[21,38],"is_endless":false,"potions_floor_spawned":[1,5,7,14,18,28,33,35,37],"killed_by":"Shield and Spear","ascension_level":8}}