{"host":"050ensmz1fh1c58u","time":1613145218,"event":{"mods":["BaseMod","Downfall","Gremlin Mod","Minty Spire (QoL Compilation)","READ ME - Guardian Mod","StSLib","The Animator","The Bug Knight","The Cursed","The Disciple","The Servant 0.9.4"],"gold_per_floor":[99,129,167,152,186,186,186,214,214,246,246,346,346,414,431,550,550,550,561,578,528,581,229,280,311,41,41,88,88,88,88,100,199,199,99,118,168,202,447,466,538,338,358,358,375,402,402,441,456,456,456,491,119,119,119,119,119,119],"floor_reached":56,"language":"ENG","playtime":4230,"items_purged":["champ:Execute","Mind Blast","HandOfGreed"],"score":799,"play_id":"baa9a6bc-bddc-4ddc-a5c1-48696bde75df","local_time":"20210212165338","daily_mods":["Allstar","downfall:Jewelcrafting","Terminal"],"is_ascension_mode":false,"campfire_choices":[{"data":"champ:PerfectedStrike","floor":11,"key":"SMITH"},{"data":"Guardian:ExploitGems","floor":13,"key":"SMITH"},{"data":"Guardian:ExploitGems","floor":18,"key":"SMITH"},{"data":"champ:PerfectedStrike","floor":27,"key":"SMITH"},{"data":"champ:StrikeOfGenius","floor":30,"key":"SMITH"},{"floor":35,"key":"RECALL"},{"data":"champ:BladeFlurry","floor":42,"key":"SMITH"},{"floor":54,"key":"REST"}],"circlet_count":0,"master_deck":["champ:Strike","champ:Strike","champ:Strike","champ:Strike","champ:Defend","champ:Defend","champ:Defend","champ:Taunt","Guardian:ExploitGems+1","Guardian:ExploitGems+1","Enlightenment","Secret Technique","Secret Weapon","champ:PerfectedStrike+1","champ:PerfectedStrike+1","champ:StrikeOfGenius+1","champ:BladeFlurry+1","champ:ArenaPreparation+1","champ:PerfectedStrike+1","champ:GladiatorStyle+1","champ:BladeFlurry"],"relics":["champ:ChampionCrown","Guardian:PickAxe","Matryoshka","Toy Ornithopter","WristBlade","Odd Mushroom","Black Star","champ:SpectersHand","Ancient Tea Set","champ:FightingForDummies","Bottled Lightning","hexamod:CandleOfCauterizing","Toxic Egg 2","Enchiridion","Sozu","downfall:HeartBlessingGreen","Unceasing Top","Slimebound:StickyStick","downfall:HeartBlessingBlue","downfall:HeartBlessingRed","Nunchaku","Letter Opener","downfall:ExtraCursedKey","PreservedInsect","HollowMod:StagPassRelic","HollowMod:LifeEnderRelic"],"acts_visited":["Exordium","TheCity","TheBeyond","TheEnding"],"potions_floor_usage":[8,12,20,28,28,28,39,46],"damage_taken":[{"damage":11,"enemies":"Jaw Worm","floor":2,"turns":3},{"damage":0,"enemies":"2 Louse","floor":3,"turns":2},{"damage":0,"enemies":"downfall:FleeingMerchant","floor":4,"turns":4},{"damage":0,"enemies":"Small Slimes","floor":5,"turns":3},{"damage":10,"enemies":"Gremlin Nob","floor":8,"turns":3},{"damage":14,"enemies":"Lots of Slimes","floor":10,"turns":6},{"damage":12,"enemies":"Lots of Slimes","floor":12,"turns":2},{"damage":15,"enemies":"The Mushroom Lair","floor":14,"turns":4},{"damage":0,"enemies":"Large Slime","floor":15,"turns":3},{"damage":8,"enemies":"IC_STATUS_ARCHETYPE","floor":16,"turns":5},{"damage":0,"enemies":"Chosen","floor":19,"turns":3},{"damage":11,"enemies":"Shelled Parasite and Fungi","floor":20,"turns":2},{"damage":10,"enemies":"Centurion and Healer","floor":22,"turns":4},{"damage":0,"enemies":"downfall:FleeingMerchant","floor":23,"turns":4},{"damage":3,"enemies":"Snecko","floor":25,"turns":3},{"damage":4,"enemies":"downfall:FleeingMerchant","floor":26,"turns":4},{"damage":0,"enemies":"Slavers","floor":28,"turns":3},{"damage":0,"enemies":"Snake Plant","floor":32,"turns":2},{"damage":10,"enemies":"DF_ARCHETYPE_CLAW","floor":33,"turns":6},{"damage":0,"enemies":"3 Darklings","floor":36,"turns":4},{"damage":0,"enemies":"3 Darklings","floor":37,"turns":4},{"damage":0,"enemies":"3 Shapes","floor":38,"turns":2},{"damage":0,"enemies":"downfall:FleeingMerchant","floor":39,"turns":3},{"damage":15,"enemies":"Transient","floor":40,"turns":5},{"damage":5,"enemies":"Writhing Mass","floor":43,"turns":3},{"damage":0,"enemies":"Jaw Worm Horde","floor":45,"turns":3},{"damage":18,"enemies":"Nemesis","floor":46,"turns":3},{"damage":0,"enemies":"4 Shapes","floor":48,"turns":3},{"damage":35,"enemies":"Spire Growth","floor":49,"turns":2},{"damage":7,"enemies":"WA_ARCHETYPE_DIVINITY","floor":50,"turns":6},{"damage":41,"enemies":"downfall:CharBossMerchant","floor":52,"turns":6},{"damage":28,"enemies":"downfall:NeowBoss","floor":55,"turns":9},{"damage":31,"enemies":"downfall:NeowBossFinal","floor":56,"turns":2}],"seed_played":"-2586182931171934921","potions_obtained":[{"floor":5,"key":"Explosive Potion"},{"floor":10,"key":"DistilledChaos"},{"floor":14,"key":"FearPotion"},{"floor":15,"key":"champ:CounterPotion"},{"floor":20,"key":"CultistPotion"},{"floor":25,"key":"Explosive Potion"},{"floor":28,"key":"Guardian:BlockOnCardUsePotion"},{"floor":33,"key":"champ:CounterPotion"}],"is_trial":true,"path_per_floor":["R","M","M","$","M","R","T","E","R","M","R","?","R","?","M","B",null,"R","M","M","?","M","$","T","M","$","R","E","?","R","?","M","B",null,"R","M","?","M","$","M","T","R","M","?","M","E","?","M","M","B",null,"E","$","R","B","B"],"character_chosen":"THE_CHAMP","items_purchased":["champ:SpectersHand","Bottled Lightning","HollowMod:LifeEnderRelic"],"campfire_rested":1,"item_purchase_floors":[23,26,53],"current_hp_per_floor":[88,87,86,85,84,83,82,81,80,76,76,76,76,61,61,53,72,71,70,59,68,67,66,65,62,58,58,61,60,59,43,43,33,55,54,53,52,51,50,49,48,57,56,55,54,37,37,37,37,30,48,7,7,20,17,0,0,0],"gold":119,"neow_bonus":"","is_daily":false,"chose_seed":false,"campfire_upgraded":6,"win_rate":0.0,"timestamp":1613145218,"path_taken":["R","M","M","$","M","R","T","E","R","M","R","?","R","?","M","BOSS","R","M","M","?","M","$","T","M","$","R","E","?","R","?","M","BOSS","R","M","?","M","$","M","T","R","M","?","?","E","?","M","M","BOSS","E","$","R","BOSS","BOSS"],"items_purchased_type":["Relic","Relic","Relic"],"build_version":"2020-12-22","purchased_purges":3,"victory":false,"max_hp_per_floor":[88,87,86,85,84,83,82,81,80,79,78,77,76,75,74,73,72,71,70,69,68,67,66,65,64,63,62,61,60,59,58,57,56,55,54,53,52,51,50,49,48,57,56,55,54,53,52,51,50,49,48,47,46,45,44,44,44,44],"card_choices":[{"not_picked":["champ:CalledShot","champ:BladeFlurry"],"picked":"champ:PerfectedStrike","floor":2},{"not_picked":["champ:FalseCounter","champ:EndlessRage"],"picked":"champ:PerfectedStrike","floor":3},{"not_picked":["champ:Backstep","champ:AdrenalArmor","champ:SteelEdge"],"picked":"SKIP","floor":4},{"not_picked":["champ:StanceDance","champ:FocusedBerserking","champ:FlashCut"],"picked":"SKIP","floor":5},{"not_picked":["champ:StrikeOfGenius","champ:BerserkersShout","champ:SwordSigil"],"picked":"SKIP","floor":8},{"not_picked":["champ:SwordSigil","champ:SkillfulDodge","champ:RapidStrikes"],"picked":"SKIP","floor":10},{"not_picked":["champ:ShieldWall","champ:AdrenalArmor","champ:Shatter"],"picked":"SKIP","floor":15},{"not_picked":["champ:UltimateStance","champ:SteelEdge"],"picked":"champ:StrikeOfGenius","floor":16},{"not_picked":["champ:SwordSigil","champ:RisingSlash","champ:CrookedStrike+1"],"picked":"SKIP","floor":19},{"not_picked":["champ:AdrenalArmor","champ:BerserkerStyle","champ:FocusedBerserking+1"],"picked":"SKIP","floor":20},{"not_picked":["champ:TornadoPunch","champ:ShieldSigil","champ:EnGarde"],"picked":"SKIP","floor":22},{"not_picked":["champ:BerserkersShout","champ:Parry","champ:Duel"],"picked":"SKIP","floor":23},{"not_picked":["champ:Circumvent","champ:DefensiveStyle","champ:BringItOn"],"picked":"SKIP","floor":25},{"not_picked":["champ:Backstep+1","champ:RapidStrikes","champ:FlashCut"],"picked":"SKIP","floor":26},{"not_picked":["champ:FlashCut","champ:StanceDance+1","champ:Shatter"],"picked":"SKIP","floor":28},{"not_picked":["champ:DeathBlow","champ:ShieldSigil+1"],"picked":"champ:BladeFlurry","floor":32},{"not_picked":["champ:TornadoPunch+1","champ:ShieldSlam+1","champ:RapidStrikes+1"],"picked":"SKIP","floor":36},{"not_picked":["champ:PreemptiveStrike","champ:HeartStrike+1"],"picked":"champ:ArenaPreparation+1","floor":38},{"not_picked":["champ:EnGarde+1","champ:DefensiveStyle+1","champ:DefensiveShout+1"],"picked":"SKIP","floor":39},{"not_picked":["champ:CalledShot+1","champ:DefensiveShout+1"],"picked":"champ:PerfectedStrike+1","floor":40},{"not_picked":["champ:FlashCut","champ:GladiatorStyle+1","champ:AdrenalArmor+1"],"picked":"SKIP","floor":43},{"not_picked":["champ:FlashCut","champ:AdrenalArmor+1"],"picked":"champ:GladiatorStyle+1","floor":43},{"not_picked":["champ:FocusedBerserking+1","champ:ShieldSigil+1","champ:FancyFootwork+1"],"picked":"SKIP","floor":45},{"not_picked":["champ:DefensiveShout+1","champ:HeavySlash","champ:TornadoPunch+1"],"picked":"SKIP","floor":46},{"not_picked":["champ:Shatter","champ:BladeFlurry","champ:FanOfKnives"],"picked":"SKIP","floor":48},{"not_picked":["champ:TornadoPunch+1","champ:SetATrap+1","champ:BerserkersShout+1"],"picked":"SKIP","floor":49},{"not_picked":["champ:RageSigil+1","champ:FaceSlap+1","champ:FancyFootwork+1"],"picked":"SKIP","floor":52}],"player_experience":1598283,"relics_obtained":[{"floor":7,"key":"Matryoshka"},{"floor":8,"key":"Toy Ornithopter"},{"floor":12,"key":"WristBlade"},{"floor":14,"key":"Odd Mushroom"},{"floor":24,"key":"Ancient Tea Set"},{"floor":24,"key":"champ:FightingForDummies"},{"floor":28,"key":"hexamod:CandleOfCauterizing"},{"floor":28,"key":"Toxic Egg 2"},{"floor":31,"key":"Enchiridion"},{"floor":37,"key":"Unceasing Top"},{"floor":41,"key":"Slimebound:StickyStick"},{"floor":46,"key":"Nunchaku"},{"floor":46,"key":"Letter Opener"},{"floor":52,"key":"PreservedInsect"},{"floor":52,"key":"HollowMod:StagPassRelic"}],"event_choices":[{"damage_healed":0,"gold_gain":0,"player_choice":"Fought Mushrooms","damage_taken":0,"max_hp_gain":0,"max_hp_loss":0,"event_name":"Mushrooms","floor":14,"gold_loss":0}],"is_beta":false,"boss_relics":[{"not_picked":["Runic Dome","SlaversCollar"],"picked":"Black Star"},{"not_picked":["Cursed Key","Coffee Dripper"],"picked":"Sozu"}],"items_purged_floors":[23,39,53],"is_endless":false,"potions_floor_spawned":[5,10,14,15,20,25,28,33,37,43,45,48,49],"killed_by":"downfall:NeowBossFinal","ascension_level":0}}