{"host":"znvnxllcillb3rtw","time":1613109569,"event":{"mods":["BaseMod","DeckTracker","Minty Spire (QoL Compilation)","Relic Stats","StSLib","SuperFastMode","everything is the same but u backflip on backflip"],"gold_per_floor":[111,111,111,129,129,164,164,164,164,174,174,254,179,194,194,271,271,282,182,182,182,198,198,73,86,154,168,196,196,210,227,227,301,301,319,319,319,335,96,127,127,157,157,170,220,220,45,79,79,79,79,79,79,79,108,108],"floor_reached":57,"language":"KOR","playtime":1966,"items_purged":["Strike_G","Strike_G","Strike_G+1","Defend_G","Defend_G"],"score":3412,"play_id":"56a22639-0911-49d9-8299-5975f7a0269f","local_time":"20210212145929","is_ascension_mode":true,"campfire_choices":[{"data":"Deadly Poison","floor":7.0,"key":"SMITH"},{"data":"Prepared","floor":11.0,"key":"SMITH"},{"floor":15.0,"key":"RECALL"},{"data":"Expertise","floor":23.0,"key":"SMITH"},{"floor":29.0,"key":"REST"},{"floor":32.0,"key":"REST"},{"data":"Tactician","floor":41,"key":"SMITH"},{"data":"Acrobatics","floor":46,"key":"SMITH"},{"floor":49,"key":"REST"},{"data":"Deflect","floor":53,"key":"SMITH"}],"circlet_count":0,"master_deck":["AscendersBane","Defend_G","Survivor+1","Neutralize","Deadly Poison+1","Grand Finale","Deflect+1","Prepared+1","After Image","Expertise+1","Grand Finale","Acrobatics+1","Leg Sweep","Tactician+1","Reflex+1"],"relics":["Ring of the Snake","NeowsBlessing","Tiny Chest","Question Card","Mango","Shuriken","Runic Pyramid","Mercury Hourglass","Molten Egg 2","Philosopher\u0027s Stone","Juzu Bracelet","Gambling Chip","Regal Pillow","Du-Vu Doll","Vajra","Centennial Puzzle"],"acts_visited":["Exordium","TheCity","TheBeyond","TheEnding"],"potions_floor_usage":[56],"damage_taken":[{"damage":0.0,"enemies":"Small Slimes","floor":1.0,"turns":1.0},{"damage":0.0,"enemies":"2 Louse","floor":4.0,"turns":1.0},{"damage":0.0,"enemies":"Gremlin Nob","floor":6.0,"turns":1.0},{"damage":8.0,"enemies":"Jaw Worm","floor":10.0,"turns":4.0},{"damage":0.0,"enemies":"2 Fungi Beasts","floor":14.0,"turns":4.0},{"damage":27.0,"enemies":"Hexaghost","floor":16.0,"turns":11.0},{"damage":4.0,"enemies":"Shell Parasite","floor":18.0,"turns":5.0},{"damage":0.0,"enemies":"2 Thieves","floor":22.0,"turns":3.0},{"damage":6.0,"enemies":"3 Cultists","floor":25.0,"turns":4.0},{"damage":0.0,"enemies":"Sentry and Sphere","floor":27.0,"turns":2.0},{"damage":18.0,"enemies":"Slavers","floor":28.0,"turns":2.0},{"damage":23.0,"enemies":"Cultist and Chosen","floor":30.0,"turns":4.0},{"damage":0.0,"enemies":"Chosen and Byrds","floor":31.0,"turns":2.0},{"damage":0.0,"enemies":"Collector","floor":33.0,"turns":3.0},{"damage":17.0,"enemies":"3 Darklings","floor":35.0,"turns":2.0},{"damage":7.0,"enemies":"3 Shapes","floor":38.0,"turns":2.0},{"damage":0,"enemies":"Reptomancer","floor":40,"turns":2},{"damage":0,"enemies":"Nemesis","floor":42,"turns":3},{"damage":0,"enemies":"Writhing Mass","floor":44,"turns":2},{"damage":0,"enemies":"Giant Head","floor":48,"turns":1},{"damage":0,"enemies":"Donu and Deca","floor":50,"turns":1},{"damage":0,"enemies":"Awakened One","floor":51,"turns":3},{"damage":0,"enemies":"Shield and Spear","floor":55,"turns":1},{"damage":66,"enemies":"The Heart","floor":56,"turns":6}],"seed_played":"-3614399749115011420","potions_obtained":[{"floor":10.0,"key":"CultistPotion"},{"floor":21.0,"key":"Energy Potion"},{"floor":21.0,"key":"CunningPotion"},{"floor":30.0,"key":"LiquidBronze"}],"is_trial":false,"path_per_floor":["M","?","?","M","T","E","R","?","T","M","R","T","$","M","R","B",null,"M","$","?","?","M","R","$","M","T","M","E","R","M","M","R","B",null,"M","T","?","M","$","E","R","E","T","M","?","R","$","E","R","B","B",null,"R","$","E","B",null],"character_chosen":"THE_SILENT","items_purchased":["Tactician"],"campfire_rested":3,"item_purchase_floors":[39],"current_hp_per_floor":[59,59,48,48,48,62,62,38,38,30,30,30,30,30,30,3,61,57,57,57,57,57,57,57,51,51,51,33,57,34,34,58,58,75,58,58,58,51,51,51,51,51,51,51,51,51,51,51,80,80,80,80,80,80,80,14],"gold":108,"neow_bonus":"THREE_ENEMY_KILL","is_daily":false,"chose_seed":false,"campfire_upgraded":6,"win_rate":0.0,"timestamp":1613109569,"path_taken":["M","?","?","M","?","E","R","?","T","?","R","?","$","M","R","BOSS","M","$","?","?","M","R","$","M","T","?","E","R","M","M","R","BOSS","M","?","?","M","$","E","R","E","T","M","?","R","$","E","R","BOSS","BOSS","R","$","E","BOSS"],"items_purchased_type":["Card"],"build_version":"2020-12-22","purchased_purges":5,"victory":true,"max_hp_per_floor":[66,66,66,66,66,80,80,80,80,80,80,80,80,80,80,80,80,80,80,80,80,80,80,80,80,80,80,80,80,80,80,80,80,80,80,80,80,80,80,80,80,80,80,80,80,80,80,80,80,80,80,80,80,80,80,80],"relic_stats":{"Regal Pillow":5,"Centennial Puzzle":[3],"counters":[24,70],"Shuriken":[27],"Gambling Chip":[22],"Tiny Chest":2,"Juzu Bracelet":1,"Question Card":19,"obtain_stats":[{"Regal Pillow":42,"NeowsBlessing":0,"Vajra":48,"Mango":6,"Juzu Bracelet":36,"Question Card":5,"Mercury Hourglass":26,"Du-Vu Doll":43,"Centennial Puzzle":55,"Shuriken":12,"Gambling Chip":40,"Tiny Chest":3,"Molten Egg 2":28,"Philosopher\u0027s Stone":34,"Ring of the Snake":0,"Runic Pyramid":17},{"Regal Pillow":18,"NeowsBlessing":0,"Vajra":20,"Mango":3,"Juzu Bracelet":15,"Question Card":2,"Mercury Hourglass":9,"Du-Vu Doll":18,"Centennial Puzzle":23,"Shuriken":4,"Gambling Chip":17,"Tiny Chest":1,"Molten Egg 2":11,"Philosopher\u0027s Stone":14,"Ring of the Snake":0,"Runic Pyramid":6},{"Regal Pillow":56,"NeowsBlessing":0,"Vajra":59,"Mango":3,"Juzu Bracelet":49,"Question Card":2,"Mercury Hourglass":34,"Du-Vu Doll":56,"Centennial Puzzle":64,"Shuriken":7,"Gambling Chip":53,"Tiny Chest":1,"Molten Egg 2":38,"Philosopher\u0027s Stone":47,"Ring of the Snake":0,"Runic Pyramid":22}],"Ring of the Snake":[48],"Mercury Hourglass":[190]},"card_choices":[{"not_picked":["Poisoned Stab","Prepared"],"picked":"Deadly Poison","floor":1.0},{"not_picked":["Caltrops","Slice"],"picked":"Deflect","floor":4.0},{"not_picked":["Finisher","Quick Slash","Flying Knee","Accuracy"],"picked":"SKIP","floor":6.0},{"not_picked":["PiercingWail","Dodge and Roll","Sucker Punch"],"picked":"Prepared","floor":10.0},{"not_picked":["PiercingWail","Deflect","Accuracy","Bullet Time"],"picked":"SKIP","floor":14.0},{"not_picked":["Glass Knife","Corpse Explosion","Wraith Form v2"],"picked":"After Image","floor":16.0},{"not_picked":["Well Laid Plans","Bouncing Flask","Sucker Punch","Flying Knee"],"picked":"SKIP","floor":18.0},{"not_picked":["Blade Dance+1","PiercingWail","Flechettes+1","Bane"],"picked":"SKIP","floor":22.0},{"not_picked":["Bane","Quick Slash","PiercingWail","Terror+1"],"picked":"SKIP","floor":25.0},{"not_picked":["Dodge and Roll+1","Slice","Crippling Poison","Bouncing Flask"],"picked":"SKIP","floor":27.0},{"not_picked":["Caltrops","Choke+1","Sucker Punch+1","Leg Sweep"],"picked":"SKIP","floor":28.0},{"not_picked":["PiercingWail","Bane+1","Outmaneuver","Deflect"],"picked":"SKIP","floor":30.0},{"not_picked":["Storm of Steel","Terror+1","Blade Dance","Deflect"],"picked":"SKIP","floor":31.0},{"not_picked":["Terror","Caltrops+1","Accuracy+1"],"picked":"Acrobatics","floor":35.0},{"not_picked":["Predator+1","Terror","Bane+1","Bouncing Flask"],"picked":"SKIP","floor":38.0},{"not_picked":["Backflip","Backstab+1","Blade Dance+1"],"picked":"Reflex+1","floor":40},{"not_picked":["Escape Plan","Dodge and Roll","Flying Knee+1","Terror"],"picked":"SKIP","floor":42},{"not_picked":["Reflex","Poisoned Stab+1","Underhanded Strike+1","Sucker Punch+1"],"picked":"SKIP","floor":44},{"not_picked":["Tools of the Trade","PiercingWail","Deflect","Infinite Blades+1"],"picked":"SKIP","floor":48},{"not_picked":["Catalyst","Endless Agony+1","Flying Knee+1","Sucker Punch+1"],"picked":"SKIP","floor":55}],"player_experience":2895771,"relics_obtained":[{"floor":5.0,"key":"Question Card"},{"floor":6.0,"key":"Mango"},{"floor":12.0,"key":"Shuriken"},{"floor":26.0,"key":"Mercury Hourglass"},{"floor":28.0,"key":"Molten Egg 2"},{"floor":36.0,"key":"Juzu Bracelet"},{"floor":40,"key":"Gambling Chip"},{"floor":42,"key":"Regal Pillow"},{"floor":43,"key":"Du-Vu Doll"},{"floor":48,"key":"Vajra"},{"floor":55,"key":"Centennial Puzzle"}],"event_choices":[{"damage_healed":0.0,"max_hp_gain":0.0,"max_hp_loss":0.0,"gold_gain":0.0,"cards_transformed":["Strike_G"],"event_name":"Living Wall","player_choice":"Change","floor":2.0,"gold_loss":0.0,"damage_taken":0.0,"cards_obtained":["Grand Finale"]},{"damage_healed":0.0,"max_hp_gain":0.0,"max_hp_loss":0.0,"gold_gain":0.0,"event_name":"Scrap Ooze","player_choice":"Success","floor":3.0,"gold_loss":0.0,"damage_taken":11.0,"relics_obtained":["Tiny Chest"]},{"damage_healed":0.0,"max_hp_gain":0.0,"max_hp_loss":0.0,"gold_gain":0.0,"event_name":"Shining Light","player_choice":"Entered Light","floor":8.0,"gold_loss":0.0,"damage_taken":24.0,"cards_upgraded":["Survivor","Strike_G"]},{"damage_healed":0.0,"max_hp_gain":0.0,"max_hp_loss":0.0,"gold_gain":0.0,"cards_transformed":["Strike_G","Defend_G"],"event_name":"Drug Dealer","player_choice":"Became Test Subject","floor":20.0,"gold_loss":0.0,"damage_taken":0.0,"cards_obtained":["Expertise","Grand Finale"]},{"damage_healed":0.0,"max_hp_gain":0.0,"max_hp_loss":0.0,"gold_gain":0.0,"event_name":"Lab","player_choice":"Got Potions","floor":21.0,"gold_loss":0.0,"damage_taken":0.0},{"damage_healed":0.0,"max_hp_gain":0.0,"max_hp_loss":0.0,"gold_gain":0.0,"cards_transformed":["Defend_G"],"event_name":"Transmorgrifier","player_choice":"Transformed","floor":37.0,"gold_loss":0.0,"damage_taken":0.0,"cards_obtained":["Leg Sweep"]},{"damage_healed":0,"gold_gain":50,"player_choice":"Pray","damage_taken":0,"max_hp_gain":0,"max_hp_loss":0,"event_name":"Golden Shrine","floor":45,"gold_loss":0}],"is_beta":false,"boss_relics":[{"not_picked":["Ring of the Serpent","Cursed Key"],"picked":"Runic Pyramid"},{"not_picked":["Velvet Choker","SacredBark"],"picked":"Philosopher\u0027s Stone"}],"items_purged_floors":[13,19,24,39,47],"is_endless":false,"potions_floor_spawned":[10,25,27,30,35,44,48],"ascension_level":20}}