{"host":"lnnm69al9x392px5","time":1613112972,"event":{"mods":["BaseMod","Downfall","Minty Spire (QoL Compilation)","Reliquary","Replay The Spire","StSLib"],"gold_per_floor":[99,111,122,140,151,151,151,162,178,178,204,217,217,23,34,137,137,137,153,153,153,138,150,150,269,281,295,295,295,295],"floor_reached":28,"language":"ENG","playtime":1286,"items_purged":[],"score":224,"play_id":"02c6b7f8-6984-458c-8754-183cf66a83e5","local_time":"20210211225612","is_ascension_mode":false,"campfire_choices":[{"floor":1,"key":"DIG"},{"data":"hexamod:HexaLevel","floor":6,"key":"SMITH"},{"data":"hexamod:RainOfEmbers","floor":10,"key":"SMITH"},{"data":"hexamod:SuperheatedStrike","floor":13,"key":"SMITH"},{"data":"hexamod:ForkedFlame","floor":18,"key":"SMITH"}],"circlet_count":0,"master_deck":["hexamod:Strike","hexamod:Strike","hexamod:Strike","hexamod:Defend","hexamod:Defend","hexamod:Defend","hexamod:Defend","hexamod:Sear","hexamod:Float","hexamod:RainOfEmbers+1","hexamod:NightmareGuise","hexamod:HexaLevel+1","hexamod:BurningTouch","hexamod:SpectersWail+1","hexamod:HauntingEcho","hexamod:SpectersWail","hexamod:SuperheatedStrike+1","hexamod:FastForward","hexamod:ThirdSeal","Sadistic Nature+1","hexamod:PowerFromBeyond","hexamod:ForkedFlame+1","hexamod:WildfireWeapon","hexamod:RainOfEmbers","hexamod:HeatCrush","hexamod:FlamesFromBeyond","hexamod:SoulSteal","hexamod:Incineration","hexamod:BurningTouch+1","hexamod:ExtraCrispy","hexamod:ExtraCrispy","hexamod:SpectralSpark","hexamod:RetreatToShadows"],"relics":["hexamod:SpiritBrand","Eternal Feather","Boot","Bag of Marbles","reliquary:WritOfMandamus","reliquary:Buckler"],"acts_visited":["Exordium","TheCity"],"potions_floor_usage":[5,11,27,28],"damage_taken":[{"damage":0,"enemies":"Cultist","floor":2,"turns":3},{"damage":0,"enemies":"2 Louse","floor":3,"turns":2},{"damage":1,"enemies":"Jaw Worm","floor":4,"turns":3},{"damage":25,"enemies":"Gremlin Gang","floor":5,"turns":5},{"damage":3,"enemies":"Lots of Slimes","floor":8,"turns":3},{"damage":0,"enemies":"Exordium Thugs","floor":9,"turns":5},{"damage":17,"enemies":"3 Sentries","floor":11,"turns":6},{"damage":6,"enemies":"3 Louse","floor":12,"turns":2},{"damage":5,"enemies":"downfall:FleeingMerchant","floor":14,"turns":4},{"damage":1,"enemies":"Exordium Wildlife","floor":15,"turns":3},{"damage":4,"enemies":"IC_STATUS_ARCHETYPE","floor":16,"turns":4},{"damage":18,"enemies":"3 Byrds","floor":19,"turns":3},{"damage":10,"enemies":"downfall:FleeingMerchant","floor":22,"turns":4},{"damage":12,"enemies":"Shell Parasite","floor":23,"turns":2},{"damage":1,"enemies":"downfall:FleeingMerchant","floor":25,"turns":3},{"damage":13,"enemies":"3 Cultists","floor":26,"turns":4},{"damage":7,"enemies":"Cultist and Chosen","floor":27,"turns":4},{"damage":15,"enemies":"Snecko","floor":28,"turns":2}],"seed_played":"-8953754493578029024","potions_obtained":[{"floor":4,"key":"AttackPotion"},{"floor":8,"key":"Strength Potion"},{"floor":9,"key":"Fire Potion"},{"floor":21,"key":"CultistPotion"},{"floor":26,"key":"SpeedPotion"}],"is_trial":false,"path_per_floor":["R","M","M","M","M","R","T","M","M","R","E","M","R","$","M","B",null,"R","M","?","?","$","M","T","$","M","M","M"],"character_chosen":"THE_SPIRIT","items_purchased":["Sadistic Nature","reliquary:Buckler","hexamod:ExtraCrispy"],"campfire_rested":0,"item_purchase_floors":[14,25,25],"current_hp_per_floor":[70,70,70,69,44,50,50,47,47,56,39,33,42,37,36,32,70,70,52,52,52,42,30,30,29,16,9,0,0,0],"gold":295,"neow_bonus":"TRANSFORM_CARD","is_daily":false,"chose_seed":false,"campfire_upgraded":4,"win_rate":0.0,"timestamp":1613112972,"path_taken":["R","M","?","M","M","R","T","M","M","R","E","M","R","$","M","BOSS","R","M","?","?","$","M","T","$","M","M","M"],"items_purchased_type":["Card","Relic","Card"],"build_version":"2020-12-22","purchased_purges":0,"victory":false,"max_hp_per_floor":[70,70,70,70,70,70,70,70,70,70,70,70,70,70,70,70,70,70,70,70,70,70,70,70,70,70,70,70,70,70],"card_choices":[{"not_picked":["hexamod:BacktrackSmack","hexamod:Rewind"],"picked":"hexamod:NightmareGuise","floor":2},{"not_picked":["hexamod:SuperheatedStrike","hexamod:GhostOfSpirePast"],"picked":"hexamod:HexaLevel","floor":3},{"not_picked":["hexamod:ExtraCrispy","hexamod:InspiringFlames"],"picked":"hexamod:BurningTouch","floor":4},{"not_picked":["hexamod:DynamicBlow","hexamod:SkipABeat"],"picked":"hexamod:SpectersWail","floor":5},{"not_picked":["hexamod:NightmareGuise","hexamod:DynamicBlow"],"picked":"hexamod:HauntingEcho","floor":8},{"not_picked":["hexamod:PowerFromBeyond","hexamod:StepThrough"],"picked":"hexamod:SpectersWail","floor":9},{"not_picked":["hexamod:ShieldOfDarkness","hexamod:GhostLash"],"picked":"hexamod:SuperheatedStrike","floor":11},{"not_picked":["hexamod:SwordOfDarkness","hexamod:HeatShield"],"picked":"hexamod:FastForward","floor":12},{"not_picked":["hexamod:FourthSeal","hexamod:PowerFromBeyond"],"picked":"hexamod:ThirdSeal","floor":14},{"not_picked":["hexamod:RadiantFlame","hexamod:NightmareStrike"],"picked":"hexamod:PowerFromBeyond","floor":15},{"not_picked":["hexamod:GhostLash","hexamod:GhostShield"],"picked":"hexamod:ForkedFlame","floor":15},{"not_picked":["hexamod:UnlimitedPower","hexamod:ApocalypticArmor"],"picked":"hexamod:WildfireWeapon","floor":16},{"not_picked":["hexamod:NightmareGuise+1","hexamod:BacktrackSmack"],"picked":"hexamod:RainOfEmbers","floor":19},{"not_picked":["hexamod:NightmareStrike","hexamod:ShieldOfDarkness"],"picked":"hexamod:FlamesFromBeyond","floor":22},{"not_picked":["hexamod:Firestarter","hexamod:HeatMetal+1"],"picked":"hexamod:SoulSteal","floor":22},{"not_picked":["hexamod:HeatCrush","hexamod:NightmareStrike+1"],"picked":"hexamod:Incineration","floor":23},{"not_picked":["hexamod:FlameSwitch","hexamod:BacktrackSmack"],"picked":"hexamod:BurningTouch+1","floor":25},{"not_picked":["hexamod:AdvancingGuard","hexamod:Rewind"],"picked":"hexamod:SpectralSpark","floor":26},{"not_picked":["hexamod:SpectersWail","hexamod:ShieldOfDarkness"],"picked":"hexamod:RetreatToShadows","floor":26},{"not_picked":["hexamod:ExtraCrispy+1","hexamod:InspiringFlames","hexamod:AdvancingGuard"],"picked":"SKIP","floor":27}],"player_experience":295094,"relics_obtained":[{"floor":1,"key":"Eternal Feather"},{"floor":7,"key":"Boot"},{"floor":11,"key":"Bag of Marbles"}],"event_choices":[{"damage_healed":0,"gold_gain":0,"player_choice":"Read","damage_taken":0,"max_hp_gain":0,"max_hp_loss":0,"event_name":"The Library","floor":20,"gold_loss":0,"cards_obtained":["hexamod:HeatCrush"]}],"is_beta":false,"boss_relics":[{"not_picked":["Snecko Eye","Replay:Bronze Core"],"picked":"reliquary:WritOfMandamus"}],"items_purged_floors":[],"is_endless":false,"potions_floor_spawned":[4,8,9,26],"killed_by":"Snecko","ascension_level":0}}