{"host":"enpah696raxjhbxd","time":1613131948,"event":{"mods":["BaseMod","Challenge The Spire","Chen","Colored Powertips","Friendly Minions","Minty Spire (QoL Compilation)","Replay The Spire","StSLib","TestMod","The Bladedancer","The Poker Player","UnlockEverythingMod"],"gold_per_floor":[109,109,109,109,128,160,160,177,177,189,223,223,257,273,273,374,374,392,392,246,246,259,284,284,308,308,318,335,360,373,387,387,488,488,504,504,299,313,328,359,359,390,413,440,199,212,212,225,225,225,225,225,38,62,62],"floor_reached":56,"language":"ZHS","playtime":2295,"items_purged":["blademaster:AspectOfLightning"],"score":2543,"play_id":"8c33e57e-5ded-4b8c-98f7-f00f199b6844","local_time":"20210212201228","is_ascension_mode":true,"campfire_choices":[{"data":"blademaster:Bloodbath","floor":7,"key":"SMITH"},{"data":"blademaster:LeechingStrike","floor":12,"key":"SMITH"},{"data":"blademaster:RagingBlow","floor":15,"key":"SMITH"},{"floor":24,"key":"RECALL"},{"data":"blademaster:ColdBlood","floor":41,"key":"SMITH"},{"data":"testmod-PerfectCombo+5","floor":49,"key":"SMITH"}],"circlet_count":0,"master_deck":["blademaster:Strike+1","blademaster:Strike+1","blademaster:Strike+1","blademaster:Strike+1","blademaster:Defend+1","blademaster:Defend+1","blademaster:Defend+1","blademaster:RagingBlow+1","blademaster:HighVoltage+1","blademaster:TraverseCut+1","blademaster:Bloodbath+1","blademaster:LeechingStrike+1","blademaster:ThunderingOpener+1","blademaster:Stability+1","blademaster:ThunderSlash+1","blademaster:Flurry+1","Mayhem+1","testmod-PainDetonator+1","testmod-PerfectCombo+8","blademaster:ColdBlood+1","blademaster:Safeguard+1","blademaster:AncestralHealing+1","testmod-EternalityOfKhronos+1","blademaster:FuriousStrike+1"],"relics":["blademaster:DancersAmulet","testmod-TestBox","NeowsBlessing","testmod-Alchemist","StrikeDummy","White Beast Statue","Blue Candle","testmod-BloodSacrificeSpiritualization","testmod-Charity","Chameleon Ring","Ornamental Fan","Molten Egg 2","Iron Hammer","ReplayTheSpireMod:ShopPack","ReplayTheSpireMod:Shallot","Regal Pillow","Replay:Mystery Machine","testmod-LifeArmor","testmod-ArcanaOfDestiny","InkBottle"],"acts_visited":["Exordium","TheCity","TheBeyond","TheEnding"],"potions_floor_usage":[13,16,22,23,25,29,30,31,33,33,33,33,33,33,39,39,40,46,48,50,55,55,55],"damage_taken":[{"damage":0,"enemies":"Jaw Worm","floor":1,"turns":1},{"damage":0,"enemies":"2 Louse","floor":5,"turns":1},{"damage":0,"enemies":"Gremlin Nob","floor":6,"turns":1},{"damage":4,"enemies":"Small Slimes","floor":8,"turns":3},{"damage":18,"enemies":"Exordium Wildlife","floor":10,"turns":3},{"damage":12,"enemies":"Lagavulin","floor":11,"turns":5},{"damage":14,"enemies":"3 Sentries","floor":13,"turns":5},{"damage":8,"enemies":"Blue Slaver","floor":14,"turns":3},{"damage":8,"enemies":"Slime Boss","floor":16,"turns":6},{"damage":7,"enemies":"Spheric Guardian","floor":18,"turns":1},{"damage":19,"enemies":"3 Byrds","floor":22,"turns":4},{"damage":41,"enemies":"Replay:Snechameleon","floor":23,"turns":3},{"damage":25,"enemies":"Slavers","floor":25,"turns":3},{"damage":1,"enemies":"Centurion and Healer","floor":27,"turns":3},{"damage":19,"enemies":"Snake Plant","floor":28,"turns":3},{"damage":8,"enemies":"Gremlin Leader","floor":29,"turns":4},{"damage":8,"enemies":"Shelled Parasite and Fungi","floor":30,"turns":3},{"damage":13,"enemies":"Snecko","floor":31,"turns":3},{"damage":0,"enemies":"Pondfish","floor":33,"turns":5},{"damage":8,"enemies":"Orb Walker","floor":35,"turns":1},{"damage":15,"enemies":"3 Shapes","floor":38,"turns":3},{"damage":26,"enemies":"Transient","floor":39,"turns":5},{"damage":8,"enemies":"R_Hoarder","floor":40,"turns":3},{"damage":23,"enemies":"Reptomancer","floor":42,"turns":3},{"damage":9,"enemies":"R_Hoarder","floor":44,"turns":6},{"damage":19,"enemies":"3 Darklings","floor":46,"turns":3},{"damage":22,"enemies":"Spire Growth","floor":48,"turns":3},{"damage":9,"enemies":"Replay:Hell Engine","floor":50,"turns":5},{"damage":20,"enemies":"Shield and Spear","floor":54,"turns":5},{"damage":56,"enemies":"The Heart","floor":55,"turns":7}],"seed_played":"7558862570172288475","potions_obtained":[{"floor":5,"key":"Elixir"},{"floor":11,"key":"AttackPotion"},{"floor":13,"key":"SmokeBomb"},{"floor":14,"key":"SteroidPotion"},{"floor":16,"key":"LiquidMemories"},{"floor":18,"key":"Ancient Potion"},{"floor":22,"key":"Strength Potion"},{"floor":23,"key":"Toxic Potion"},{"floor":27,"key":"testmod-TimePotion"},{"floor":28,"key":"Energy Potion"},{"floor":29,"key":"Fire Potion"},{"floor":30,"key":"Dexterity Potion"},{"floor":31,"key":"Weak Potion"},{"floor":32,"key":"EssenceOfSteel"},{"floor":32,"key":"EntropicBrew"},{"floor":33,"key":"DistilledChaos"},{"floor":35,"key":"Milkshake"},{"floor":38,"key":"Block Potion"},{"floor":39,"key":"BlessingOfTheForge"},{"floor":40,"key":"SmokeBomb"},{"floor":44,"key":"Strength Potion"},{"floor":46,"key":"Strength Potion"},{"floor":48,"key":"Cursed Concoction"},{"floor":52,"key":"Milkshake"},{"floor":52,"key":"testmod-TestPotion"},{"floor":54,"key":"Toxic Potion"}],"is_trial":false,"path_per_floor":["M","?","?","$","M","E","R","M","T","M","E","R","E","M","R","B",null,"M","?","$","?","M","E","R","E","T","M","M","E","M","M","R","B",null,"M","?","$","M","M","E","R","E","T","E","$","M","?","M","R","B",null,"R","$","E","B",null],"character_chosen":"THE_BLADEMASTER","items_purchased":["testmod-Charity","ReplayTheSpireMod:ShopPack","testmod-ArcanaOfDestiny","testmod-EternalityOfKhronos"],"campfire_rested":0,"item_purchase_floors":[20,37,45,53],"current_hp_per_floor":[75,68,68,68,68,68,68,64,64,49,37,37,34,32,32,30,75,74,74,74,74,67,33,33,20,20,36,24,28,27,21,21,33,84,83,83,83,75,56,55,55,39,40,43,43,36,36,21,21,22,93,93,93,85,35],"gold":62,"neow_bonus":"THREE_ENEMY_KILL","is_daily":false,"chose_seed":false,"campfire_upgraded":5,"win_rate":0.0,"timestamp":1613131948,"path_taken":["M","?","?","?","M","E","R","M","T","M","E","R","E","M","R","BOSS","M","?","?","?","M","E","R","E","T","M","M","E","?","M","R","BOSS","M","?","$","M","M","E","R","E","T","E","$","M","?","?","R","BOSS","R","$","E","BOSS"],"items_purchased_type":["Relic","Relic","Relic","Card"],"build_version":"2020-12-22","purchased_purges":1,"victory":true,"max_hp_per_floor":[75,75,75,75,75,75,75,75,75,75,75,75,75,75,75,75,75,75,75,75,75,76,77,77,78,78,79,80,81,82,83,83,84,84,85,85,85,86,87,88,88,89,90,91,91,92,92,93,93,93,93,93,93,94,94],"card_choices":[{"not_picked":["blademaster:AspectOfLightning","blademaster:Flurry"],"picked":"blademaster:TraverseCut","floor":1},{"not_picked":["blademaster:Sunder","blademaster:Safeguard"],"picked":"blademaster:Bloodbath","floor":5},{"not_picked":["blademaster:IcyWind","blademaster:Cut"],"picked":"blademaster:LeechingStrike","floor":6},{"not_picked":["blademaster:Stability","blademaster:AirSlash","blademaster:Sunder"],"picked":"SKIP","floor":8},{"not_picked":["blademaster:DaggerAndCloak","blademaster:IcyWind"],"picked":"blademaster:AspectOfLightning","floor":10},{"not_picked":["blademaster:Frontflip","blademaster:Momentum","blademaster:Thrust"],"picked":"SKIP","floor":11},{"not_picked":["blademaster:LightningCrash","blademaster:ThunderSlash","blademaster:Bloodbath"],"picked":"SKIP","floor":13},{"not_picked":["blademaster:TraverseCut","blademaster:Havoc","blademaster:Reversal"],"picked":"SKIP","floor":14},{"not_picked":["blademaster:Sharpen","blademaster:ParryingStrike+1","blademaster:Reversal"],"picked":"SKIP","floor":18},{"not_picked":["blademaster:IcyWind+1","blademaster:AspectOfLightning","blademaster:BloodyBlow"],"picked":"SKIP","floor":22},{"not_picked":["blademaster:WindSlash+1","blademaster:CullingStrike","blademaster:Hailwind"],"picked":"SKIP","floor":23},{"not_picked":["blademaster:Hailwind+1","blademaster:ThunderingOpener","blademaster:AwakeningDefend"],"picked":"SKIP","floor":25},{"not_picked":["blademaster:Sharpen+1","blademaster:Discharge+1"],"picked":"blademaster:Stability+1","floor":27},{"not_picked":["blademaster:WindSlash+1","blademaster:Quickness"],"picked":"blademaster:ThunderSlash+1","floor":28},{"not_picked":["blademaster:DragonStrike+1","blademaster:Overcharge","blademaster:AirSlash+1"],"picked":"SKIP","floor":29},{"not_picked":["blademaster:Slice+1","blademaster:AwakeningDefend","blademaster:ParryingStrike+1"],"picked":"SKIP","floor":30},{"not_picked":["blademaster:CombatPrep","blademaster:Sunder+1","blademaster:AspectOfLightning+1"],"picked":"SKIP","floor":31},{"not_picked":["blademaster:Hailwind+1","blademaster:DancingEdge+1"],"picked":"blademaster:Flurry+1","floor":35},{"not_picked":["ReplayTheSpireMod:Brewmster","Thinking Ahead"],"picked":"Mayhem","floor":37},{"not_picked":["testmod-BloodShelter","testmod-ComboMaster"],"picked":"testmod-PainDetonator","floor":37},{"not_picked":["ReplayTheSpireMod:Trickstab","Good Instincts"],"picked":"testmod-PerfectCombo","floor":37},{"not_picked":["blademaster:ThunderSlash+1","blademaster:Safeguard","blademaster:Blockade"],"picked":"SKIP","floor":38},{"not_picked":["blademaster:Momentum","blademaster:AncestralHealing"],"picked":"blademaster:ColdBlood","floor":39},{"not_picked":["blademaster:ParryingStrike+1","blademaster:Flurry","blademaster:UnrelentingWind"],"picked":"SKIP","floor":40},{"not_picked":["blademaster:Breeze+1","blademaster:BloodyBlow+1"],"picked":"blademaster:Safeguard+1","floor":42},{"not_picked":["blademaster:AspectOfLightning+1","blademaster:EnchantedCuirass","blademaster:Frontflip"],"picked":"SKIP","floor":44},{"not_picked":["blademaster:Cut+1","blademaster:ChargingUp+1","blademaster:AwakeningStrike+1"],"picked":"SKIP","floor":46},{"not_picked":["blademaster:Flurry","blademaster:Safeguard"],"picked":"blademaster:AncestralHealing+1","floor":48},{"not_picked":["blademaster:Thrust+1","blademaster:IcyWind+1"],"picked":"blademaster:FuriousStrike+1","floor":54}],"player_experience":221454,"relics_obtained":[{"floor":6,"key":"StrikeDummy"},{"floor":6,"key":"blademaster:OnAttackedChargePerk"},{"floor":11,"key":"White Beast Statue"},{"floor":11,"key":"blademaster:StanceHealPerk"},{"floor":13,"key":"Blue Candle"},{"floor":13,"key":"blademaster:FuryEveryTurnPerk"},{"floor":23,"key":"Chameleon Ring"},{"floor":23,"key":"blademaster:RandomBladePerk"},{"floor":25,"key":"Ornamental Fan"},{"floor":25,"key":"blademaster:BonusFuryPerk"},{"floor":26,"key":"Molten Egg 2"},{"floor":29,"key":"Iron Hammer"},{"floor":29,"key":"blademaster:BonusComboPerk"},{"floor":40,"key":"ReplayTheSpireMod:Shallot"},{"floor":40,"key":"blademaster:DextrousPerk"},{"floor":42,"key":"Regal Pillow"},{"floor":42,"key":"blademaster:LightningChargePerk"},{"floor":43,"key":"Replay:Mystery Machine"},{"floor":44,"key":"testmod-LifeArmor"},{"floor":44,"key":"blademaster:WindChargePerk"},{"floor":54,"key":"InkBottle"},{"floor":54,"key":"blademaster:ComboEveryTurnPerk"}],"event_choices":[{"cards_removed":["blademaster:Defend"],"damage_healed":0,"gold_gain":0,"player_choice":"Card Removal","damage_taken":7,"max_hp_gain":0,"max_hp_loss":0,"event_name":"Golden Wing","floor":2,"gold_loss":0},{"damage_healed":0,"gold_gain":0,"player_choice":"Ignored","damage_taken":0,"max_hp_gain":0,"max_hp_loss":0,"event_name":"Ghosts","floor":19,"gold_loss":0},{"damage_healed":0,"gold_gain":0,"player_choice":"Read","damage_taken":0,"max_hp_gain":0,"max_hp_loss":0,"event_name":"The Library","floor":21,"gold_loss":0,"cards_obtained":["blademaster:ThunderingOpener"]},{"damage_healed":0,"gold_gain":0,"player_choice":"Ignored","damage_taken":0,"max_hp_gain":0,"max_hp_loss":0,"event_name":"Tomb of Lord Red Mask","floor":36,"gold_loss":0},{"damage_healed":0,"gold_gain":0,"player_choice":"Ignored","damage_taken":0,"max_hp_gain":0,"max_hp_loss":0,"event_name":"The Moai Head","floor":47,"gold_loss":0}],"is_beta":false,"boss_relics":[{"not_picked":["Cursed Key","Tiny House"],"picked":"testmod-BloodSacrificeSpiritualization"},{"not_picked":["Astrolabe","testmod-KeyOfTheVoid","testmod-StringDisintegrator"]}],"items_purged_floors":[37],"is_endless":false,"potions_floor_spawned":[5,11,13,14,16,18,22,23,25,27,28,29,30,31,33,35,38,39,40,42,44,46,48,54],"ascension_level":3}}