{"host":"sian7qp8a9pc9xwd","time":1613126970,"event":{"mods":["BaseMod","Minty Spire (QoL Compilation)","StSLib","SuperFastMode"],"gold_per_floor":[119,89,9,9,22,53,53,71,71,71,21,32,47,63,63,164,164,175,90,107,132,132,132],"floor_reached":22,"language":"ENG","playtime":1446,"items_purged":[],"score":342,"play_id":"d624fb34-8210-4a9c-8ad1-3497ee5d9094","local_time":"20210212054930","is_ascension_mode":true,"campfire_choices":[{"data":"Eruption","floor":7.0,"key":"SMITH"},{"data":"Brilliance","floor":10.0,"key":"SMITH"},{"data":"Prostrate","floor":15.0,"key":"SMITH"}],"circlet_count":0,"master_deck":["Strike_P","Strike_P+1","Defend_P+1","Defend_P","Defend_P","Eruption+1","Vigilance","Brilliance+1","FlyingSleeves","DeceiveReality","Prostrate+1","FollowUp","Prostrate","LessonLearned","FlurryOfBlows","FlurryOfBlows"],"relics":["PureWater","Kunai","Mercury Hourglass","Black Star","CloakClasp","Red Mask"],"acts_visited":["Exordium","TheCity"],"potions_floor_usage":[],"damage_taken":[{"damage":12.0,"enemies":"Small Slimes","floor":1.0,"turns":2.0},{"damage":12.0,"enemies":"Cultist","floor":5.0,"turns":3.0},{"damage":20.0,"enemies":"3 Sentries","floor":6.0,"turns":3.0},{"damage":0.0,"enemies":"Jaw Worm","floor":8.0,"turns":2.0},{"damage":0.0,"enemies":"3 Louse","floor":12.0,"turns":2.0},{"damage":0.0,"enemies":"Blue Slaver","floor":13.0,"turns":1.0},{"damage":0.0,"enemies":"Gremlin Gang","floor":14.0,"turns":3.0},{"damage":0.0,"enemies":"Slime Boss","floor":16.0,"turns":6.0},{"damage":18.0,"enemies":"2 Thieves","floor":18.0,"turns":2.0},{"damage":0.0,"enemies":"Chosen","floor":20.0,"turns":5.0},{"damage":37.0,"enemies":"Masked Bandits","floor":21.0,"turns":6.0},{"damage":22,"enemies":"Snecko","floor":22,"turns":8}],"seed_played":"-1504520728651309854","potions_obtained":[{"floor":2.0,"key":"PowerPotion"},{"floor":2.0,"key":"SpeedPotion"},{"floor":5.0,"key":"SmokeBomb"},{"floor":6.0,"key":"BlessingOfTheForge"},{"floor":8.0,"key":"Block Potion"},{"floor":12.0,"key":"SteroidPotion"},{"floor":20.0,"key":"DuplicationPotion"}],"is_trial":false,"path_per_floor":["M","?","$","?","M","E","R","M","T","R","?","M","M","M","R","B",null,"M","?","M","?","M"],"character_chosen":"WATCHER","items_purchased":["DeceiveReality"],"campfire_rested":0,"item_purchase_floors":[3],"current_hp_per_floor":[35,35,35,72,60,40,40,40,40,40,40,40,40,40,40,40,64,46,46,46,9,0,0],"gold":132,"neow_bonus":"TRANSFORM_TWO_CARDS","is_daily":false,"chose_seed":false,"campfire_upgraded":3,"win_rate":0.0,"timestamp":1613126970,"path_taken":["M","?","?","?","?","E","R","M","T","R","?","M","M","M","R","BOSS","M","?","M","?","M"],"items_purchased_type":["Card"],"build_version":"2020-12-22","purchased_purges":0,"victory":false,"max_hp_per_floor":[72,72,72,72,72,72,72,72,72,72,72,72,72,72,72,72,72,72,72,72,72,72,72],"card_choices":[{"not_picked":["Consecrate","JustLucky"],"picked":"EmptyMind","floor":1.0},{"not_picked":["SignatureMove","Evaluate","EmptyMind"],"picked":"SKIP","floor":5.0},{"not_picked":["Halt","ClearTheMind"],"picked":"Prostrate","floor":6.0},{"not_picked":["Adaptation","EmptyBody"],"picked":"FollowUp","floor":8.0},{"not_picked":["WheelKick","LikeWater"],"picked":"Prostrate","floor":12.0},{"not_picked":["BowlingBash","PathToVictory","EmptyFist"],"picked":"SKIP","floor":13.0},{"not_picked":["Perseverance","FlyingSleeves","CrushJoints"],"picked":"SKIP","floor":14.0},{"not_picked":["Vault","Devotion"],"picked":"LessonLearned","floor":16.0},{"not_picked":["FollowUp","SashWhip","PathToVictory+1"],"picked":"SKIP","floor":18.0},{"not_picked":["ClearTheMind+1","LikeWater+1"],"picked":"FlurryOfBlows","floor":20.0},{"not_picked":["InnerPeace+1","Protect"],"picked":"FlurryOfBlows","floor":21.0}],"player_experience":973489,"relics_obtained":[{"floor":6.0,"key":"Kunai"},{"floor":9.0,"key":"Mercury Hourglass"},{"floor":21.0,"key":"Red Mask"}],"event_choices":[{"damage_healed":0.0,"max_hp_gain":0.0,"max_hp_loss":0.0,"gold_gain":0.0,"event_name":"The Woman in Blue","player_choice":"Bought 2 Potions","floor":2.0,"gold_loss":0.0,"damage_taken":0.0},{"cards_removed":["EmptyMind"],"damage_healed":37.0,"max_hp_gain":0.0,"max_hp_loss":0.0,"gold_gain":0.0,"event_name":"Bonfire Elementals","player_choice":"Offered Uncommon","floor":4.0,"gold_loss":0.0,"damage_taken":0.0},{"cards_removed":["Strike_P"],"damage_healed":0.0,"max_hp_gain":0.0,"max_hp_loss":0.0,"gold_gain":0.0,"event_name":"The Cleric","player_choice":"Card Removal","floor":11.0,"gold_loss":50.0,"damage_taken":0.0},{"damage_healed":0.0,"max_hp_gain":0.0,"max_hp_loss":0.0,"gold_gain":0.0,"event_name":"Addict","player_choice":"Obtained Relic","floor":19.0,"gold_loss":85.0,"damage_taken":0.0,"relics_obtained":["CloakClasp"]},{"damage_healed":0.0,"max_hp_gain":0.0,"max_hp_loss":0.0,"gold_gain":0.0,"event_name":"Masked Bandits","player_choice":"Fought Bandits","floor":21.0,"gold_loss":0.0,"damage_taken":0.0}],"is_beta":false,"boss_relics":[{"not_picked":["Philosopher\u0027s Stone","Calling Bell"],"picked":"Black Star"}],"items_purged_floors":[],"is_endless":false,"potions_floor_spawned":[5,6,8,12,20],"killed_by":"Snecko","ascension_level":9}}