{"host":"zsnmfqgcm92hlreo","time":1613097901,"event":{"mods":["AchievementEnabler","BaseMod","Bestiary","Block Reminder","Colored Map","Colored Powertips","Filter the Spire","Minty Spire (QoL Compilation)","Permanent Neow","Quick Restart","Relic Stats","StSLib","Weighted Paths"],"gold_per_floor":[115,115,129,142,142,168,168,184,184,204,214,214,489,289,289,363,363,382,382,399,36,52,52,83,100,100,100,100,116,116,135,135,208,208,222,238,56,71,85,116,116,134,134,134,150,150,170,203,203,203,203,203,203,19,52,52],"floor_reached":57,"language":"ENG","playtime":3205,"items_purged":["Regret","Gash"],"score":3176,"play_id":"dd907252-b68e-4f80-8f76-9b9a92e6cbf5","local_time":"20210211204501","is_ascension_mode":true,"campfire_choices":[{"data":"Defragment","floor":7,"key":"SMITH"},{"data":"Defragment","floor":12,"key":"SMITH"},{"data":"Defragment","floor":15,"key":"SMITH"},{"data":"Buffer","floor":23,"key":"SMITH"},{"data":"Fission","floor":30,"key":"SMITH"},{"data":"Hologram","floor":32,"key":"SMITH"},{"data":"Capacitor","floor":41,"key":"SMITH"},{"data":"Coolheaded","floor":44,"key":"SMITH"},{"floor":49,"key":"RECALL"},{"data":"Storm","floor":53,"key":"SMITH"}],"circlet_count":0,"master_deck":["AscendersBane","Zap","Dualcast","Defragment+1","Coolheaded+1","Hologram+1","Electrodynamics","Glacier","Fission+1","Cold Snap","Storm+1","Cold Snap","Leap","Leap","Defragment+1","Buffer+1","Defragment+1","Turbo+1","Creative AI","Coolheaded+1","Undo+1","Chaos+1","Coolheaded+1","Chill+1","Seek+1","Meteor Strike","Capacitor+1","Reinforced Body+1","Rainbow+1","Multi-Cast+1","All For One","Ball Lightning","Capacitor+1","Tempest+1","Doom and Gloom+1","Skim+1","Ball Lightning+1","Amplify+1","Defragment+1","Coolheaded+1","Aggregate+1"],"relics":["Pandora\u0027s Box","Mummified Hand","StrikeDummy","Toxic Egg 2","Snecko Eye","The Courier","Question Card","Eternal Feather","MealTicket","Sozu","Bag of Preparation","Omamori","Lantern","DollysMirror","Calipers"],"acts_visited":["Exordium","TheCity","TheBeyond","TheEnding"],"potions_floor_usage":[16,22,29,56,56],"damage_taken":[{"damage":1,"enemies":"2 Louse","floor":1,"turns":3},{"damage":0,"enemies":"Jaw Worm","floor":3,"turns":3},{"damage":0,"enemies":"Cultist","floor":4,"turns":3},{"damage":4,"enemies":"Lagavulin","floor":6,"turns":9},{"damage":0,"enemies":"Gremlin Gang","floor":8,"turns":3},{"damage":0,"enemies":"Lots of Slimes","floor":10,"turns":1},{"damage":0,"enemies":"2 Fungi Beasts","floor":11,"turns":3},{"damage":0,"enemies":"Slime Boss","floor":16,"turns":7},{"damage":0,"enemies":"Chosen","floor":18,"turns":3},{"damage":0,"enemies":"2 Thieves","floor":20,"turns":4},{"damage":0,"enemies":"Sentry and Sphere","floor":22,"turns":3},{"damage":0,"enemies":"Gremlin Leader","floor":24,"turns":3},{"damage":0,"enemies":"Snecko","floor":25,"turns":3},{"damage":0,"enemies":"Snake Plant","floor":29,"turns":3},{"damage":0,"enemies":"Centurion and Healer","floor":31,"turns":4},{"damage":0,"enemies":"Champ","floor":33,"turns":7},{"damage":0,"enemies":"Orb Walker","floor":35,"turns":3},{"damage":0,"enemies":"3 Darklings","floor":36,"turns":3},{"damage":0,"enemies":"Spire Growth","floor":38,"turns":3},{"damage":0,"enemies":"Transient","floor":39,"turns":6},{"damage":8,"enemies":"Nemesis","floor":40,"turns":5},{"damage":0,"enemies":"4 Shapes","floor":42,"turns":4},{"damage":0,"enemies":"Maw","floor":45,"turns":4},{"damage":0,"enemies":"3 Darklings","floor":47,"turns":4},{"damage":0,"enemies":"Giant Head","floor":48,"turns":5},{"damage":32,"enemies":"Awakened One","floor":50,"turns":8},{"damage":0,"enemies":"Donu and Deca","floor":51,"turns":5},{"damage":10,"enemies":"Shield and Spear","floor":55,"turns":3},{"damage":19,"enemies":"The Heart","floor":56,"turns":6}],"seed_played":"-3881441381446892585","potions_obtained":[{"floor":8,"key":"Swift Potion"},{"floor":11,"key":"AttackPotion"},{"floor":16,"key":"SkillPotion"},{"floor":24,"key":"BlessingOfTheForge"},{"floor":33,"key":"DuplicationPotion"}],"is_trial":false,"path_per_floor":["M","?","M","M","?","E","R","M","T","M","M","R","?","$","R","B",null,"M","T","M","$","M","R","E","M","T","?","T","M","R","M","R","B",null,"M","M","$","M","M","E","R","M","T","R","M","?","M","E","R","B","B",null,"R","$","E","B",null],"character_chosen":"DEFECT","items_purchased":["Defragment","Turbo+1","Chaos+1","Coolheaded+1","Chill+1","Seek+1","Bag of Preparation","Ball Lightning","DollysMirror","Coolheaded+1"],"campfire_rested":0,"item_purchase_floors":[14,14,21,21,21,21,37,37,54,54],"current_hp_per_floor":[63,63,63,63,45,41,41,41,41,41,41,41,41,41,41,41,64,64,64,64,64,64,64,64,64,64,64,64,64,71,71,71,71,71,71,71,71,71,71,63,71,71,71,71,71,71,71,71,71,39,39,63,71,71,61,42],"gold":52,"neow_bonus":"BOSS_RELIC","is_daily":false,"chose_seed":false,"campfire_upgraded":9,"win_rate":0.0,"timestamp":1613097901,"path_taken":["M","?","M","M","?","E","R","M","T","M","M","R","?","$","R","BOSS","M","?","?","$","?","R","E","M","T","?","?","M","R","M","R","BOSS","M","M","$","M","M","E","R","M","T","R","M","?","M","E","R","BOSS","BOSS","R","$","E","BOSS"],"items_purchased_type":["Card","Card","Card","Card","Card","Card","Relic","Card","Relic","Card"],"build_version":"2020-12-22","purchased_purges":2,"victory":true,"max_hp_per_floor":[71,71,71,71,71,71,71,71,71,71,71,71,71,71,71,71,71,71,71,71,71,71,71,71,71,71,71,71,71,71,71,71,71,71,71,71,71,71,71,71,71,71,71,71,71,71,71,71,71,71,71,71,71,71,71,71],"relic_stats":{"Sozu":5,"counters":[29,121],"Mummified Hand":[392],"Snecko Eye":[186,176,172,154],"Pandora\u0027s Box":["Defragment","Coolheaded","Hologram","Electrodynamics","Glacier","Fission","Cold Snap","Storm"],"Eternal Feather":23,"MealTicket":0,"Bag of Preparation":[22],"Question Card":14,"obtain_stats":[{"Lantern":48,"Calipers":55,"Eternal Feather":26,"The Courier":19,"Bag of Preparation":37,"Omamori":40,"Question Card":24,"Sozu":34,"Mummified Hand":5,"DollysMirror":54,"Snecko Eye":17,"Pandora\u0027s Box":0,"MealTicket":28,"Toxic Egg 2":9,"Cracked Core":0,"StrikeDummy":6},{"Lantern":25,"Calipers":28,"Eternal Feather":13,"The Courier":9,"Bag of Preparation":18,"Omamori":21,"Question Card":12,"Sozu":16,"Mummified Hand":3,"DollysMirror":27,"Snecko Eye":8,"Pandora\u0027s Box":0,"MealTicket":13,"Toxic Egg 2":5,"Cracked Core":0,"StrikeDummy":4},{"Lantern":99,"Calipers":115,"Eternal Feather":48,"The Courier":35,"Bag of Preparation":68,"Omamori":82,"Question Card":45,"Sozu":62,"Mummified Hand":9,"DollysMirror":112,"Snecko Eye":32,"Pandora\u0027s Box":0,"MealTicket":48,"Toxic Egg 2":21,"Cracked Core":0,"StrikeDummy":18}]},"card_choices":[{"not_picked":["Go for the Eyes","Reprogram"],"picked":"Gash","floor":1},{"not_picked":["Double Energy","Beam Cell"],"picked":"Cold Snap","floor":3},{"not_picked":["Multi-Cast","Auto Shields"],"picked":"Leap","floor":4},{"not_picked":["Sweeping Beam","Streamline"],"picked":"Leap","floor":6},{"not_picked":["Cold Snap","Coolheaded"],"picked":"Defragment","floor":8},{"not_picked":["Sweeping Beam","Streamline"],"picked":"Cold Snap","floor":10},{"not_picked":["Leap+1","Lockon"],"picked":"Buffer","floor":11},{"not_picked":["All For One","Multi-Cast+1"],"picked":"Creative AI","floor":16},{"not_picked":["Double Energy+1","Gash+1"],"picked":"Coolheaded+1","floor":18},{"not_picked":["Blizzard","Barrage"],"picked":"Undo+1","floor":20},{"not_picked":["Beam Cell","Recycle+1"],"picked":"Meteor Strike","floor":22},{"not_picked":["White Noise+1","Leap+1"],"picked":"Capacitor+1","floor":24},{"not_picked":["Barrage","Steam+1","Redo+1","Go for the Eyes"],"picked":"SKIP","floor":25},{"not_picked":["Barrage","Reprogram+1","Sunder"],"picked":"Reinforced Body+1","floor":29},{"not_picked":["Sweeping Beam+1","Streamline+1","Turbo+1"],"picked":"Rainbow+1","floor":31},{"not_picked":["All For One","Meteor Strike","Amplify+1"],"picked":"Multi-Cast+1","floor":33},{"not_picked":["Conserve Battery+1","Gash","Steam+1","Leap+1"],"picked":"SKIP","floor":35},{"not_picked":["Steam+1","Cold Snap","Beam Cell"],"picked":"All For One","floor":36},{"not_picked":["Recycle+1","Stack+1","Coolheaded+1"],"picked":"Capacitor","floor":38},{"not_picked":["Beam Cell","Recycle+1","Defragment"],"picked":"Tempest+1","floor":39},{"not_picked":["Melter","Fusion+1","Cold Snap","Electrodynamics"],"picked":"SKIP","floor":40},{"not_picked":["Redo+1","Streamline","Turbo+1"],"picked":"Doom and Gloom+1","floor":42},{"not_picked":["Conserve Battery+1","Force Field+1","Recycle+1"],"picked":"Skim+1","floor":45},{"not_picked":["Stack+1","Ball Lightning+1","Sweeping Beam+1","Melter"],"picked":"SKIP","floor":47},{"not_picked":["Stack+1","Sweeping Beam+1","Melter"],"picked":"Ball Lightning+1","floor":47},{"not_picked":["Steam+1","Beam Cell","Stack+1"],"picked":"Amplify+1","floor":48},{"not_picked":["All For One","Capacitor+1","Ball Lightning+1"],"picked":"Aggregate+1","floor":55}],"player_experience":1091712,"relics_obtained":[{"floor":6,"key":"StrikeDummy"},{"floor":9,"key":"Toxic Egg 2"},{"floor":19,"key":"The Courier"},{"floor":24,"key":"Question Card"},{"floor":26,"key":"Eternal Feather"},{"floor":28,"key":"MealTicket"},{"floor":40,"key":"Omamori"},{"floor":48,"key":"Lantern"},{"floor":55,"key":"Calipers"}],"event_choices":[{"damage_healed":0,"gold_gain":0,"player_choice":"Ignored","damage_taken":0,"max_hp_gain":0,"max_hp_loss":0,"event_name":"Golden Wing","floor":2,"gold_loss":0},{"damage_healed":0,"gold_gain":0,"player_choice":"Success","damage_taken":18,"relics_obtained":["Mummified Hand"],"max_hp_gain":0,"max_hp_loss":0,"event_name":"Scrap Ooze","floor":5,"gold_loss":0},{"damage_healed":0,"gold_gain":275,"player_choice":"Desecrate","damage_taken":0,"max_hp_gain":0,"max_hp_loss":0,"event_name":"Golden Shrine","floor":13,"gold_loss":0,"cards_obtained":["Regret"]},{"damage_healed":0,"gold_gain":0,"player_choice":"Ignored","damage_taken":0,"max_hp_gain":0,"max_hp_loss":0,"event_name":"Beggar","floor":27,"gold_loss":0},{"cards_removed":["Cold Snap"],"damage_healed":0,"gold_gain":0,"player_choice":"Removed Attack","damage_taken":0,"max_hp_gain":0,"max_hp_loss":0,"event_name":"Falling","floor":46,"gold_loss":0}],"is_beta":false,"boss_relics":[{"not_picked":["Runic Dome","Astrolabe"],"picked":"Snecko Eye"},{"not_picked":["Coffee Dripper","Runic Pyramid"],"picked":"Sozu"}],"items_purged_floors":[14,21],"is_endless":false,"potions_floor_spawned":[8,11,16,24,25,33,36,38,47,48,55],"ascension_level":20}}