{"host":"xg4r5pv6chpuampg","time":1613112079,"event":{"mods":["AchievementEnabler","BaseMod","Googly Eyes","Minty Spire (QoL Compilation)"],"gold_per_floor":[363,363,374,59,86,86,122,122,196,259,259,272,272,297,297,395,395,416,442,442,470,470,470,493,493,519,519,519],"floor_reached":27,"language":"ENG","playtime":855,"items_purged":[],"score":211,"play_id":"7df6fcca-5e37-4778-8dcb-460bcc4505a8","local_time":"20210212094119","is_ascension_mode":false,"campfire_choices":[{"floor":6,"key":"REST"},{"floor":8,"key":"REST"},{"floor":11,"key":"REST"},{"floor":13,"key":"REST"},{"floor":15,"key":"REST"},{"floor":23,"key":"REST"}],"circlet_count":0,"master_deck":["Strike_B+1","Strike_B+1","Strike_B+1","Strike_B+1","Defend_B+1","Defend_B+1","Defend_B+1","Defend_B+1","Zap","Dualcast","Redo","Doom and Gloom","Genetic Algorithm","Streamline","Melter","Echo Form","Ball Lightning+1","Capacitor","Static Discharge"],"relics":["Cracked Core","CeramicFish","MealTicket","Shuriken","Fusion Hammer","Red Mask","Bag of Marbles"],"acts_visited":["Exordium","TheCity"],"potions_floor_usage":[10,10,16,24,24,27],"damage_taken":[{"damage":1,"enemies":"Jaw Worm","floor":1,"turns":3},{"damage":10,"enemies":"2 Louse","floor":3,"turns":3},{"damage":10,"enemies":"Small Slimes","floor":5,"turns":3},{"damage":47,"enemies":"Lagavulin","floor":7,"turns":6},{"damage":30,"enemies":"Lagavulin Event","floor":10,"turns":6},{"damage":9,"enemies":"Exordium Wildlife","floor":12,"turns":3},{"damage":0,"enemies":"Large Slime","floor":14,"turns":4},{"damage":35,"enemies":"Slime Boss","floor":16,"turns":6},{"damage":42,"enemies":"2 Thieves","floor":18,"turns":5},{"damage":40,"enemies":"Masked Bandits","floor":19,"turns":4},{"damage":0,"enemies":"Chosen","floor":21,"turns":3},{"damage":16,"enemies":"Snake Plant","floor":24,"turns":3},{"damage":21,"enemies":"Shelled Parasite and Fungi","floor":27,"turns":4}],"seed_played":"2747366697288594606","potions_obtained":[{"floor":3,"key":"SkillPotion"},{"floor":5,"key":"SkillPotion"},{"floor":10,"key":"Explosive Potion"},{"floor":12,"key":"SpeedPotion"},{"floor":18,"key":"Block Potion"},{"floor":24,"key":"GamblersBrew"}],"is_trial":false,"path_per_floor":["M","?","M","$","M","R","E","R","T","?","R","M","R","M","R","B",null,"M","?","?","M","?","R","M","?","T","M"],"character_chosen":"DEFECT","items_purchased":["Genetic Algorithm","CeramicFish","FairyPotion"],"campfire_rested":6,"item_purchase_floors":[4,4,4],"current_hp_per_floor":[67,67,57,57,47,67,20,40,40,10,30,21,41,41,61,26,68,26,20,20,20,8,29,13,13,13,0,0],"gold":519,"neow_bonus":"TWO_FIFTY_GOLD","is_daily":false,"chose_seed":false,"campfire_upgraded":0,"win_rate":0.0,"timestamp":1613112079,"path_taken":["M","?","M","$","M","R","E","R","T","?","R","M","R","M","R","BOSS","M","?","?","M","?","R","M","?","T","M"],"items_purchased_type":["Card","Relic","Potion"],"build_version":"2020-12-22","purchased_purges":0,"victory":false,"max_hp_per_floor":[68,68,68,68,68,68,68,68,68,68,68,68,68,68,68,68,68,68,68,68,68,73,73,73,73,73,73,73],"card_choices":[{"not_picked":["Chaos","Coolheaded"],"picked":"Redo","floor":1},{"not_picked":["Beam Cell","Hologram"],"picked":"Doom and Gloom","floor":3},{"not_picked":["Stack","Turbo"],"picked":"Streamline","floor":5},{"not_picked":["Steam","Ball Lightning"],"picked":"Melter","floor":7},{"not_picked":["Heatsinks","Steam","Scrape"],"picked":"SKIP","floor":12},{"not_picked":["Skim","Steam"],"picked":"Echo Form","floor":14},{"not_picked":["Reprogram","Melter"],"picked":"Ball Lightning+1","floor":18},{"not_picked":["Gash","Steam Power"],"picked":"Capacitor","floor":21},{"not_picked":["Turbo+1","Cold Snap"],"picked":"Static Discharge","floor":24}],"player_experience":111394,"relics_obtained":[{"floor":7,"key":"MealTicket"},{"floor":10,"key":"Shuriken"},{"floor":19,"key":"Red Mask"},{"floor":26,"key":"Bag of Marbles"}],"event_choices":[{"damage_healed":0,"gold_gain":0,"player_choice":"Ignored","damage_taken":0,"max_hp_gain":0,"max_hp_loss":0,"event_name":"Shining Light","floor":2,"gold_loss":0},{"damage_healed":0,"gold_gain":30,"player_choice":"Searched \u00273\u0027 times","damage_taken":0,"max_hp_gain":0,"max_hp_loss":0,"event_name":"Dead Adventurer","floor":10,"gold_loss":0},{"damage_healed":0,"gold_gain":0,"player_choice":"Fought Bandits","damage_taken":0,"max_hp_gain":0,"max_hp_loss":0,"event_name":"Masked Bandits","floor":19,"gold_loss":0},{"damage_healed":0,"gold_gain":0,"player_choice":"Simplicity","damage_taken":0,"max_hp_gain":0,"max_hp_loss":0,"event_name":"Back to Basics","floor":20,"gold_loss":0,"cards_upgraded":["Strike_B","Strike_B","Strike_B","Strike_B","Defend_B","Defend_B","Defend_B","Defend_B"]},{"damage_healed":0,"gold_gain":0,"player_choice":"Shed Blood","damage_taken":17,"max_hp_gain":5,"max_hp_loss":0,"event_name":"Forgotten Altar","floor":22,"gold_loss":0},{"damage_healed":0,"gold_gain":0,"player_choice":"Ignored","damage_taken":0,"max_hp_gain":0,"max_hp_loss":0,"event_name":"Ghosts","floor":25,"gold_loss":0}],"is_beta":false,"boss_relics":[{"not_picked":["Coffee Dripper","Runic Dome"],"picked":"Fusion Hammer"}],"items_purged_floors":[],"is_endless":false,"potions_floor_spawned":[3,5,10,12,18,24],"killed_by":"Shelled Parasite and Fungi","ascension_level":0}}