{"host":"1xo5g347e5o4auts","time":1613147682,"event":{"mods":["BaseMod","Minty Spire (QoL Compilation)","Permanent Neow","StSLib"],"gold_per_floor":[20,37,57,107,119,146,165,199,222,252,265,265,323,354,354,431,431,443,443,455,465,481,531,531,567,567,567,592,592,606,638,638,638,638],"floor_reached":33,"language":"ENG","playtime":1100,"items_purged":[],"score":828,"play_id":"dedaa8a7-cbfb-4fbc-b5d6-5222f9636e9c","local_time":"20210212183442","is_ascension_mode":true,"campfire_choices":[{"floor":12.0,"key":"REST"},{"data":"TalkToTheHand","floor":15.0,"key":"SMITH"},{"floor":27.0,"key":"REST"},{"floor":29.0,"key":"REST"},{"data":"Vault","floor":32.0,"key":"SMITH"}],"circlet_count":0,"master_deck":["AscendersBane","Eruption","Vigilance","Worship","Brilliance","TalkToTheHand+1","JustLucky","Protect","SandsOfTime","EmptyFist","BowlingBash","Tantrum","ClearTheMind","Establishment","Wish","MentalFortress","Vault+1","FlurryOfBlows","Tantrum","ClearTheMind","Blasphemy","ForeignInfluence+1","J.A.X.","CarveReality","WaveOfTheHand+1","DevaForm","TalkToTheHand+1"],"relics":["PureWater","Omamori","Nunchaku","Bronze Scales","Art of War","HornCleat","Pandora\u0027s Box","Orichalcum","Calipers","Bottled Lightning","Singing Bowl","Ornamental Fan"],"acts_visited":["Exordium","TheCity"],"potions_floor_usage":[],"damage_taken":[{"damage":4.0,"enemies":"Jaw Worm","floor":1.0,"turns":3.0},{"damage":0.0,"enemies":"Cultist","floor":2.0,"turns":3.0},{"damage":0.0,"enemies":"2 Louse","floor":3.0,"turns":2.0},{"damage":4.0,"enemies":"Looter","floor":5.0,"turns":4.0},{"damage":12.0,"enemies":"Gremlin Nob","floor":6.0,"turns":3.0},{"damage":10.0,"enemies":"Exordium Wildlife","floor":7.0,"turns":4.0},{"damage":10.0,"enemies":"3 Sentries","floor":8.0,"turns":6.0},{"damage":4.0,"enemies":"Gremlin Nob","floor":10.0,"turns":3.0},{"damage":0.0,"enemies":"Blue Slaver","floor":11.0,"turns":4.0},{"damage":8.0,"enemies":"3 Sentries","floor":13.0,"turns":4.0},{"damage":3.0,"enemies":"Lagavulin","floor":14.0,"turns":5.0},{"damage":0.0,"enemies":"Slime Boss","floor":16.0,"turns":4.0},{"damage":0.0,"enemies":"Chosen","floor":18.0,"turns":3.0},{"damage":0.0,"enemies":"3 Byrds","floor":20.0,"turns":3.0},{"damage":0.0,"enemies":"Snecko","floor":21.0,"turns":2.0},{"damage":40.0,"enemies":"Cultist and Chosen","floor":22.0,"turns":4.0},{"damage":36.0,"enemies":"Gremlin Leader","floor":23.0,"turns":5.0},{"damage":7.0,"enemies":"Centurion and Healer","floor":25.0,"turns":6.0},{"damage":0.0,"enemies":"Book of Stabbing","floor":28.0,"turns":4.0},{"damage":3.0,"enemies":"Chosen and Byrds","floor":30.0,"turns":4.0},{"damage":6.0,"enemies":"Slavers","floor":31.0,"turns":5.0},{"damage":53,"enemies":"Automaton","floor":33,"turns":7}],"seed_played":"-8535979069861158290","potions_obtained":[{"floor":1.0,"key":"Weak Potion"},{"floor":3.0,"key":"Swift Potion"},{"floor":11.0,"key":"EssenceOfSteel"},{"floor":13.0,"key":"FairyPotion"},{"floor":16.0,"key":"PowerPotion"},{"floor":23.0,"key":"FearPotion"},{"floor":28.0,"key":"Swift Potion"}],"is_trial":false,"path_per_floor":["M","M","M","?","M","E","M","E","T","E","M","R","?","E","R","B",null,"M","?","M","M","M","E","?","M","T","R","E","R","M","E","R","B"],"character_chosen":"WATCHER","items_purchased":[],"campfire_rested":3,"item_purchase_floors":[],"current_hp_per_floor":[57,57,57,57,53,41,31,21,21,17,17,37,29,26,26,26,58,58,58,58,58,18,20,20,13,13,33,33,53,52,46,46,0,0],"gold":638,"neow_bonus":"TRANSFORM_TWO_CARDS","is_daily":false,"chose_seed":false,"campfire_upgraded":2,"win_rate":0.0,"timestamp":1613147682,"path_taken":["M","M","M","?","M","E","M","E","T","E","M","R","?","E","R","BOSS","M","?","M","M","M","E","?","M","T","R","E","R","?","E","R","BOSS"],"items_purchased_type":[],"build_version":"2020-12-22","purchased_purges":0,"victory":false,"max_hp_per_floor":[68,68,68,68,68,68,68,68,68,68,68,68,68,68,68,68,68,68,68,68,68,68,68,68,68,68,68,68,68,70,70,70,70,70],"card_choices":[{"not_picked":["LikeWater","Crescendo"],"picked":"TalkToTheHand","floor":1.0},{"not_picked":["SashWhip","Crescendo"],"picked":"JustLucky","floor":2.0},{"not_picked":["Judgement","JustLucky"],"picked":"Protect","floor":3.0},{"not_picked":["SashWhip","Sanctity"],"picked":"SandsOfTime","floor":5.0},{"not_picked":["FlurryOfBlows","Crescendo"],"picked":"EmptyFist","floor":6.0},{"not_picked":["Swivel","Prostrate","Evaluate"],"picked":"SKIP","floor":7.0},{"not_picked":["Evaluate","Perseverance","WindmillStrike"],"picked":"SKIP","floor":8.0},{"not_picked":["Collect","Alpha"],"picked":"BowlingBash","floor":10.0},{"not_picked":["Worship","Sanctity"],"picked":"Tantrum","floor":11.0},{"not_picked":["Evaluate","JustLucky"],"picked":"ClearTheMind","floor":13.0},{"not_picked":["SashWhip","Prostrate"],"picked":"Establishment","floor":14.0},{"not_picked":["Establishment","DevaForm"],"picked":"Wish","floor":16.0},{"not_picked":["FollowUp","EmptyFist"],"picked":"ForeignInfluence+1","floor":18.0},{"not_picked":["EmptyBody","FollowUp+1","BowlingBash+1"],"picked":"SKIP","floor":20.0},{"not_picked":["ClearTheMind","SashWhip","Alpha"],"picked":"SKIP","floor":21.0},{"not_picked":["ClearTheMind","Nirvana","Fasting2"],"picked":"SKIP","floor":22.0},{"not_picked":["Evaluate","CarveReality","FollowUp"],"picked":"SKIP","floor":23.0},{"not_picked":["Evaluate","FollowUp"],"picked":"CarveReality","floor":23.0},{"not_picked":["EmptyBody","MentalFortress"],"picked":"WaveOfTheHand+1","floor":25.0},{"not_picked":["FollowUp","WheelKick"],"picked":"DevaForm","floor":28.0},{"not_picked":["Consecrate","FlyingSleeves+1","Halt+1"],"picked":"Singing Bowl","floor":30.0},{"not_picked":["Consecrate","EmptyFist"],"picked":"TalkToTheHand+1","floor":31.0}],"player_experience":1481926,"relics_obtained":[{"floor":6.0,"key":"Omamori"},{"floor":8.0,"key":"Nunchaku"},{"floor":10.0,"key":"Bronze Scales"},{"floor":13.0,"key":"Art of War"},{"floor":14.0,"key":"HornCleat"},{"floor":23.0,"key":"Orichalcum"},{"floor":26.0,"key":"Bottled Lightning"},{"floor":28.0,"key":"Singing Bowl"},{"floor":31.0,"key":"Ornamental Fan"}],"event_choices":[{"damage_healed":0.0,"max_hp_gain":0.0,"max_hp_loss":0.0,"gold_gain":50.0,"event_name":"Golden Shrine","player_choice":"Pray","floor":4.0,"gold_loss":0.0,"damage_taken":0.0},{"damage_healed":0.0,"max_hp_gain":0.0,"max_hp_loss":0.0,"gold_gain":0.0,"event_name":"Dead Adventurer","player_choice":"Searched \u00271\u0027 times","floor":13.0,"gold_loss":0.0,"damage_taken":0.0},{"damage_healed":0.0,"max_hp_gain":0.0,"max_hp_loss":0.0,"gold_gain":0.0,"event_name":"Drug Dealer","player_choice":"Obtain J.A.X.","floor":19.0,"gold_loss":0.0,"damage_taken":0.0,"cards_obtained":["J.A.X."]},{"damage_healed":0.0,"max_hp_gain":0.0,"max_hp_loss":0.0,"gold_gain":0.0,"event_name":"The Mausoleum","player_choice":"Opened","floor":24.0,"gold_loss":0.0,"damage_taken":0.0,"relics_obtained":["Calipers"],"cards_obtained":["Writhe"]}],"is_beta":false,"boss_relics":[{"not_picked":["Black Star","Empty Cage"],"picked":"Pandora\u0027s Box"}],"items_purged_floors":[],"is_endless":false,"potions_floor_spawned":[1,3,6,11,13,16,22,23,25,28],"killed_by":"Automaton","ascension_level":20}}