{"host":"mi0eibewekhugwl1","time":1613127963,"event":{"mods":["AchievementEnabler","BaseMod","Colored Map","Colored Powertips","DeckTracker","Keyboard Shortcuts","Minty Spire (QoL Compilation)","Quick Restart","Rare Cards Sparkle","Relic Stats","StSLib","SuperFastMode","everything is the same but u backflip on backflip"],"gold_per_floor":[113,129,53,73,73,73,100,50,73,73,100,100,159,168,168,168,168],"floor_reached":16,"language":"KOR","playtime":184,"items_purged":["Strike_R"],"score":196,"play_id":"6eaa75f1-dcaf-4824-afd5-25c92aeccb60","local_time":"20210212200603","is_ascension_mode":true,"campfire_choices":[{"floor":6,"key":"REST"},{"floor":10,"key":"REST"},{"data":"Whirlwind","floor":12,"key":"SMITH"},{"data":"Demon Form","floor":15,"key":"SMITH"}],"circlet_count":0,"master_deck":["AscendersBane","Strike_R","Strike_R","Strike_R","Defend_R","Defend_R","Defend_R","Defend_R","Bash","Demon Form+1","Wild Strike","Cleave","Whirlwind+1","Fire Breathing","Pommel Strike","Corruption"],"relics":["Burning Blood","Smiling Mask","CeramicFish","HornCleat"],"acts_visited":["Exordium"],"potions_floor_usage":[13],"damage_taken":[{"damage":22,"enemies":"Cultist","floor":1,"turns":5},{"damage":10,"enemies":"2 Louse","floor":2,"turns":2},{"damage":15,"enemies":"Small Slimes","floor":4,"turns":3},{"damage":25,"enemies":"Lagavulin","floor":7,"turns":6},{"damage":17,"enemies":"Looter","floor":11,"turns":3},{"damage":24,"enemies":"Gremlin Nob","floor":13,"turns":4},{"damage":24,"enemies":"Hexaghost","floor":16,"turns":7}],"seed_played":"-6104285737365909406","potions_obtained":[{"floor":2,"key":"Energy Potion"}],"is_trial":false,"path_per_floor":["M","M","$","M","?","R","E","$","T","R","M","R","?","?","R","B"],"character_chosen":"IRONCLAD","items_purchased":["Whirlwind"],"campfire_rested":2,"item_purchase_floors":[3],"current_hp_per_floor":[34,30,30,21,21,43,24,24,24,46,35,35,17,17,17,0,0],"gold":168,"neow_bonus":"THREE_RARE_CARDS","is_daily":false,"chose_seed":false,"campfire_upgraded":2,"win_rate":0.0,"timestamp":1613127963,"path_taken":["M","M","?","?","?","R","E","$","T","R","M","R","?","?","R","BOSS"],"items_purchased_type":["Card"],"build_version":"2020-12-22","purchased_purges":1,"victory":false,"max_hp_per_floor":[75,75,75,75,75,75,75,75,75,75,75,75,75,75,75,75,75],"relic_stats":{"counters":[7,30],"CeramicFish":18,"Smiling Mask":25,"obtain_stats":[{"HornCleat":13,"CeramicFish":9,"Smiling Mask":7,"Burning Blood":0},{"HornCleat":5,"CeramicFish":4,"Smiling Mask":4,"Burning Blood":0},{"HornCleat":19,"CeramicFish":16,"Smiling Mask":16,"Burning Blood":0}],"Burning Blood":36},"card_choices":[{"not_picked":["Exhume","Bludgeon"],"picked":"Demon Form","floor":0},{"not_picked":["Sentinel","Blood for Blood"],"picked":"Wild Strike","floor":1},{"not_picked":["Headbutt","Clothesline"],"picked":"Cleave","floor":2},{"not_picked":["Armaments","Iron Wave","Havoc"],"picked":"SKIP","floor":4},{"not_picked":["Flame Barrier","Feel No Pain"],"picked":"Fire Breathing","floor":7},{"not_picked":["Bloodletting","Armaments"],"picked":"Pommel Strike","floor":11}],"player_experience":1803589,"relics_obtained":[{"floor":7,"key":"Smiling Mask"},{"floor":9,"key":"CeramicFish"}],"event_choices":[{"damage_healed":0,"gold_gain":0,"player_choice":"Ignored","damage_taken":0,"max_hp_gain":0,"max_hp_loss":0,"event_name":"Shining Light","floor":5,"gold_loss":0},{"damage_healed":0,"gold_gain":0,"player_choice":"Searched \u00272\u0027 times","damage_taken":0,"relics_obtained":["HornCleat"],"max_hp_gain":0,"max_hp_loss":0,"event_name":"Dead Adventurer","floor":13,"gold_loss":0},{"damage_healed":0,"gold_gain":0,"cards_transformed":["Strike_R"],"player_choice":"Transformed","damage_taken":0,"max_hp_gain":0,"max_hp_loss":0,"event_name":"Transmorgrifier","floor":14,"gold_loss":0,"cards_obtained":["Corruption"]}],"is_beta":false,"boss_relics":[],"items_purged_floors":[8],"is_endless":false,"potions_floor_spawned":[2],"killed_by":"Hexaghost","ascension_level":20}}