{"host":"88hg6ocvqrqxrx5h","time":1613116334,"event":{"mods":["2.2 Compatiblity","BaseMod","Bestiary","Block Reminder","Colored Map","DeckTracker","Highlight Path","Minty Spire (QoL Compilation)","Relic Stats","Unceasing Turn Reminder","slay the spire mod where everything is the same but ironclad has a cowboy hat"],"gold_per_floor":[109,72,82,9,24,24,34,34,34,60,60,76,76,76],"floor_reached":13,"language":"ENG","playtime":508,"items_purged":[],"score":119,"play_id":"c21a1a83-f285-4d97-8aa5-87d2c816e3ce","local_time":"20210211235214","is_ascension_mode":true,"campfire_choices":[{"data":"Armaments","floor":6.0,"key":"SMITH"},{"data":"Rupture","floor":8.0,"key":"SMITH"},{"data":"Dark Embrace","floor":11.0,"key":"SMITH"}],"circlet_count":0,"master_deck":["Strike_R","Strike_R","Strike_R","Strike_R","Strike_R","Defend_R","Defend_R","Defend_R","Defend_R","Bash","Sever Soul","Power Through","Sentinel","Combust","Dark Embrace+1","Armaments+1","Rupture+1","Disarm","Twin Strike"],"relics":["Burning Blood","Eternal Feather","Meat on the Bone"],"acts_visited":["Exordium"],"potions_floor_usage":[],"damage_taken":[{"damage":6.0,"enemies":"Cultist","floor":1.0,"turns":4.0},{"damage":1.0,"enemies":"2 Louse","floor":3.0,"turns":3.0},{"damage":11.0,"enemies":"Jaw Worm","floor":5.0,"turns":4.0},{"damage":18.0,"enemies":"Looter","floor":7.0,"turns":4.0},{"damage":55.0,"enemies":"Gremlin Nob","floor":10.0,"turns":6.0},{"damage":10.0,"enemies":"2 Fungi Beasts","floor":12.0,"turns":4.0},{"damage":29,"enemies":"3 Sentries","floor":13,"turns":6}],"seed_played":"-116840689153898546","potions_obtained":[{"floor":1.0,"key":"GamblersBrew"},{"floor":12.0,"key":"Energy Potion"}],"is_trial":false,"path_per_floor":["M","$","M","$","M","R","M","R","T","E","R","M","E"],"character_chosen":"IRONCLAD","items_purchased":["Sentinel","Dark Embrace"],"campfire_rested":0,"item_purchase_floors":[2,4],"current_hp_per_floor":[72,72,77,77,72,72,60,60,60,11,20,28,0,0],"gold":76,"neow_bonus":"THREE_CARDS","is_daily":false,"chose_seed":false,"campfire_upgraded":3,"win_rate":0.0,"timestamp":1613116334,"path_taken":["M","$","?","$","M","R","M","R","T","E","R","M","E"],"items_purchased_type":["Card","Card"],"build_version":"2020-12-22","purchased_purges":0,"victory":false,"max_hp_per_floor":[80,80,80,80,80,80,80,80,80,80,80,80,80,80],"relic_stats":{"counters":[7,31],"Eternal Feather":9,"obtain_stats":[{"Eternal Feather":9,"Burning Blood":0,"Meat on the Bone":10},{"Eternal Feather":4,"Burning Blood":0,"Meat on the Bone":5},{"Eternal Feather":15,"Burning Blood":0,"Meat on the Bone":21}],"Burning Blood":36,"Meat on the Bone":12},"card_choices":[{"not_picked":["Headbutt","Iron Wave"],"picked":"Sever Soul","floor":0.0},{"not_picked":["Armaments","Anger"],"picked":"Power Through","floor":1.0},{"not_picked":["Twin Strike","Disarm"],"picked":"Combust","floor":3.0},{"not_picked":["Headbutt","Thunderclap"],"picked":"Armaments","floor":5.0},{"not_picked":["Perfected Strike","Searing Blow"],"picked":"Rupture","floor":7.0},{"not_picked":["Perfected Strike","Flex"],"picked":"Disarm","floor":10.0},{"not_picked":["Anger","Thunderclap"],"picked":"Twin Strike","floor":12.0}],"player_experience":178949,"relics_obtained":[{"floor":9.0,"key":"Eternal Feather"},{"floor":10.0,"key":"Meat on the Bone"}],"event_choices":[],"is_beta":false,"boss_relics":[],"items_purged_floors":[],"is_endless":false,"potions_floor_spawned":[1,12],"killed_by":"3 Sentries","ascension_level":8}}