{"host":"ukjwj1o6mndqsml6","time":1613126977,"event":{"mods":["100% Spire Juice","Aspiration","BaseMod","Better Third Choice","Colored Powertips","Downfall","GifTheSpireLib","Hubris","Infinite Spire","Minty Spire (QoL Compilation)","Reliquary","Replay The Spire","Robot Space Explorer","Shade Mod","StSLib","The Marked"],"gold_per_floor":[99,115,115,115,129,154,154,175,175,175,175,85,85,70,187,282,282,282,298,298,298,384,71,121,121,134,136,155,155,155,155,169,271,271,171,184,196,16,31,31,81,81,94,94,106,106,106,116,135,135,135,135],"floor_reached":50,"language":"ENG","playtime":2837,"items_purged":["Injury","Slimebound:Defend_Slimebound","Voices"],"score":527,"play_id":"202f9b6f-e826-4860-b3d0-e94dd8c8af55","local_time":"20210212114937","is_ascension_mode":false,"campfire_choices":[{"floor":13,"key":"REST"},{"data":"Slimebound:OneTwoCombo","floor":18,"key":"SMITH"},{"data":"RitualDagger","floor":30,"key":"SMITH"},{"data":"Slimebound:MinionMaster","floor":35,"key":"SMITH"},{"data":"Slimebound:RollThrough","floor":40,"key":"SMITH"},{"data":"ReplayTheSpireMod:Faulty Equipment","floor":42,"key":"SMITH"},{"data":"Slimebound:HauntingLick","floor":46,"key":"SMITH"}],"circlet_count":0,"master_deck":["Slimebound:Tackle","Slimebound:Defend_Slimebound","Slimebound:Defend_Slimebound","Slimebound:Defend_Slimebound","Slimebound:Split+1","Slimebound:CorrosiveSpit","Slimebound:RollThrough+1","Slimebound:SpikyOuterGoop","Slimebound:HauntingLick+1","Slimebound:SplitLeeching+1","Slimebound:LivingWall+1","Slimebound:LeechEnergy","Slimebound:OneTwoCombo+1","Slimebound:RainOfGoop+1","RitualDagger+1","Slimebound:CheckThePlaybook+1","Slimebound:LeechingTouch+1","Slimebound:Prepare+1","Slimebound:SamplingLick+1","Clumsy","Injury","Slimebound:SlimeBarrage+1","Slimebound:GoopSpray+1","Bite+1","Bite+1","Bite+1","Bite+1","Bite+1","Slimebound:ItLooksTasty+1","Slimebound:MinionMaster+1","Slimebound:SplitMire+1","Slimebound:Repurpose+1","Slimebound:LevelUp+1","Sickly","Slimebound:GoopSpray+1","Slimebound:SlimeBrawl+1"],"relics":["Slimebound:AbsorbEndCombatUpgraded","hubris:Icosahedron","Juzu Bracelet","Gremlin Horn","Odd Mushroom","Sling","reliquary:TuningFork","downfall:ExtraCursedKey","Toxic Egg 2","aspiration:RitualStick","hubris:Spice","Molten Egg 2","downfall:HeartBlessingBlue","Spirit Poop"],"acts_visited":["Exordium","TheCity","TheBeyond"],"potions_floor_usage":[16,26,33,39],"damage_taken":[{"damage":12,"enemies":"Small Slimes","floor":2,"turns":5},{"damage":3,"enemies":"Jaw Worm","floor":5,"turns":4},{"damage":14,"enemies":"The Mushroom Lair","floor":8,"turns":5},{"damage":0,"enemies":"downfall:FleeingMerchant","floor":12,"turns":4},{"damage":7,"enemies":"downfall:FleeingMerchant","floor":14,"turns":4},{"damage":5,"enemies":"infinitespire:Voidling","floor":15,"turns":4},{"damage":41,"enemies":"WA_ARCHETYPE_RETAIN","floor":16,"turns":10},{"damage":5,"enemies":"Spheric Guardian","floor":19,"turns":4},{"damage":3,"enemies":"downfall:FleeingMerchant","floor":23,"turns":4},{"damage":2,"enemies":"Centurion and Healer","floor":26,"turns":3},{"damage":0,"enemies":"downfall:FleeingMerchant","floor":27,"turns":3},{"damage":6,"enemies":"Snake Plant","floor":28,"turns":3},{"damage":2,"enemies":"Cultist and Chosen","floor":32,"turns":3},{"damage":36,"enemies":"DF_ARCHETYPE_CLAW","floor":33,"turns":7},{"damage":11,"enemies":"3 Shapes","floor":36,"turns":4},{"damage":0,"enemies":"Orb Walker","floor":37,"turns":3},{"damage":26,"enemies":"Jaw Worm Horde","floor":39,"turns":3},{"damage":26,"enemies":"Sphere and 2 Shapes","floor":43,"turns":4},{"damage":19,"enemies":"Spire Growth","floor":45,"turns":5},{"damage":10,"enemies":"3 Darklings","floor":48,"turns":3},{"damage":0,"enemies":"Jaw Worm Horde","floor":49,"turns":4},{"damage":90,"enemies":"IC_BLOCK_ARCHETYPE","floor":50,"turns":4}],"seed_played":"2882332009859363659","potions_obtained":[{"floor":2,"key":"SpeedPotion"},{"floor":8,"key":"LiquidBronze"},{"floor":15,"key":"Cursed Concoction"},{"floor":19,"key":"AttackPotion"},{"floor":33,"key":"EssenceOfSteel"},{"floor":45,"key":"FearPotion"}],"is_trial":false,"path_per_floor":["R","M","?","?","M","T","T","?","$","?","?","$","R","$","M","B",null,"R","M","?","?","?","$","T","?","M","$","M","?","R","T","M","B",null,"R","M","M","$","M","R","T","R","M","?","M","R","?","M","M","B"],"character_chosen":"SLIMEBOUND","items_purchased":["Sling","reliquary:TuningFork","hubris:Spice","Molten Egg 2","Slimebound:LevelUp+1"],"campfire_rested":1,"item_purchase_floors":[9,9,23,27,38],"current_hp_per_floor":[71,65,65,65,66,66,66,54,34,34,34,40,61,62,63,30,71,71,69,55,49,32,52,60,87,87,87,87,60,60,60,60,42,52,62,62,62,62,51,51,51,51,40,40,45,45,45,53,62,0,0,0],"gold":135,"neow_bonus":"TEN_PERCENT_HP_BONUS","is_daily":false,"chose_seed":false,"campfire_upgraded":6,"win_rate":0.0,"timestamp":1613126977,"path_taken":["R","M","?","?","M","?","T","?","?","?","?","$","R","$","M","BOSS","R","M","?","?","?","$","T","?","M","$","M","?","R","?","M","BOSS","R","M","M","$","M","R","T","R","M","?","M","R","?","M","M","BOSS"],"items_purchased_type":["Relic","Relic","Relic","Relic","Card"],"build_version":"2020-12-22","purchased_purges":3,"victory":false,"max_hp_per_floor":[71,71,71,71,71,71,71,71,71,71,71,71,71,71,71,71,71,71,71,71,71,71,79,87,87,87,87,87,60,60,60,60,60,52,62,62,62,62,62,62,62,62,62,62,62,62,62,62,62,62,62,62],"card_choices":[{"not_picked":["Slimebound:ComboTackle","Slimebound:SlimeSpikes"],"picked":"Slimebound:RollThrough","floor":2},{"not_picked":["Slimebound:Nibble","Slimebound:Prepare"],"picked":"Slimebound:SpikyOuterGoop","floor":5},{"not_picked":["Slimebound:SlimeSpikes","Slimebound:OneTwoCombo"],"picked":"Slimebound:HauntingLick","floor":8},{"not_picked":["Slimebound:ComboTackle","Slimebound:HauntingLick+1"],"picked":"Slimebound:SplitLeeching+1","floor":12},{"not_picked":["Slimebound:RollThrough","Slimebound:SpikyOuterGoop"],"picked":"Slimebound:LivingWall+1","floor":14},{"not_picked":["Slimebound:ProtectTheBoss","Slimebound:Schlurp+1"],"picked":"Slimebound:LeechEnergy","floor":15},{"not_picked":["Slimebound:SlimeSlap","Slimebound:Recycling"],"picked":"Slimebound:OneTwoCombo","floor":16},{"not_picked":["Slimebound:ProtectTheBoss","Slimebound:LeechEnergy"],"picked":"Slimebound:RainOfGoop+1","floor":19},{"not_picked":["Slimebound:Prepare+1","Slimebound:SlimeSpikes+1"],"picked":"Slimebound:CheckThePlaybook+1","floor":22},{"not_picked":["Slimebound:FlameTackle","Slimebound:Schlurp+1"],"picked":"Slimebound:LeechingTouch+1","floor":22},{"not_picked":["Slimebound:LivingWall+1","Slimebound:Nibble+1"],"picked":"Slimebound:Prepare+1","floor":22},{"not_picked":["Slimebound:HungryTackle","Slimebound:SplitLeeching+1"],"picked":"Slimebound:SamplingLick+1","floor":23},{"not_picked":["Slimebound:SplitLeeching+1","Slimebound:SplitMire+1"],"picked":"Slimebound:SlimeBarrage+1","floor":26},{"not_picked":["Slimebound:TongueLash","hubris:SpiceAddiction"],"picked":"Slimebound:GoopSpray+1","floor":27},{"not_picked":["hubris:SpiceAddiction","Slimebound:Recycling","Slimebound:PressTheAttack+1"],"picked":"SKIP","floor":28},{"not_picked":["Slimebound:SamplingLick+1","Slimebound:ComboTackle+1"],"picked":"Slimebound:ItLooksTasty+1","floor":32},{"not_picked":["hubris:SpiceAddiction","Slimebound:SelfFormingGoo"],"picked":"Slimebound:MinionMaster","floor":33},{"not_picked":["Slimebound:LeechEnergy+1","Slimebound:BestDefense+1"],"picked":"Slimebound:SplitMire+1","floor":36},{"not_picked":["Slimebound:LeadByExample+1","hubris:SpiceAddiction"],"picked":"Slimebound:Repurpose+1","floor":37},{"not_picked":["Slimebound:Chomp+1","Slimebound:Prepare+1","Slimebound:Replication+1"],"picked":"SKIP","floor":39},{"not_picked":["Slimebound:SplitAcid+1","Slimebound:LeechingTouch+1"],"picked":"Slimebound:GoopSpray+1","floor":43},{"not_picked":["Slimebound:SplitLeeching+1","Slimebound:Gluttony"],"picked":"Slimebound:SlimeBrawl+1","floor":45},{"not_picked":["hubris:SpiceAddiction","Slimebound:SplitMire+1","Slimebound:Recycling"],"picked":"SKIP","floor":48},{"not_picked":["Slimebound:FinishingTackle+1","hubris:SpiceAddiction","Slimebound:ProtectTheBoss+1"],"picked":"SKIP","floor":49}],"player_experience":164103,"relics_obtained":[{"floor":6,"key":"Juzu Bracelet"},{"floor":7,"key":"Gremlin Horn"},{"floor":8,"key":"Odd Mushroom"},{"floor":24,"key":"hubris:Spice"}],"event_choices":[{"damage_healed":0,"gold_gain":0,"player_choice":"Fought Mushrooms","damage_taken":0,"max_hp_gain":0,"max_hp_loss":0,"event_name":"Mushrooms","floor":8,"gold_loss":0},{"damage_healed":29,"gold_gain":0,"player_choice":"Heal","damage_taken":0,"max_hp_gain":0,"max_hp_loss":0,"event_name":"The Library","floor":25,"gold_loss":0},{"damage_healed":0,"gold_gain":0,"player_choice":"Became a vampire","damage_taken":0,"max_hp_gain":0,"max_hp_loss":27,"event_name":"Vampires","floor":29,"gold_loss":0,"cards_obtained":["Bite","Bite","Bite","Bite","Bite"]},{"cards_removed":["hubris:Gluttony"],"damage_healed":0,"gold_gain":0,"player_choice":"Offered Curse","damage_taken":0,"relics_obtained":["Spirit Poop"],"max_hp_gain":0,"max_hp_loss":0,"event_name":"Bonfire Elementals","floor":47,"gold_loss":0}],"is_beta":false,"boss_relics":[{"not_picked":["Slimebound:TarBlob","Empty Cage"],"picked":"Slimebound:AbsorbEndCombatUpgraded"},{"not_picked":["hubris:Spice","aspiration:WatcherSkillbook"],"picked":"hubris:Spice"}],"items_purged_floors":[12,27,38],"is_endless":false,"potions_floor_spawned":[2,8,15,19,33,45,48,49],"killed_by":"IC_BLOCK_ARCHETYPE","ascension_level":0}}