{"host":"w9njud19qyl0lpz1","time":1613089506,"event":{"mods":["BaseMod","Hubris","Infinite Spire","Minty Spire (QoL Compilation)","StSLib"],"gold_per_floor":[117,136,156,156,169,196,196,216,241,241,13,13,43,62,62,157,157,167,167,12,27,126,126,126,158,158,174,174,48,63,63,63,165,165,188,188,211,63,79,79,93,120,120,120,23,40,40,54,54,54,54],"floor_reached":50,"language":"ENG","playtime":6440,"items_purged":["hubris:Lust","hubris:Greed"],"score":495,"play_id":"a3b02662-4cf1-44aa-ac98-f9cb263319d6","local_time":"20210211192506","is_ascension_mode":false,"campfire_choices":[{"floor":7.0,"key":"REST"},{"data":"Caltrops","floor":12.0,"key":"SMITH"},{"data":"Phantasmal Killer","floor":15.0,"key":"SMITH"},{"data":"Bullet Time","floor":23.0,"key":"SMITH"},{"floor":32.0,"key":"REST"},{"floor":40,"key":"REST"},{"data":"Envenom","floor":44,"key":"SMITH"},{"floor":47,"key":"REST"},{"floor":49,"key":"REST"}],"circlet_count":0,"master_deck":["Strike_G","Strike_G","Defend_G","Defend_G","Defend_G","Survivor","Neutralize","Envenom+1","Dash","Caltrops+1","Terror","Phantasmal Killer+1","Noxious Fumes","Bullet Time+1","Blade Dance","Adrenaline","Poisoned Stab","Crippling Poison","Acrobatics","Undo","Flying Knee","Amplify","Deflect+1","Accuracy+1","Distraction+1","Tempest","Dagger Throw+1","Leg Sweep+1","Parasite","hubris:Counter+1","Doubt","Regret","Deadly Poison","Bane","Blade Dance"],"relics":["hubris:Zylophone","Tiny Chest","Runic Capacitor","InkBottle","hubris:AncientText","infinitespire:Chaos","Strawberry","Cursed Key","Lantern","hubris:Towel","Lizard Tail","hubris:DisguiseKit","Pantograph","Astrolabe","Snake Skull","Bottled Tornado"],"acts_visited":["Exordium","TheCity","TheBeyond"],"potions_floor_usage":[39,48,48,50],"damage_taken":[{"damage":6.0,"enemies":"Jaw Worm","floor":1.0,"turns":7.0},{"damage":0.0,"enemies":"2 Louse","floor":2.0,"turns":3.0},{"damage":2.0,"enemies":"Small Slimes","floor":3.0,"turns":4.0},{"damage":0.0,"enemies":"3 Louse","floor":5.0,"turns":4.0},{"damage":51.0,"enemies":"3 Sentries","floor":6.0,"turns":14.0},{"damage":24.0,"enemies":"The Mushroom Lair","floor":8.0,"turns":6.0},{"damage":16.0,"enemies":"Lagavulin","floor":13.0,"turns":6.0},{"damage":7.0,"enemies":"2 Fungi Beasts","floor":14.0,"turns":3.0},{"damage":28.0,"enemies":"The Guardian","floor":16.0,"turns":9.0},{"damage":3.0,"enemies":"3 Byrds","floor":18.0,"turns":4.0},{"damage":9.0,"enemies":"2 Thieves","floor":21.0,"turns":4.0},{"damage":36.0,"enemies":"Slavers","floor":25.0,"turns":5.0},{"damage":14.0,"enemies":"Centurion and Healer","floor":27.0,"turns":6.0},{"damage":7.0,"enemies":"Cultist and Chosen","floor":30.0,"turns":6.0},{"damage":54.0,"enemies":"Champ","floor":33.0,"turns":11.0},{"damage":0,"enemies":"Orb Walker","floor":35,"turns":3},{"damage":21,"enemies":"3 Darklings","floor":37,"turns":8},{"damage":14,"enemies":"Maw","floor":39,"turns":6},{"damage":9,"enemies":"Writhing Mass","floor":41,"turns":6},{"damage":1,"enemies":"4 Shapes","floor":46,"turns":7},{"damage":12,"enemies":"Spire Growth","floor":48,"turns":4},{"damage":153,"enemies":"hubris:GrandSnecko","floor":50,"turns":10}],"seed_played":"1457390738678000268","potions_obtained":[{"floor":2.0,"key":"Regen Potion"},{"floor":3.0,"key":"AttackPotion"},{"floor":14.0,"key":"FearPotion"},{"floor":16.0,"key":"EssenceOfSteel"},{"floor":18.0,"key":"SteroidPotion"},{"floor":25.0,"key":"FearPotion"},{"floor":30.0,"key":"SpeedPotion"},{"floor":35,"key":"Energy Potion"},{"floor":39,"key":"Explosive Potion"}],"is_trial":false,"path_per_floor":["M","M","M","?","M","E","R","?","T","?","$","R","E","M","R","B",null,"M","?","$","M","?","R","?","E","T","M","T","$","M","$","R","B",null,"M","?","M","$","M","R","M","T","T","R","$","M","R","M","R","B"],"character_chosen":"THE_SILENT","items_purchased":["infinitespire:Chaos","Noxious Fumes","Lantern","ColorlessPotion","AttackPotion","Deadly Poison","Bane"],"campfire_rested":5,"item_purchase_floors":[11,11,20,29,38,45,45],"current_hp_per_floor":[64,64,62,62,68,38,59,41,41,64,64,64,55,48,48,20,77,74,74,74,65,65,65,65,29,29,15,15,15,8,8,31,2,77,77,77,56,56,42,65,56,56,56,56,56,55,77,65,77,0,0],"gold":54,"neow_bonus":"TRANSFORM_CARD","is_daily":false,"chose_seed":false,"campfire_upgraded":4,"win_rate":0.0,"timestamp":1613089506,"path_taken":["M","M","M","?","M","E","R","?","T","?","?","R","E","M","R","BOSS","M","?","$","M","?","R","?","E","T","M","?","$","M","?","R","BOSS","M","?","M","$","M","R","M","?","T","R","$","M","R","M","R","BOSS"],"items_purchased_type":["Relic","Card","Relic","Potion","Potion","Card","Card"],"build_version":"2020-12-22","purchased_purges":2,"victory":false,"max_hp_per_floor":[70,70,70,70,70,70,70,70,70,70,70,70,77,77,77,77,77,77,77,77,77,77,77,77,77,77,77,77,77,77,77,77,77,77,77,77,77,77,77,77,77,77,77,77,77,77,77,77,77,77,77],"card_choices":[{"not_picked":["hubris:SlightOfHand","Accuracy"],"picked":"Dash","floor":1.0},{"not_picked":["Cloak And Dagger","Backstab"],"picked":"Caltrops","floor":2.0},{"not_picked":["Heel Hook","Acrobatics"],"picked":"Terror","floor":3.0},{"not_picked":["Cloak And Dagger","Dagger Throw","Slice"],"picked":"SKIP","floor":5.0},{"not_picked":["Underhanded Strike","Dagger Spray","Cloak And Dagger"],"picked":"SKIP","floor":6.0},{"not_picked":["Footwork","Dagger Throw"],"picked":"Phantasmal Killer","floor":8.0},{"not_picked":["hubris:Counter","hubris:TrickCloak"],"picked":"Bullet Time","floor":13.0},{"not_picked":["PiercingWail","Distraction"],"picked":"Blade Dance","floor":14.0},{"not_picked":["A Thousand Cuts","Tools of the Trade"],"picked":"Adrenaline","floor":16.0},{"not_picked":["Endless Agony","Well Laid Plans"],"picked":"Poisoned Stab","floor":18.0},{"not_picked":["Terror","Underhanded Strike","Endless Agony"],"picked":"SKIP","floor":21.0},{"not_picked":["Crippling Poison+1","Poisoned Stab"],"picked":"Acrobatics","floor":25.0},{"not_picked":["Underhanded Strike","Flying Knee","Outmaneuver+1"],"picked":"Undo","floor":27.0},{"not_picked":["Deflect","Caltrops+1","Beam Cell"],"picked":"Flying Knee","floor":30.0},{"not_picked":["Envenom","A Thousand Cuts","Wraith Form v2"],"picked":"Amplify","floor":33.0},{"not_picked":["Well Laid Plans+1","Quick Slash","Cloak And Dagger+1"],"picked":"Tempest","floor":35},{"not_picked":["Eviscerate+1","Well Laid Plans","Compile Driver"],"picked":"Dagger Throw+1","floor":37},{"not_picked":["Dagger Throw","Dodge and Roll+1","FTL"],"picked":"Leg Sweep+1","floor":39},{"not_picked":["hubris:SlightOfHand","Acrobatics+1","Coolheaded"],"picked":"hubris:Counter+1","floor":41},{"not_picked":["PiercingWail","Flying Knee","Outmaneuver","Compile Driver"],"picked":"SKIP","floor":46},{"not_picked":["Prepared","Dagger Throw+1","Tempest"],"picked":"Blade Dance","floor":48}],"player_experience":2463711,"relics_obtained":[{"floor":6.0,"key":"Orichalcum"},{"floor":8.0,"key":"Odd Mushroom"},{"floor":9.0,"key":"Bag of Marbles"},{"floor":13.0,"key":"Strawberry"},{"floor":25.0,"key":"Lizard Tail"},{"floor":26.0,"key":"hubris:DisguiseKit"},{"floor":28.0,"key":"Pantograph"},{"floor":42,"key":"Snake Skull"},{"floor":43,"key":"Bottled Tornado"}],"event_choices":[{"damage_healed":0.0,"max_hp_gain":0.0,"max_hp_loss":0.0,"gold_gain":0.0,"event_name":"Mushrooms","player_choice":"Fought Mushrooms","floor":8.0,"gold_loss":0.0,"damage_taken":0.0},{"damage_healed":23.0,"max_hp_gain":0.0,"max_hp_loss":0.0,"gold_gain":0.0,"event_name":"Big Fish","player_choice":"Banana","floor":10.0,"gold_loss":0.0,"damage_taken":0.0},{"damage_healed":0.0,"max_hp_gain":0.0,"max_hp_loss":0.0,"gold_gain":0.0,"event_name":"The Library","player_choice":"Read","floor":19.0,"gold_loss":0.0,"damage_taken":0.0,"cards_obtained":["Crippling Poison"]},{"damage_healed":0.0,"max_hp_gain":0.0,"max_hp_loss":0.0,"gold_gain":99.0,"event_name":"Nest","player_choice":"Stole From Cult","floor":22.0,"gold_loss":0.0,"damage_taken":0.0},{"cards_removed":["Defend_G"],"damage_healed":0,"gold_gain":0,"player_choice":"Removed Skill","damage_taken":0,"max_hp_gain":0,"max_hp_loss":0,"event_name":"Falling","floor":36,"gold_loss":0}],"is_beta":false,"boss_relics":[{"not_picked":["HoveringKite","Coffee Dripper"],"picked":"Cursed Key"},{"not_picked":["WristBlade","Runic Dome"],"picked":"Astrolabe"}],"items_purged_floors":[29,38],"is_endless":false,"potions_floor_spawned":[2,3,14,16,18,25,30,35,39],"killed_by":"hubris:GrandSnecko","ascension_level":0}}