{"host":"u0qetpmu4y58k1tf","time":1613116459,"event":{"mods":["100% Spire Juice","AchievementEnabler","Act Like it!","BaseMod","CapriCore","Colored Map","Colored Powertips","Hermit","Koishi","Marisa£¨Ùöéë¡¡Øª×âÞÞ£©","Minty Spire (QoL Compilation)","Quick Restart","Reliquary","Replay The Spire","StSLib","SuperFastMode","Td1madao Mod","The Bug Knight","The Cursed","The Gatherer","The Hierophant","The Immortal","The Jungle","The Runesmith"],"gold_per_floor":[115,115,40,40,115,115,150,164,213,213,233,263,281,295,295,398,398,414,432,432,295,305,305,320,351,351,351,377,388,4,4,4,107,107,120,139,139,49,59,92,105,134,182,196,196,211,241,255,255,255,255,255,5,34,34],"floor_reached":56,"language":"KOR","playtime":2934,"items_purged":["Strike_B","Regret","Strike_B","Pain"],"score":1772,"play_id":"8c6fae9b-c3e3-4495-9ea1-17a65892b3fc","local_time":"20210212165419","is_ascension_mode":true,"campfire_choices":[{"data":"Zap","floor":6.0,"key":"SMITH"},{"data":"Dualcast","floor":10.0,"key":"SMITH"},{"data":"ReplayTheSpireMod:Calculation Training","floor":23.0,"key":"SMITH"},{"data":"Creative AI","floor":27.0,"key":"SMITH"},{"floor":32.0,"key":"DIG"},{"floor":45.0,"key":"RECALL"},{"floor":49.0,"key":"DIG"},{"floor":52.0,"key":"DIG"}],"circlet_count":0,"master_deck":["Strike_B","Strike_B","Defend_B","Defend_B","Defend_B","Defend_B","Zap+1","Dualcast+1","ReplayTheSpireMod:Calculation Training+1","Gash","BootSequence","Redo+1","Chill","Streamline","Creative AI+1","Machine Learning","Gash","Heatsinks","Beam Cell","Consume+1","Double Energy+1","Storm+1","Double Energy+1","Gash","Self Repair","Amplify","Panic Button","Turbo+1","Echo Form","Scrape+1","Gash","Defragment+1","Crystallizer","Reboot","Go for the Eyes"],"relics":["Cracked Core","NeowsBlessing","ReplayTheSpireMod:Ring of Exchange","ReplayTheSpireMod:Ring of Collecting","Replay:Rubber Ducky","Bottled Lightning","Ring of Peace","Smiling Mask","Lizard Tail","Painkiller Herb","Potion Belt","Replay:Baseball","Ring of Hypnosis","Carrot","reliquary:HotPoker","reliquary:BallBearing","Shovel","Letter Opener","Runic Capacitor","WarpedTongs","reliquary:BoilingFlask","Thread and Needle","Ring of Misfortune","Oddly Smooth Stone","reliquary:PorcupineQuills","Replay:Bottled Steam","ReplayTheSpireMod:Shallot","reliquary:Stiletto"],"acts_visited":["Exordium","Exordium","TheBeyond","TheEnding"],"potions_floor_usage":[55],"damage_taken":[{"damage":0.0,"enemies":"2 Louse","floor":1.0,"turns":1.0},{"damage":0.0,"enemies":"3 Sentries","floor":7.0,"turns":1.0},{"damage":0.0,"enemies":"Small Slimes","floor":8.0,"turns":1.0},{"damage":0.0,"enemies":"Jaw Worm","floor":11.0,"turns":2.0},{"damage":9.0,"enemies":"Gremlin Nob","floor":12.0,"turns":4.0},{"damage":12.0,"enemies":"Gremlin Gang","floor":13.0,"turns":7.0},{"damage":0.0,"enemies":"Blue Slaver","floor":14.0,"turns":2.0},{"damage":28.0,"enemies":"The Guardian","floor":16.0,"turns":12.0},{"damage":9.0,"enemies":"theJungle:5_Spyders","floor":18.0,"turns":13.0},{"damage":6.0,"enemies":"Shell Parasite","floor":19.0,"turns":6.0},{"damage":8.0,"enemies":"theJungle:JungleHuntersEncounter","floor":22.0,"turns":6.0},{"damage":0.0,"enemies":"theJungle:Lyon","floor":24.0,"turns":5.0},{"damage":0.0,"enemies":"theJungle:MamaSnecko","floor":25.0,"turns":8.0},{"damage":0.0,"enemies":"theJungle:Cassacara","floor":28.0,"turns":6.0},{"damage":0.0,"enemies":"theJungle:2_Snecko_Cultists","floor":29.0,"turns":5.0},{"damage":0.0,"enemies":"theJungle:QueenSpyder","floor":33.0,"turns":8.0},{"damage":3.0,"enemies":"3 Shapes","floor":35.0,"turns":4.0},{"damage":0.0,"enemies":"Orb Walker","floor":36.0,"turns":3.0},{"damage":60.0,"enemies":"Spire Growth","floor":39.0,"turns":6.0},{"damage":0.0,"enemies":"Reptomancer","floor":40.0,"turns":4.0},{"damage":0.0,"enemies":"4 Shapes","floor":41.0,"turns":4.0},{"damage":0.0,"enemies":"Giant Head","floor":42.0,"turns":6.0},{"damage":3.0,"enemies":"3 Darklings","floor":44.0,"turns":6.0},{"damage":0.0,"enemies":"Sphere and 2 Shapes","floor":46.0,"turns":3.0},{"damage":21.0,"enemies":"Nemesis","floor":47.0,"turns":5.0},{"damage":0.0,"enemies":"Transient","floor":48.0,"turns":5.0},{"damage":39.0,"enemies":"Awakened One","floor":50.0,"turns":7.0},{"damage":10.0,"enemies":"Shield and Spear","floor":54.0,"turns":5.0},{"damage":60,"enemies":"The Heart","floor":55,"turns":7}],"seed_played":"-1088295929271115215","potions_obtained":[{"floor":7.0,"key":"Weak Potion"},{"floor":11.0,"key":"ColorlessPotion"},{"floor":13.0,"key":"Fire Potion"},{"floor":16.0,"key":"Dexterity Potion"},{"floor":19.0,"key":"SteroidPotion"},{"floor":28.0,"key":"Dexterity Potion"},{"floor":33.0,"key":"Explosive Potion"},{"floor":35.0,"key":"SpeedPotion"},{"floor":36.0,"key":"SkillPotion"},{"floor":41.0,"key":"Fire Potion"},{"floor":46.0,"key":"FearPotion"},{"floor":47.0,"key":"Weak Potion"}],"is_trial":false,"path_per_floor":["M","?","$","?","?","R","E","M","T","R","M","E","M","M","R_BF","B",null,"?","?","?","T","?","T","?","E","T","T","E","?","T","?","T","B",null,"?","?","?","T","?","E","?","E","T","?","T","?","E","?","T","B",null,"T","T","E","B",null],"character_chosen":"DEFECT","items_purchased":["Heatsinks","Beam Cell","reliquary:BallBearing","Self Repair","Turbo+1","ReplayTheSpireMod:Shallot"],"campfire_rested":0,"item_purchase_floors":[21,21,30,30,38,53],"current_hp_per_floor":[75,75,75,75,64,64,64,64,64,64,64,55,43,43,65,37,75,66,60,60,60,52,52,52,52,52,52,52,52,52,20,20,27,75,75,75,75,75,25,35,42,49,49,53,53,67,60,67,67,35,75,75,75,75,22],"gold":34,"neow_bonus":"THREE_ENEMY_KILL","is_daily":false,"chose_seed":false,"campfire_upgraded":4,"win_rate":0.0,"timestamp":1613116459,"path_taken":["M","?","$","?","?","R","E","M","T","R","M","E","M","M","R_BF","BOSS","?","?","?","T","?","T","?","E","T","T","E","?","T","?","T","BOSS","?","?","?","T","?","E","?","E","T","?","T","?","E","?","T","BOSS","T","T","E","BOSS"],"items_purchased_type":["Card","Card","Relic","Card","Card","Relic"],"build_version":"2020-12-22","purchased_purges":4,"victory":true,"max_hp_per_floor":[75,75,75,75,75,75,75,75,75,75,75,75,75,75,75,75,75,75,75,75,75,75,75,75,75,75,75,75,75,75,75,75,75,75,75,75,75,75,75,75,75,75,75,75,75,75,75,75,75,75,75,75,75,75,75],"card_choices":[{"not_picked":["Gash","ReplaySolidLightProjector"],"picked":"ReplayTheSpireMod:Calculation Training","floor":1.0},{"not_picked":["Undo","Double Energy"],"picked":"Gash","floor":7.0},{"not_picked":["Redo","BasicCrystalCard"],"picked":"BootSequence","floor":8.0},{"not_picked":["Rebound","Heatsinks"],"picked":"Redo","floor":11.0},{"not_picked":["Coolheaded","Sunder"],"picked":"Chill","floor":12.0},{"not_picked":["Conserve Battery","BasicCrystalCard"],"picked":"Streamline","floor":13.0},{"not_picked":["Leap","Barrage"],"picked":"Creative AI","floor":14.0},{"not_picked":["ReplayRNGCard","Electrodynamics"],"picked":"Machine Learning","floor":16.0},{"not_picked":["Steam Power","Double Energy"],"picked":"Gash","floor":18.0},{"not_picked":["Cold Snap+1","BasicCrystalCard+1","Compile Driver"],"picked":"SKIP","floor":19.0},{"not_picked":["Rainbow","Leap"],"picked":"Consume+1","floor":22.0},{"not_picked":["Skim+1","Panic Button"],"picked":"Double Energy+1","floor":24.0},{"not_picked":["ReplayTheSpireMod:Repulse","Redo+1"],"picked":"Storm+1","floor":25.0},{"not_picked":["Sweeping Beam","Rebound"],"picked":"Double Energy+1","floor":28.0},{"not_picked":["Stack","Redo"],"picked":"Gash","floor":29.0},{"not_picked":["ReplayTheSpireMod:Omega Cannon","Mirror Shield"],"picked":"Amplify","floor":33.0},{"not_picked":["Barrage+1","Time Bomb+1","Fusion"],"picked":"SKIP","floor":35.0},{"not_picked":["Undo","Conserve Battery"],"picked":"Panic Button","floor":36.0},{"not_picked":["Conserve Battery","Barrage"],"picked":"Echo Form","floor":39.0},{"not_picked":["Biased Cognition","Self Repair+1"],"picked":"Scrape+1","floor":40.0},{"not_picked":["Sweeping Beam","Compile Driver+1"],"picked":"Gash","floor":41.0},{"not_picked":["Redo","Hologram","ReplayTheSpireMod:System Scan+1"],"picked":"SKIP","floor":42.0},{"not_picked":["Ball Lightning+1","Go for the Eyes","BasicCrystalCard+1"],"picked":"SKIP","floor":44.0},{"not_picked":["BootSequence+1","Beam Cell"],"picked":"Defragment+1","floor":46.0},{"not_picked":["Hello World+1","BasicCrystalCard"],"picked":"Crystallizer","floor":47.0},{"not_picked":["Stack","Go for the Eyes"],"picked":"Reboot","floor":48.0},{"not_picked":["Coolheaded","Auto Shields"],"picked":"Go for the Eyes","floor":54.0}],"player_experience":105688,"relics_obtained":[{"floor":2.0,"key":"ReplayTheSpireMod:Ring of Exchange"},{"floor":2.0,"key":"ReplayTheSpireMod:Ring of Collecting"},{"floor":7.0,"key":"Bottled Lightning"},{"floor":9.0,"key":"Ring of Peace"},{"floor":9.0,"key":"Smiling Mask"},{"floor":12.0,"key":"Lizard Tail"},{"floor":25.0,"key":"Replay:Baseball"},{"floor":26.0,"key":"Ring of Hypnosis"},{"floor":26.0,"key":"Carrot"},{"floor":28.0,"key":"reliquary:HotPoker"},{"floor":32.0,"key":"Letter Opener"},{"floor":40.0,"key":"reliquary:BoilingFlask"},{"floor":42.0,"key":"Thread and Needle"},{"floor":43.0,"key":"Ring of Misfortune"},{"floor":47.0,"key":"Oddly Smooth Stone"},{"floor":49.0,"key":"reliquary:PorcupineQuills"},{"floor":52.0,"key":"Replay:Bottled Steam"},{"floor":54.0,"key":"reliquary:Stiletto"}],"event_choices":[{"damage_healed":0.0,"max_hp_gain":0.0,"max_hp_loss":0.0,"gold_gain":0.0,"event_name":"Big Fish","player_choice":"Box","floor":4.0,"gold_loss":0.0,"damage_taken":0.0,"relics_obtained":["Replay:Rubber Ducky"],"cards_obtained":["Regret"]},{"damage_healed":0.0,"max_hp_gain":0.0,"max_hp_loss":0.0,"gold_gain":75.0,"event_name":"World of Goop","player_choice":"Gather Gold","floor":5.0,"gold_loss":0.0,"damage_taken":11.0},{"damage_healed":0.0,"max_hp_gain":0.0,"max_hp_loss":0.0,"gold_gain":0.0,"event_name":"WeMeetAgain","player_choice":"Gave Potion","floor":20.0,"gold_loss":0.0,"damage_taken":0.0,"relics_obtained":["Potion Belt"]},{"damage_healed":0.0,"max_hp_gain":0.0,"max_hp_loss":0.0,"gold_gain":0.0,"event_name":"Accursed Blacksmith","player_choice":"Rummage","floor":37.0,"gold_loss":0.0,"damage_taken":0.0,"relics_obtained":["WarpedTongs"],"cards_obtained":["Pain"]}],"is_beta":false,"boss_relics":[{"not_picked":["reliquary:Craggleroot","Busted Crown"],"picked":"Painkiller Herb"},{"not_picked":["Runic Dome","ReplayTheSpireMod:CursedCoin"],"picked":"Runic Capacitor"}],"items_purged_floors":[3,21,30,38],"is_endless":false,"potions_floor_spawned":[7,11,13,16,19,28,33,35,36,41,46,47],"ascension_level":4}}