{"host":"dqv8oo4v229c1o2l","time":1613091003,"event":{"mods":["AchievementEnabler","BaseMod","Colored Map","Colored Powertips","Minty Spire (QoL Compilation)","Quick Restart","Rare Cards Sparkle","StSLib","Synergy Search"],"gold_per_floor":[112,112,126,136,86,113,113,113,113,113,131,47,66,66,66,162,162,179,193,212,66,66,92,19,19,19,35,45,56,56,69,69,169,169,186,32,32,32,32,65,81,81,81,81,108,0,0,16,16,16],"floor_reached":51,"language":"ENG","playtime":1724,"items_purged":[],"score":1055,"play_id":"43147c24-de3c-47b1-b5e7-4cbd5b5095c0","local_time":"20210211165003","is_ascension_mode":true,"campfire_choices":[{"data":"Zap","floor":7.0,"key":"SMITH"},{"floor":15,"key":"REST"},{"floor":25,"key":"REST"},{"floor":30,"key":"REST"},{"floor":32,"key":"REST"},{"floor":42,"key":"REST"},{"floor":44,"key":"RECALL"},{"floor":49,"key":"REST"}],"circlet_count":0,"master_deck":["Defend_B","Defend_B+1","Defend_B","Zap+1","Dualcast+1","Leap","Sweeping Beam","Melter","Gash","Scrape","Fission","Gash","Beam Cell+1","Writhe","Leap+1","All For One","Gash","Gash+1","Streamline+1","Self Repair+1","Reboot+1","Redo+1","Reprogram+1","Recycle+1"],"relics":["Cracked Core","NeowsBlessing","InkBottle","HornCleat","Symbiotic Virus","Empty Cage","PreservedInsect","Blue Candle","Letter Opener","Matryoshka","Fusion Hammer","Lee\u0027s Waffle","DataDisk","Ancient Tea Set","War Paint","Red Mask"],"acts_visited":["Exordium","TheCity","TheBeyond"],"potions_floor_usage":[16,27,28,33,50],"damage_taken":[{"damage":0.0,"enemies":"Cultist","floor":1.0,"turns":1.0},{"damage":0.0,"enemies":"Small Slimes","floor":3.0,"turns":1.0},{"damage":0.0,"enemies":"Jaw Worm","floor":4.0,"turns":1.0},{"damage":33.0,"enemies":"3 Sentries","floor":6.0,"turns":8.0},{"damage":20.0,"enemies":"Exordium Wildlife","floor":11.0,"turns":5.0},{"damage":0,"enemies":"Looter","floor":13,"turns":3},{"damage":18,"enemies":"Hexaghost","floor":16,"turns":7},{"damage":4,"enemies":"Shell Parasite","floor":18,"turns":5},{"damage":0,"enemies":"Spheric Guardian","floor":19,"turns":2},{"damage":11,"enemies":"Shelled Parasite and Fungi","floor":20,"turns":3},{"damage":25,"enemies":"Book of Stabbing","floor":23,"turns":4},{"damage":14,"enemies":"Centurion and Healer","floor":27,"turns":2},{"damage":14,"enemies":"Snecko","floor":28,"turns":5},{"damage":0,"enemies":"Chosen and Byrds","floor":29,"turns":3},{"damage":19,"enemies":"Snake Plant","floor":31,"turns":3},{"damage":19,"enemies":"Collector","floor":33,"turns":6},{"damage":20,"enemies":"3 Darklings","floor":35,"turns":3},{"damage":43,"enemies":"Nemesis","floor":40,"turns":3},{"damage":0,"enemies":"Orb Walker","floor":41,"turns":3},{"damage":12,"enemies":"Reptomancer","floor":45,"turns":4},{"damage":23,"enemies":"4 Shapes","floor":48,"turns":2},{"damage":31,"enemies":"Donu and Deca","floor":50,"turns":4}],"seed_played":"2540275268800377596","potions_obtained":[{"floor":1.0,"key":"Regen Potion"},{"floor":3.0,"key":"ColorlessPotion"},{"floor":4.0,"key":"FairyPotion"},{"floor":19,"key":"Energy Potion"},{"floor":27,"key":"GamblersBrew"},{"floor":29,"key":"Explosive Potion"},{"floor":33,"key":"BlessingOfTheForge"},{"floor":41,"key":"DuplicationPotion"},{"floor":48,"key":"FairyPotion"}],"is_trial":false,"path_per_floor":["M","?","M","M","?","E","R","T","T","$","M","$","M","?","R","B",null,"M","M","M","$","?","E","$","R","T","M","M","M","R","M","R","B",null,"M","$","?","$","?","E","M","R","T","R","E","?","?","M","R","B",null],"character_chosen":"DEFECT","items_purchased":["Gash","Scrape","PreservedInsect","All For One","Lee\u0027s Waffle"],"campfire_rested":6,"item_purchase_floors":[12,12,21,24,36],"current_hp_per_floor":[68,68,68,68,68,35,35,35,35,35,15,15,15,15,37,19,61,57,57,46,46,46,21,21,43,43,34,20,20,42,23,45,36,65,45,82,82,82,82,49,59,82,82,82,70,70,82,69,82,61],"gold":16,"neow_bonus":"THREE_ENEMY_KILL","is_daily":false,"chose_seed":false,"campfire_upgraded":1,"win_rate":0.0,"timestamp":1613091003,"path_taken":["M","?","M","?","?","E","R","?","T","?","M","$","M","?","R","BOSS","M","?","M","$","?","E","$","R","T","M","M","M","R","M","R","BOSS","M","$","?","$","?","E","M","R","T","R","E","?","?","M","R","BOSS"],"items_purchased_type":["Card","Card","Relic","Card","Relic"],"build_version":"2020-12-22","purchased_purges":0,"victory":true,"max_hp_per_floor":[75,75,75,75,75,75,75,75,75,75,75,75,75,75,75,75,75,75,75,75,75,75,75,75,75,75,75,75,75,75,75,75,75,75,75,82,82,82,82,82,82,82,82,82,82,82,82,82,82,82],"card_choices":[{"not_picked":["Force Field","Doom and Gloom"],"picked":"Static Discharge","floor":1.0},{"not_picked":["Force Field","Turbo","Cold Snap"],"picked":"SKIP","floor":3.0},{"not_picked":["Compile Driver","Streamline"],"picked":"Leap","floor":4.0},{"not_picked":["Reprogram","Recycle"],"picked":"Sweeping Beam","floor":6.0},{"not_picked":["Gash","Steam"],"picked":"Melter","floor":11.0},{"not_picked":["Skim","Turbo","Chaos"],"picked":"SKIP","floor":13},{"not_picked":["Thunder Strike","Buffer"],"picked":"Fission","floor":16},{"not_picked":["Heatsinks","Consume"],"picked":"Gash","floor":18},{"not_picked":["Storm","Ball Lightning+1"],"picked":"Beam Cell+1","floor":19},{"not_picked":["Tempest","Barrage+1","Recycle"],"picked":"SKIP","floor":20},{"not_picked":["Fusion","Auto Shields+1"],"picked":"Leap+1","floor":23},{"not_picked":["Fusion","Glacier"],"picked":"Gash","floor":27},{"not_picked":["Compile Driver","Beam Cell+1"],"picked":"Gash+1","floor":28},{"not_picked":["Sunder","Meteor Strike"],"picked":"Streamline+1","floor":29},{"not_picked":["Streamline","Barrage"],"picked":"Self Repair+1","floor":31},{"not_picked":["Amplify","Creative AI"],"picked":"Reboot","floor":33},{"not_picked":["Sweeping Beam+1","Coolheaded"],"picked":"Redo+1","floor":35},{"not_picked":["Hello World+1","Consume+1"],"picked":"Reprogram+1","floor":40},{"not_picked":["Sweeping Beam+1","Go for the Eyes"],"picked":"Recycle+1","floor":41},{"not_picked":["Meteor Strike","Stack","Force Field"],"picked":"SKIP","floor":45},{"not_picked":["Leap","Consume","Defragment+1"],"picked":"SKIP","floor":48}],"player_experience":315460,"relics_obtained":[{"floor":6.0,"key":"InkBottle"},{"floor":8.0,"key":"HornCleat"},{"floor":9.0,"key":"Symbiotic Virus"},{"floor":23,"key":"Letter Opener"},{"floor":26,"key":"Matryoshka"},{"floor":40,"key":"DataDisk"},{"floor":43,"key":"Ancient Tea Set"},{"floor":45,"key":"War Paint"}],"event_choices":[{"cards_removed":["Strike_B"],"damage_healed":0.0,"max_hp_gain":0.0,"max_hp_loss":0.0,"gold_gain":0.0,"event_name":"Wheel of Change","player_choice":"Card Removal","floor":2.0,"gold_loss":0.0,"damage_taken":0.0},{"cards_removed":["Strike_B"],"damage_healed":0.0,"max_hp_gain":0.0,"max_hp_loss":0.0,"gold_gain":0.0,"event_name":"The Cleric","player_choice":"Card Removal","floor":5.0,"gold_loss":50.0,"damage_taken":0.0},{"damage_healed":0,"gold_gain":0,"player_choice":"Upgraded","damage_taken":0,"max_hp_gain":0,"max_hp_loss":0,"event_name":"Upgrade Shrine","floor":14,"gold_loss":0,"cards_upgraded":["Dualcast"]},{"damage_healed":0,"gold_gain":0,"player_choice":"Opened","damage_taken":0,"relics_obtained":["Blue Candle"],"max_hp_gain":0,"max_hp_loss":0,"event_name":"The Mausoleum","floor":22,"gold_loss":0,"cards_obtained":["Writhe"]},{"damage_healed":0,"gold_gain":0,"player_choice":"Ignored","damage_taken":0,"max_hp_gain":0,"max_hp_loss":0,"event_name":"Mysterious Sphere","floor":37,"gold_loss":0},{"cards_removed":["Defend_B"],"damage_healed":0,"gold_gain":0,"player_choice":"Removed Skill","damage_taken":0,"max_hp_gain":0,"max_hp_loss":0,"event_name":"Falling","floor":39,"gold_loss":0},{"damage_healed":0,"gold_gain":0,"player_choice":"Paid","damage_taken":0,"relics_obtained":["Red Mask"],"max_hp_gain":0,"max_hp_loss":0,"event_name":"Tomb of Lord Red Mask","floor":46,"gold_loss":108},{"cards_removed":["Static Discharge"],"damage_healed":12,"gold_gain":0,"player_choice":"Offered Uncommon","damage_taken":0,"max_hp_gain":0,"max_hp_loss":0,"event_name":"Bonfire Elementals","floor":47,"gold_loss":0}],"is_beta":false,"boss_relics":[{"not_picked":["SacredBark","FrozenCore"],"picked":"Empty Cage"},{"not_picked":["Black Star","Runic Pyramid"],"picked":"Fusion Hammer"}],"items_purged_floors":[],"is_endless":false,"potions_floor_spawned":[1,3,4,11,13,19,27,29,31,33,35,41,48],"ascension_level":8}}