{"host":"8ztb9kwpjc2zof9s","time":1613112324,"event":{"mods":["BaseMod","Block Reminder","Curses Come First","Minty Spire (QoL Compilation)","Relic Stats","StSLib"],"gold_per_floor":[117,192,192,45,60,60,75,409,409,422,129,147,147,161,161,266,266,282,33,46,46,65,65,65],"floor_reached":23,"language":"ENG","playtime":678,"items_purged":["Strike_G","Strike_G"],"score":377,"play_id":"2eec256c-716e-4f53-879f-9e83033d6f38","local_time":"20210211224524","is_ascension_mode":true,"campfire_choices":[{"data":"Noxious Fumes","floor":6,"key":"SMITH"},{"floor":15,"key":"REST"}],"circlet_count":0,"master_deck":["AscendersBane","Strike_G","Defend_G","Defend_G","Defend_G","Defend_G","Defend_G","Survivor","Neutralize+1","All Out Attack","Doppelganger+1","Noxious Fumes+1","Deadly Poison","Deadly Poison","Doppelganger+1","Burst+1","Caltrops+1"],"relics":["Ring of the Snake","Old Coin","Bird Faced Urn","Chemical X","Oddly Smooth Stone","Toxic Egg 2","Omamori","MutagenicStrength"],"acts_visited":["Exordium","TheCity"],"potions_floor_usage":[8],"damage_taken":[{"damage":0,"enemies":"Small Slimes","floor":1,"turns":3},{"damage":3,"enemies":"2 Louse","floor":5,"turns":3},{"damage":2,"enemies":"Jaw Worm","floor":7,"turns":4},{"damage":21,"enemies":"Gremlin Nob","floor":8,"turns":4},{"damage":3,"enemies":"3 Louse","floor":10,"turns":4},{"damage":0,"enemies":"Exordium Wildlife","floor":12,"turns":4},{"damage":0,"enemies":"Large Slime","floor":14,"turns":6},{"damage":0,"enemies":"The Guardian","floor":16,"turns":8},{"damage":6,"enemies":"Chosen","floor":18,"turns":5},{"damage":20,"enemies":"3 Byrds","floor":20,"turns":5},{"damage":9,"enemies":"Sentry and Sphere","floor":22,"turns":4},{"damage":30,"enemies":"Book of Stabbing","floor":23,"turns":4}],"seed_played":"1678054473887540500","potions_obtained":[{"floor":5,"key":"Poison Potion"},{"floor":8,"key":"FearPotion"},{"floor":12,"key":"Dexterity Potion"}],"is_trial":false,"path_per_floor":["M","?","?","$","M","R","M","E","T","M","$","M","?","M","R","B",null,"M","$","M","?","M","E"],"character_chosen":"THE_SILENT","items_purchased":["Noxious Fumes","Chemical X","Oddly Smooth Stone","Omamori"],"campfire_rested":1,"item_purchase_floors":[4,11,11,19],"current_hp_per_floor":[63,52,39,39,36,36,34,13,13,12,12,14,2,4,22,24,53,49,49,31,31,26,0,0],"gold":65,"neow_bonus":"TRANSFORM_TWO_CARDS","is_daily":false,"chose_seed":false,"campfire_upgraded":1,"win_rate":0.0,"timestamp":1613112324,"path_taken":["M","?","?","?","M","R","M","E","T","M","$","M","?","M","R","BOSS","M","$","M","?","M","E"],"items_purchased_type":["Card","Relic","Relic","Relic"],"build_version":"2020-12-22","purchased_purges":2,"victory":false,"max_hp_per_floor":[63,63,63,63,63,63,63,63,63,63,63,63,63,63,63,63,63,63,63,63,63,63,63,63],"relic_stats":{"counters":[12,54],"Bird Faced Urn":[20],"Chemical X":[12],"obtain_stats":[{"Bird Faced Urn":9,"MutagenicStrength":21,"Oddly Smooth Stone":11,"Omamori":19,"Chemical X":11,"Toxic Egg 2":13,"Ring of the Snake":0,"Old Coin":8},{"Bird Faced Urn":4,"MutagenicStrength":10,"Oddly Smooth Stone":5,"Omamori":9,"Chemical X":5,"Toxic Egg 2":6,"Ring of the Snake":0,"Old Coin":4},{"Bird Faced Urn":14,"MutagenicStrength":46,"Oddly Smooth Stone":18,"Omamori":41,"Chemical X":18,"Toxic Egg 2":22,"Ring of the Snake":0,"Old Coin":14}],"Ring of the Snake":[24]},"card_choices":[{"not_picked":["Slice","Reflex","Quick Slash"],"picked":"SKIP","floor":1},{"not_picked":["Prepared","Slice"],"picked":"Deadly Poison","floor":5},{"not_picked":["Finisher","Infinite Blades"],"picked":"Deadly Poison","floor":7},{"not_picked":["Reflex","Quick Slash","Eviscerate"],"picked":"SKIP","floor":8},{"not_picked":["Dodge and Roll","Phantasmal Killer","Flying Knee"],"picked":"SKIP","floor":10},{"not_picked":["Sucker Punch","Deadly Poison","Deflect"],"picked":"SKIP","floor":12},{"not_picked":["Calculated Gamble+1","Bane"],"picked":"Doppelganger+1","floor":14},{"not_picked":["Envenom","Storm of Steel+1"],"picked":"Burst+1","floor":16},{"not_picked":["Dagger Spray","Endless Agony","Slice"],"picked":"SKIP","floor":18},{"not_picked":["Choke","Deadly Poison+1"],"picked":"Caltrops+1","floor":20},{"not_picked":["Skewer","Dodge and Roll+1","Bane"],"picked":"SKIP","floor":22}],"player_experience":295532,"relics_obtained":[{"floor":8,"key":"Old Coin"},{"floor":9,"key":"Bird Faced Urn"}],"event_choices":[{"damage_healed":0,"gold_gain":75,"player_choice":"Gather Gold","damage_taken":11,"max_hp_gain":0,"max_hp_loss":0,"event_name":"World of Goop","floor":2,"gold_loss":0},{"damage_healed":0,"gold_gain":0,"player_choice":"Entered Light","damage_taken":13,"max_hp_gain":0,"max_hp_loss":0,"event_name":"Shining Light","floor":3,"gold_loss":0,"cards_upgraded":["Neutralize","Doppelganger"]},{"damage_healed":0,"gold_gain":0,"player_choice":"Success","damage_taken":12,"relics_obtained":["Toxic Egg 2"],"max_hp_gain":0,"max_hp_loss":0,"event_name":"Scrap Ooze","floor":13,"gold_loss":0},{"damage_healed":0,"gold_gain":0,"player_choice":"Inject Mutagens","damage_taken":0,"relics_obtained":["MutagenicStrength"],"max_hp_gain":0,"max_hp_loss":0,"event_name":"Drug Dealer","floor":21,"gold_loss":0}],"is_beta":false,"boss_relics":[{"not_picked":["Fusion Hammer","Ectoplasm","Runic Pyramid"]}],"items_purged_floors":[4,19],"is_endless":false,"potions_floor_spawned":[5,8,12,22],"killed_by":"Book of Stabbing","ascension_level":11}}