{"host":"c4psiqwczhd30bq5","time":1613145806,"event":{"mods":["Act Like it!","Aspiration","BaseMod","BetterRewards","Conspire","Downfall","Hallownest","Hubris","Minty Spire (QoL Compilation)","StSLib"],"gold_per_floor":[117,117,117,117,136,179,179,179,179],"floor_reached":8,"language":"ENG","playtime":203,"items_purged":[],"score":83,"play_id":"c605ee2a-83fb-4466-b24a-bc9256952127","local_time":"20210212170326","is_ascension_mode":true,"campfire_choices":[{"data":"Endless Agony","floor":7,"key":"SMITH"}],"circlet_count":0,"master_deck":["Strike_G","Strike_G","Strike_G","Strike_G+1","Strike_G+1","Defend_G","Defend_G","Defend_G","Defend_G","Defend_G","Survivor","Neutralize","Endless Agony+1","Heel Hook","Concentrate"],"relics":["Ring of the Snake","NeowsBlessing","Golden Idol","hubris:DisguiseKit"],"acts_visited":["Exordium"],"potions_floor_usage":[8],"damage_taken":[{"damage":0,"enemies":"Small Slimes","floor":1,"turns":1},{"damage":0,"enemies":"2 Louse","floor":5,"turns":1},{"damage":0,"enemies":"3 Sentries","floor":6,"turns":1},{"damage":55,"enemies":"Lagavulin","floor":8,"turns":11}],"seed_played":"-7456233889798377573","potions_obtained":[{"floor":1,"key":"SpeedPotion"}],"is_trial":false,"path_per_floor":["M","?","?","?","M","E","R","E"],"character_chosen":"THE_SILENT","items_purchased":[],"campfire_rested":0,"item_purchase_floors":[],"current_hp_per_floor":[70,65,52,52,52,52,52,0,0],"gold":179,"neow_bonus":"THREE_ENEMY_KILL","is_daily":false,"chose_seed":false,"campfire_upgraded":1,"win_rate":0.0,"timestamp":1613145806,"path_taken":["M","?","?","?","M","E","R","E"],"items_purchased_type":[],"build_version":"2020-12-22","purchased_purges":0,"victory":false,"max_hp_per_floor":[70,65,65,65,65,65,65,65,65],"card_choices":[{"not_picked":["Acrobatics","Bane"],"picked":"Endless Agony","floor":1},{"not_picked":["Caltrops","hubris:TrickCloak"],"picked":"Heel Hook","floor":5},{"not_picked":["Flechettes","Setup"],"picked":"Concentrate","floor":6}],"player_experience":285268,"relics_obtained":[{"floor":6,"key":"hubris:DisguiseKit"}],"event_choices":[{"damage_healed":0,"gold_gain":0,"player_choice":"Lose Max HP","damage_taken":0,"relics_obtained":["Golden Idol"],"max_hp_gain":0,"max_hp_loss":5,"event_name":"Golden Idol","floor":2,"gold_loss":0},{"damage_healed":0,"gold_gain":0,"player_choice":"Entered Light","damage_taken":13,"max_hp_gain":0,"max_hp_loss":0,"event_name":"Shining Light","floor":3,"gold_loss":0,"cards_upgraded":["Strike_G","Strike_G"]},{"damage_healed":0,"gold_gain":0,"player_choice":"Ignored","damage_taken":0,"max_hp_gain":0,"max_hp_loss":0,"event_name":"Purifier","floor":4,"gold_loss":0}],"is_beta":false,"boss_relics":[],"items_purged_floors":[],"is_endless":false,"potions_floor_spawned":[1],"killed_by":"Lagavulin","ascension_level":1}}