{"host":"91blwi3hgehj6ch9","time":1613162943,"event":{"mods":["2.2 Compatiblity","AchievementEnabler","BaseMod","Colored Map","DeckTracker","Keyboard Shortcuts","Minty Spire (QoL Compilation)","Permanent Neow","Quick Restart","StSLib","SuperFastMode","everything is the same but u backflip on backflip"],"gold_per_floor":[114,39,49,49,49,49,84,9,61,89,89,113,113,139,139,139,139],"floor_reached":16,"language":"KOR","playtime":276,"items_purged":["Defend_G"],"score":245,"play_id":"ce37a746-d4bc-4cbd-8913-08959b5b3de5","local_time":"20210213054903","is_ascension_mode":true,"campfire_choices":[{"data":"Tactician","floor":6.0,"key":"SMITH"},{"floor":11,"key":"REST"},{"floor":15,"key":"REST"}],"circlet_count":0,"master_deck":["AscendersBane","Strike_G","Strike_G","Strike_G","Strike_G","Defend_G","Defend_G","Defend_G+1","Defend_G+1","Survivor","Neutralize","Tactician+1","Deadly Poison","Underhanded Strike"],"relics":["Ring of the Snake","NeowsBlessing","Sundial","Tiny Chest","War Paint","Bag of Marbles","Centennial Puzzle"],"acts_visited":["Exordium"],"potions_floor_usage":[10,16],"damage_taken":[{"damage":0.0,"enemies":"Jaw Worm","floor":1.0,"turns":1.0},{"damage":0.0,"enemies":"Small Slimes","floor":3.0,"turns":1.0},{"damage":0.0,"enemies":"3 Sentries","floor":7.0,"turns":1.0},{"damage":53,"enemies":"Lagavulin","floor":10,"turns":7},{"damage":44,"enemies":"Hexaghost","floor":16,"turns":14}],"seed_played":"1591676491994438300","potions_obtained":[{"floor":1.0,"key":"Regen Potion"},{"floor":10,"key":"PowerPotion"}],"is_trial":false,"path_per_floor":["M","?","M","$","?","R","E","$","T","E","R","T","?","T","R","B"],"character_chosen":"THE_SILENT","items_purchased":[],"campfire_rested":2,"item_purchase_floors":[],"current_hp_per_floor":[59,59,59,59,41,41,41,41,41,3,22,22,22,22,41,0,0],"gold":139,"neow_bonus":"THREE_ENEMY_KILL","is_daily":false,"chose_seed":false,"campfire_upgraded":1,"win_rate":0.0,"timestamp":1613162943,"path_taken":["M","?","M","$","?","R","E","?","T","E","R","?","?","?","R","BOSS"],"items_purchased_type":[],"build_version":"2020-12-22","purchased_purges":1,"victory":false,"max_hp_per_floor":[66,66,66,66,66,66,66,66,66,66,66,66,66,66,66,66,66],"card_choices":[{"not_picked":["Skewer","Infinite Blades"],"picked":"Tactician","floor":1.0},{"not_picked":["Cloak And Dagger","Tactician"],"picked":"Deadly Poison","floor":3.0},{"not_picked":["Blade Dance","Bullet Time"],"picked":"Underhanded Strike","floor":7.0},{"not_picked":["Backstab","Deadly Poison","Dagger Spray"],"picked":"SKIP","floor":10}],"player_experience":235229,"relics_obtained":[{"floor":7.0,"key":"Tiny Chest"},{"floor":9.0,"key":"War Paint"},{"floor":10,"key":"Bag of Marbles"},{"floor":14,"key":"Centennial Puzzle"}],"event_choices":[{"cards_removed":["Strike_G"],"damage_healed":0.0,"max_hp_gain":0.0,"max_hp_loss":0.0,"gold_gain":0.0,"event_name":"The Cleric","player_choice":"Card Removal","floor":2.0,"gold_loss":75.0,"damage_taken":0.0},{"damage_healed":0.0,"max_hp_gain":0.0,"max_hp_loss":0.0,"gold_gain":0.0,"event_name":"Scrap Ooze","player_choice":"Success","floor":5.0,"gold_loss":0.0,"damage_taken":18.0,"relics_obtained":["Sundial"]},{"damage_healed":0,"gold_gain":0,"player_choice":"Ignored","damage_taken":0,"max_hp_gain":0,"max_hp_loss":0,"event_name":"Liars Game","floor":13,"gold_loss":0}],"is_beta":false,"boss_relics":[],"items_purged_floors":[8],"is_endless":false,"potions_floor_spawned":[1,10],"killed_by":"Hexaghost","ascension_level":18}}