{"host":"ul3z8ex5o8l5j7mh","time":1613154184,"event":{"mods":["AchievementEnabler","BaseMod","Bestiary","Colored Map","Colored Powertips","DeckTracker","Keyboard Shortcuts","Minty Spire (QoL Compilation)","Relic Sorter","Relic Stats","SuperFastMode"],"gold_per_floor":[116,131,143,143,68,93,111,111,135,155,55,70,81,81,81,185,185,195,213,213,226,78,105,204,204,204,79,93,93,107,107,107],"floor_reached":31,"language":"ENG","playtime":967,"items_purged":["Strike_R","Defend_R","Decay"],"score":336,"play_id":"d197a613-5dbf-4d7a-88c9-aa29cc9d58ad","local_time":"20210212192304","is_ascension_mode":true,"campfire_choices":[{"data":"Clash","floor":8.0,"key":"SMITH"},{"floor":15.0,"key":"REST"},{"floor":29.0,"key":"REST"}],"circlet_count":0,"master_deck":["Defend_R","Defend_R","Defend_R","Bash","Clash+1","Heavy Blade+1","Clash","Clash","Flex","Anger","Bloodletting+1","Offering+1","Offering+1","Searing Blow","Clash","Clash","Searing Blow","Berserk","Clash","Reckless Charge+1"],"relics":["Burning Blood","Art of War","Astrolabe","Orrery","Akabeko","InkBottle"],"acts_visited":["Exordium","TheCity"],"potions_floor_usage":[30,30],"damage_taken":[{"damage":7.0,"enemies":"Jaw Worm","floor":1.0,"turns":3.0},{"damage":8.0,"enemies":"2 Louse","floor":2.0,"turns":3.0},{"damage":0.0,"enemies":"Small Slimes","floor":3.0,"turns":3.0},{"damage":50.0,"enemies":"3 Sentries","floor":6.0,"turns":15.0},{"damage":0.0,"enemies":"3 Louse","floor":7.0,"turns":2.0},{"damage":12.0,"enemies":"Exordium Thugs","floor":10.0,"turns":3.0},{"damage":0.0,"enemies":"Blue Slaver","floor":12.0,"turns":2.0},{"damage":9.0,"enemies":"2 Fungi Beasts","floor":13.0,"turns":2.0},{"damage":18.0,"enemies":"Hexaghost","floor":16.0,"turns":5.0},{"damage":5.0,"enemies":"Shell Parasite","floor":18.0,"turns":2.0},{"damage":24.0,"enemies":"3 Byrds","floor":19.0,"turns":4.0},{"damage":5.0,"enemies":"Snecko","floor":21.0,"turns":3.0},{"damage":37.0,"enemies":"Gremlin Leader","floor":23.0,"turns":3.0},{"damage":18.0,"enemies":"3 Cultists","floor":28.0,"turns":3.0},{"damage":7,"enemies":"Centurion and Healer","floor":30,"turns":2},{"damage":43,"enemies":"Book of Stabbing","floor":31,"turns":3}],"seed_played":"7662637230370012342","potions_obtained":[{"floor":1.0,"key":"FearPotion"},{"floor":3.0,"key":"Weak Potion"},{"floor":7.0,"key":"GamblersBrew"},{"floor":13.0,"key":"FearPotion"},{"floor":16.0,"key":"AttackPotion"},{"floor":19.0,"key":"FearPotion"},{"floor":23.0,"key":"SpeedPotion"},{"floor":28.0,"key":"PowerPotion"}],"is_trial":false,"path_per_floor":["M","M","M","?","$","E","M","R","T","M","$","M","M","?","R","B",null,"M","M","?","M","$","E","?","?","T","$","M","R","M","E"],"character_chosen":"IRONCLAD","items_purchased":["Orrery"],"campfire_rested":2,"item_purchase_floors":[22],"current_hp_per_floor":[79,77,80,80,80,36,42,42,42,36,36,42,39,32,56,44,80,80,62,62,63,63,32,32,32,32,32,20,44,43,0,0],"gold":107,"neow_bonus":"THREE_CARDS","is_daily":false,"chose_seed":false,"campfire_upgraded":1,"win_rate":0.0,"timestamp":1613154184,"path_taken":["M","M","M","?","$","E","M","R","T","M","$","M","M","?","R","BOSS","M","M","?","M","$","E","?","?","T","$","?","R","M","E"],"items_purchased_type":["Relic"],"build_version":"2020-12-22","purchased_purges":3,"victory":false,"max_hp_per_floor":[80,80,80,80,80,80,80,80,80,80,80,80,80,80,80,80,80,80,80,80,80,80,80,80,80,80,80,80,80,80,80,80],"relic_stats":{"counters":[16,58],"Astrolabe":["Bloodletting","Offering","Offering"],"Art of War":[0],"obtain_stats":[{"Astrolabe":17,"Orrery":22,"Art of War":6,"Burning Blood":0,"Akabeko":23,"InkBottle":26},{"Astrolabe":9,"Orrery":12,"Art of War":4,"Burning Blood":0,"Akabeko":13,"InkBottle":13},{"Astrolabe":38,"Orrery":47,"Art of War":24,"Burning Blood":0,"Akabeko":50,"InkBottle":50}],"Burning Blood":86,"InkBottle":[4]},"card_choices":[{"not_picked":["Shockwave","Havoc"],"picked":"Clash","floor":0.0},{"not_picked":["Dual Wield","Fire Breathing"],"picked":"Heavy Blade","floor":1.0},{"not_picked":["Havoc","Intimidate"],"picked":"Clash","floor":2.0},{"not_picked":["Sword Boomerang","Flex","Havoc"],"picked":"SKIP","floor":3.0},{"not_picked":["Thunderclap","Brutality"],"picked":"Clash","floor":6.0},{"not_picked":["Flex","Reckless Charge","Cleave"],"picked":"SKIP","floor":7.0},{"not_picked":["Body Slam","Entrench"],"picked":"Flex","floor":10.0},{"not_picked":["Pummel","Dropkick","Whirlwind"],"picked":"SKIP","floor":12.0},{"not_picked":["Body Slam","Entrench"],"picked":"Anger","floor":13.0},{"not_picked":["Pummel","Sword Boomerang+1"],"picked":"Searing Blow","floor":18.0},{"not_picked":["Havoc","Disarm"],"picked":"Clash","floor":19.0},{"not_picked":["Dropkick","Double Tap"],"picked":"Searing Blow","floor":21.0},{"not_picked":["Blood for Blood","Cleave+1"],"picked":"Berserk","floor":22.0},{"not_picked":["Sword Boomerang","Clothesline+1"],"picked":"Clash","floor":22.0},{"not_picked":["Entrench","Clothesline+1","Cleave+1"],"picked":"SKIP","floor":23.0},{"not_picked":["Thunderclap","Perfected Strike","Dark Embrace+1"],"picked":"SKIP","floor":28.0},{"not_picked":["Sword Boomerang","True Grit"],"picked":"Reckless Charge+1","floor":30}],"player_experience":353932,"relics_obtained":[{"floor":6.0,"key":"Art of War"},{"floor":23.0,"key":"Akabeko"},{"floor":26.0,"key":"InkBottle"}],"event_choices":[{"damage_healed":0.0,"max_hp_gain":0.0,"max_hp_loss":0.0,"gold_gain":0.0,"event_name":"Living Wall","player_choice":"Grow","floor":4.0,"gold_loss":0.0,"damage_taken":0.0,"cards_upgraded":["Heavy Blade"]},{"cards_removed":["Strike_R"],"damage_healed":0.0,"max_hp_gain":0.0,"max_hp_loss":0.0,"gold_gain":0.0,"event_name":"Golden Wing","player_choice":"Card Removal","floor":14.0,"gold_loss":0.0,"damage_taken":7.0},{"damage_healed":0.0,"max_hp_gain":0.0,"max_hp_loss":0.0,"gold_gain":0.0,"event_name":"The Library","player_choice":"Read","floor":20.0,"gold_loss":0.0,"damage_taken":0.0,"cards_obtained":["Clash"]},{"damage_healed":0.0,"max_hp_gain":0.0,"max_hp_loss":0.0,"gold_gain":99.0,"event_name":"Nest","player_choice":"Stole From Cult","floor":24.0,"gold_loss":0.0,"damage_taken":0.0},{"damage_healed":0.0,"max_hp_gain":0.0,"max_hp_loss":0.0,"gold_gain":0.0,"event_name":"Forgotten Altar","player_choice":"Smashed Altar","floor":25.0,"gold_loss":0.0,"damage_taken":0.0,"cards_obtained":["Decay"]}],"is_beta":false,"boss_relics":[{"not_picked":["Tiny House","Mark of Pain"],"picked":"Astrolabe"}],"items_purged_floors":[5,11,27],"is_endless":false,"potions_floor_spawned":[1,3,7,13,16,19,23,28],"killed_by":"Book of Stabbing","ascension_level":4}}