{"host":"4cz9gr89nglr7k8k","time":1613141697,"event":{"mods":["BaseMod","Minty Spire (QoL Compilation)","Relic Stats","Slay-I"],"gold_per_floor":[109,129,15,15,15,15,35,35,35,48,48,48,62,6,6,78,78,94,94,109,121,121,121],"floor_reached":22,"language":"DEU","playtime":549,"items_purged":[],"score":352,"play_id":"1b930455-5514-424d-a75d-a1c5cedec433","local_time":"20210212155457","is_ascension_mode":true,"campfire_choices":[{"data":"Metallicize","floor":6,"key":"SMITH"},{"floor":8,"key":"REST"},{"data":"Demon Form","floor":12,"key":"SMITH"},{"data":"Rampage","floor":15,"key":"SMITH"}],"circlet_count":0,"master_deck":["AscendersBane","Strike_R","Strike_R","Strike_R","Strike_R","Strike_R","Defend_R","Defend_R","Defend_R","Defend_R","Bash","Metallicize+1","Anger","Rampage+1","Evolve","Shrug It Off","Demon Form+1","Perfected Strike","Thunderclap","Offering","Perfected Strike","Heavy Blade+1","Iron Wave"],"relics":["Burning Blood","Bag of Preparation","Mark of Pain"],"acts_visited":["Exordium","TheCity"],"potions_floor_usage":[16,20,22,22],"damage_taken":[{"damage":15,"enemies":"2 Louse","floor":1,"turns":2},{"damage":11,"enemies":"Cultist","floor":2,"turns":4},{"damage":6,"enemies":"Small Slimes","floor":7,"turns":3},{"damage":17,"enemies":"Blue Slaver","floor":10,"turns":4},{"damage":6,"enemies":"Red Slaver","floor":13,"turns":5},{"damage":57,"enemies":"Hexaghost","floor":16,"turns":8},{"damage":21,"enemies":"Spheric Guardian","floor":18,"turns":4},{"damage":28,"enemies":"Chosen","floor":20,"turns":4},{"damage":34,"enemies":"Snake Plant","floor":21,"turns":4},{"damage":44,"enemies":"3 Cultists","floor":22,"turns":5}],"seed_played":"-8247154562962210247","potions_obtained":[{"floor":1,"key":"BloodPotion"},{"floor":7,"key":"CultistPotion"},{"floor":19,"key":"BlessingOfTheForge"},{"floor":20,"key":"Regen Potion"}],"is_trial":false,"path_per_floor":["M","M","$","?","$","R","M","R","T","M","?","R","M","$","R","B",null,"M","?","M","M","M"],"character_chosen":"IRONCLAD","items_purchased":["Rampage","Evolve","Thunderclap"],"campfire_rested":1,"item_purchase_floors":[3,3,14],"current_hp_per_floor":[66,61,61,61,61,61,61,82,82,71,76,76,76,76,76,25,72,57,57,52,24,0,0],"gold":121,"neow_bonus":"TEN_PERCENT_HP_BONUS","is_daily":false,"chose_seed":false,"campfire_upgraded":3,"win_rate":0.0,"timestamp":1613141697,"path_taken":["M","M","$","?","$","R","M","R","T","?","?","R","M","$","R","BOSS","M","?","?","M","?"],"items_purchased_type":["Card","Card","Card"],"build_version":"2020-12-22","purchased_purges":0,"victory":false,"max_hp_per_floor":[82,82,82,82,82,82,82,82,82,82,87,87,87,87,87,87,87,87,87,87,87,87,87],"relic_stats":{"counters":[10,43],"Bag of Preparation":[14],"obtain_stats":[{"Mark of Pain":17,"Bag of Preparation":9,"Burning Blood":0},{"Mark of Pain":6,"Bag of Preparation":3,"Burning Blood":0},{"Mark of Pain":26,"Bag of Preparation":9,"Burning Blood":0}],"Burning Blood":54},"card_choices":[{"not_picked":["Headbutt","Iron Wave"],"picked":"Metallicize","floor":1},{"not_picked":["Perfected Strike","Reckless Charge"],"picked":"Anger","floor":2},{"not_picked":["Warcry","Bloodletting"],"picked":"Shrug It Off","floor":7},{"not_picked":["Reckless Charge","Anger"],"picked":"Demon Form","floor":10},{"not_picked":["Flame Barrier","Headbutt"],"picked":"Perfected Strike","floor":13},{"not_picked":["Double Tap","Brutality"],"picked":"Offering","floor":16},{"not_picked":["Thunderclap","Headbutt+1"],"picked":"Perfected Strike","floor":18},{"not_picked":["Iron Wave","Havoc"],"picked":"Heavy Blade+1","floor":20},{"not_picked":["Rupture","Intimidate"],"picked":"Iron Wave","floor":21}],"player_experience":1550833,"relics_obtained":[{"floor":9,"key":"Bag of Preparation"}],"event_choices":[{"damage_healed":0,"gold_gain":0,"player_choice":"Ignored","damage_taken":0,"max_hp_gain":0,"max_hp_loss":0,"event_name":"WeMeetAgain","floor":4,"gold_loss":0},{"damage_healed":0,"gold_gain":0,"player_choice":"Donut","damage_taken":0,"max_hp_gain":5,"max_hp_loss":0,"event_name":"Big Fish","floor":11,"gold_loss":0},{"damage_healed":0,"gold_gain":0,"player_choice":"Got Potions","damage_taken":0,"max_hp_gain":0,"max_hp_loss":0,"event_name":"Lab","floor":19,"gold_loss":0}],"is_beta":false,"boss_relics":[{"not_picked":["Fusion Hammer","Runic Cube"],"picked":"Mark of Pain"}],"items_purged_floors":[],"is_endless":false,"potions_floor_spawned":[1,7,13,20,21],"killed_by":"3 Cultists","ascension_level":20}}