{"host":"y89x8uui45kcjy42","time":1613125005,"event":{"mods":["2.2 Compatiblity","BaseMod","CapriCore","Colored Map","Colored Powertips","Custom Start","Friendly Minions","Keyboard Shortcuts","Minty Spire (QoL Compilation)","Relic Stats","Slay the Relics Exporter","StSLib","SuperFastMode","Uncapped"],"gold_per_floor":[112,130,145,164,179,206,206,206,206,206,206,26,84,99,99,178,178,198,213,213,213,223,223,223,223,223,223,223,239,239,239,239],"floor_reached":31,"language":"KOR","playtime":592,"items_purged":[],"score":495,"play_id":"a5548a72-c562-4dd1-8230-ff11640bdb41","local_time":"20210212191645","is_ascension_mode":true,"campfire_choices":[{"data":"Scrawl","floor":7,"key":"SMITH"},{"data":"MentalFortress","floor":8,"key":"SMITH"},{"data":"FlurryOfBlows","floor":10,"key":"SMITH"},{"data":"Wallop","floor":11,"key":"SMITH"},{"data":"1","floor":15,"key":"LIFT"},{"data":"2","floor":23,"key":"LIFT"},{"data":"3","floor":24,"key":"LIFT"},{"data":"Vault","floor":27,"key":"SMITH"}],"circlet_count":0,"master_deck":["Strike_P+1","Strike_P+1","Eruption+1","Vigilance","MentalFortress+1","Evaluate+1","Wallop+1","FlurryOfBlows+1","Scrawl+1","Vault+1","Indignation+1"],"relics":["PureWater","Oddly Smooth Stone","Vajra","StrikeDummy","Eternal Feather","Potion Belt","Girya","SlaversCollar","WingedGreaves","HornCleat"],"acts_visited":["Exordium","TheCity"],"potions_floor_usage":[13],"damage_taken":[{"damage":0,"enemies":"Cultist","floor":1,"turns":2},{"damage":18,"enemies":"Jaw Worm","floor":2,"turns":2},{"damage":6,"enemies":"Small Slimes","floor":3,"turns":3},{"damage":0,"enemies":"Exordium Thugs","floor":4,"turns":3},{"damage":11,"enemies":"3 Louse","floor":5,"turns":3},{"damage":16,"enemies":"Gremlin Nob","floor":6,"turns":3},{"damage":0,"enemies":"Lagavulin Event","floor":13,"turns":2},{"damage":0,"enemies":"Looter","floor":14,"turns":2},{"damage":32,"enemies":"The Guardian","floor":16,"turns":9},{"damage":8,"enemies":"Shell Parasite","floor":18,"turns":3},{"damage":10,"enemies":"3 Byrds","floor":19,"turns":5},{"damage":14,"enemies":"Centurion and Healer","floor":22,"turns":4},{"damage":11,"enemies":"Shelled Parasite and Fungi","floor":29,"turns":4}],"seed_played":"7062611680600506786","potions_obtained":[{"floor":3,"key":"DuplicationPotion"},{"floor":6,"key":"SteroidPotion"},{"floor":13,"key":"Dexterity Potion"},{"floor":16,"key":"SteroidPotion"},{"floor":18,"key":"Block Potion"}],"is_trial":false,"path_per_floor":["M","M","M","M","M","E","R","R","T","R","R","$","?","M","R","B",null,"M","M","?","?","M","R","R","$","T","R","?","M","?","?"],"character_chosen":"WATCHER","items_purchased":["Vault"],"campfire_rested":0,"item_purchase_floors":[12],"current_hp_per_floor":[75,57,51,51,40,24,30,36,36,42,48,48,48,48,54,22,67,59,49,49,49,35,41,47,47,47,53,53,42,18,0,0],"gold":239,"neow_bonus":"UPGRADE_CARD","is_daily":false,"chose_seed":false,"campfire_upgraded":5,"win_rate":0.0,"timestamp":1613125005,"path_taken":["M","M","M","M","M","E","R","R","T","R","R","$","?","M","R","BOSS","M","M","?","?","?","R","R","$","T","R","?","?","?","?"],"items_purchased_type":["Card"],"build_version":"2020-12-22","purchased_purges":0,"victory":false,"max_hp_per_floor":[82,82,82,82,82,82,82,82,82,82,82,82,82,82,82,82,82,82,82,82,82,82,82,82,82,82,82,82,82,87,87,87],"relic_stats":{"counters":[13,45],"Eternal Feather":48,"obtain_stats":[{"Potion Belt":12,"Girya":13,"SlaversCollar":17,"HornCleat":26,"Oddly Smooth Stone":1,"Vajra":1,"Eternal Feather":6,"WingedGreaves":7,"PureWater":0,"StrikeDummy":1},{"Potion Belt":6,"Girya":6,"SlaversCollar":9,"HornCleat":12,"Oddly Smooth Stone":1,"Vajra":1,"Eternal Feather":6,"WingedGreaves":6,"PureWater":0,"StrikeDummy":1},{"Potion Belt":16,"Girya":16,"SlaversCollar":29,"HornCleat":41,"Oddly Smooth Stone":2,"Vajra":2,"Eternal Feather":16,"WingedGreaves":16,"PureWater":0,"StrikeDummy":2}]},"card_choices":[{"not_picked":["PathToVictory","Meditate"],"picked":"MentalFortress","floor":1},{"not_picked":["EmptyFist","Prostrate"],"picked":"Evaluate","floor":2},{"not_picked":["Consecrate","EmptyBody"],"picked":"Wallop","floor":3},{"not_picked":["FollowUp","SashWhip","Crescendo"],"picked":"SKIP","floor":4},{"not_picked":["FollowUp","EmptyFist"],"picked":"FlurryOfBlows","floor":5},{"not_picked":["ClearTheMind","CutThroughFate"],"picked":"Scrawl","floor":6},{"not_picked":["Fasting2","ClearTheMind","FollowUp"],"picked":"SKIP","floor":14},{"not_picked":["CutThroughFate+1","EmptyFist","EmptyBody"],"picked":"SKIP","floor":18},{"not_picked":["Halt","Nirvana","Prostrate"],"picked":"SKIP","floor":19},{"not_picked":["PathToVictory","Prostrate"],"picked":"Indignation+1","floor":22},{"not_picked":["CutThroughFate","CarveReality","BattleHymn+1"],"picked":"SKIP","floor":29}],"player_experience":689909,"relics_obtained":[{"floor":6,"key":"Eternal Feather"},{"floor":26,"key":"HornCleat"}],"event_choices":[{"damage_healed":0,"gold_gain":0,"player_choice":"Searched \u00273\u0027 times","damage_taken":0,"relics_obtained":["Girya"],"max_hp_gain":0,"max_hp_loss":0,"event_name":"Dead Adventurer","floor":13,"gold_loss":0},{"damage_healed":0,"gold_gain":0,"player_choice":"Simplicity","damage_taken":0,"max_hp_gain":0,"max_hp_loss":0,"event_name":"Back to Basics","floor":20,"gold_loss":0,"cards_upgraded":["Strike_P","Strike_P","Defend_P","Defend_P"]},{"damage_healed":0,"gold_gain":0,"player_choice":"Ignored","damage_taken":0,"max_hp_gain":0,"max_hp_loss":0,"event_name":"Ghosts","floor":21,"gold_loss":0},{"damage_healed":0,"gold_gain":0,"player_choice":"Forge","damage_taken":0,"max_hp_gain":0,"max_hp_loss":0,"event_name":"Accursed Blacksmith","floor":28,"gold_loss":0,"cards_upgraded":["Evaluate"]},{"damage_healed":0,"gold_gain":0,"player_choice":"Shed Blood","damage_taken":29,"max_hp_gain":5,"max_hp_loss":0,"event_name":"Forgotten Altar","floor":30,"gold_loss":0}],"is_beta":false,"boss_relics":[{"not_picked":["Sozu","Runic Pyramid"],"picked":"SlaversCollar"}],"items_purged_floors":[],"is_endless":false,"potions_floor_spawned":[3,6,13,16,18],"ascension_level":20}}