{"host":"dlyy4wv9zatha4f7","time":1613147199,"event":{"mods":["BaseMod","Better Third Choice","Colored Map","GifTheSpireLib","Minty Spire (QoL Compilation)","Spicy Shops","StSLib","SuperFastMode","Unceasing Turn Reminder"],"gold_per_floor":[118,118,129,129,149,184,184,230,230,21,53,68,68,78,78,181,231,251,89,100,25,25,54,54,66,116,144,161,192,192,192,192,288,288,303,353,373,5,15,40,40,65,65,97,97,97,97,123,123,123],"floor_reached":51,"language":"ENG","playtime":2619,"items_purged":["Defend_G","Defend_G"],"score":1495,"play_id":"02e92fd2-a061-43b0-888b-41583b11b39c","local_time":"20210212182639","is_ascension_mode":true,"campfire_choices":[{"floor":7,"key":"REST"},{"floor":15,"key":"RECALL"},{"floor":24,"key":"REST"},{"floor":32,"key":"REST"},{"data":"Strike_G","floor":41,"key":"PURGE"},{"data":"Defend_G","floor":47,"key":"PURGE"},{"data":"Strike_G","floor":49,"key":"PURGE"}],"circlet_count":0,"master_deck":["Strike_G","Strike_G","Defend_G+1","Survivor","Dagger Throw","Finisher","A Thousand Cuts","Blade Dance","Predator","Cloak And Dagger","Phantasmal Killer","Backstab","Cloak And Dagger+1","Blade Dance+1","After Image","Escape Plan+1","Blade Dance+1","Expertise+1","Venomology+1","Terror+1","Well Laid Plans","Crippling Poison+1","Backflip+1","Blade Dance+1","Master of Strategy+1","Flash of Steel+1","Panache","After Image"],"relics":["Fusion Hammer","Potion Belt","Toy Ornithopter","Orichalcum","Membership Card","Ornamental Fan","Art of War","Tiny House","Toxic Egg 2","Boot","Pen Nib","Bag of Preparation","Gremlin Horn","HornCleat","SacredBark","Peace Pipe","Mummified Hand","Anchor","Vajra","Dead Branch","Pantograph","Molten Egg 2","Lizard Tail"],"acts_visited":["Exordium","TheCity","TheBeyond"],"potions_floor_usage":[6,6,16,23,39,42,44,48,50,50,50,50,50],"damage_taken":[{"damage":6,"enemies":"Jaw Worm","floor":1,"turns":5},{"damage":0,"enemies":"Cultist","floor":3,"turns":4},{"damage":0,"enemies":"Small Slimes","floor":5,"turns":3},{"damage":16,"enemies":"Gremlin Nob","floor":6,"turns":4},{"damage":11,"enemies":"Lagavulin","floor":11,"turns":8},{"damage":2,"enemies":"Exordium Wildlife","floor":12,"turns":3},{"damage":0,"enemies":"2 Fungi Beasts","floor":14,"turns":2},{"damage":7,"enemies":"The Guardian","floor":16,"turns":10},{"damage":1,"enemies":"Shell Parasite","floor":18,"turns":4},{"damage":0,"enemies":"Chosen","floor":20,"turns":4},{"damage":20,"enemies":"Gremlin Leader","floor":23,"turns":5},{"damage":12,"enemies":"Snake Plant","floor":25,"turns":3},{"damage":7,"enemies":"Slavers","floor":27,"turns":4},{"damage":4,"enemies":"Shelled Parasite and Fungi","floor":28,"turns":3},{"damage":1,"enemies":"Book of Stabbing","floor":29,"turns":4},{"damage":0,"enemies":"Automaton","floor":33,"turns":6},{"damage":0,"enemies":"Orb Walker","floor":35,"turns":1},{"damage":10,"enemies":"Mind Bloom Boss Battle","floor":36,"turns":8},{"damage":0,"enemies":"3 Shapes","floor":37,"turns":1},{"damage":0,"enemies":"3 Darklings","floor":39,"turns":3},{"damage":0,"enemies":"Nemesis","floor":40,"turns":4},{"damage":0,"enemies":"Reptomancer","floor":42,"turns":2},{"damage":0,"enemies":"Giant Head","floor":44,"turns":3},{"damage":0,"enemies":"Reptomancer","floor":48,"turns":3},{"damage":0,"enemies":"Time Eater","floor":50,"turns":3}],"seed_played":"7727513773818703492","potions_obtained":[{"floor":3,"key":"Swift Potion"},{"floor":5,"key":"Swift Potion"},{"floor":11,"key":"Poison Potion"},{"floor":12,"key":"FairyPotion"},{"floor":17,"key":"Explosive Potion"},{"floor":18,"key":"FearPotion"},{"floor":28,"key":"Explosive Potion"},{"floor":29,"key":"PowerPotion"},{"floor":33,"key":"Strength Potion"},{"floor":39,"key":"LiquidMemories"}],"is_trial":false,"path_per_floor":["M","?","M","?","M","E","R","T","T","$","E","M","?","M","R","B",null,"M","$","M","$","?","E","R","M","T","E","M","E","?","?","R","B",null,"M","?","M","$","M","E","R","E","T","E","?","?","R","E","R","B",null],"character_chosen":"THE_SILENT","items_purchased":["Membership Card","Ornamental Fan","Toxic Egg 2","Blade Dance+1","Boot","Mummified Hand","Well Laid Plans","Anchor"],"campfire_rested":3,"item_purchase_floors":[10,10,19,21,21,38,38,38],"current_hp_per_floor":[57,57,57,57,57,41,62,62,62,62,51,49,70,70,70,63,73,72,72,72,72,72,55,75,63,63,56,52,51,51,51,73,73,75,75,65,65,65,70,70,70,75,75,75,65,65,65,70,70,75],"gold":123,"neow_bonus":"BOSS_RELIC","is_daily":false,"chose_seed":false,"campfire_upgraded":0,"win_rate":0.0,"timestamp":1613147199,"path_taken":["M","?","?","?","M","E","R","?","T","?","E","M","?","M","R","BOSS","M","$","M","?","?","E","R","?","T","E","M","E","?","?","R","BOSS","M","?","M","$","M","E","R","E","T","E","?","?","R","E","R","BOSS"],"items_purchased_type":["Relic","Relic","Relic","Card","Relic","Relic","Card","Relic"],"build_version":"2020-12-22","purchased_purges":2,"victory":true,"max_hp_per_floor":[70,70,70,70,70,70,70,70,70,70,70,70,70,70,70,70,75,75,75,75,75,75,75,75,75,75,75,75,75,75,75,75,75,75,75,75,75,75,75,75,75,75,75,75,75,75,75,75,75,75],"card_choices":[{"not_picked":["Underhanded Strike","Slice","Flying Knee"],"picked":"SKIP","floor":1},{"not_picked":["Underhanded Strike","Slice","Flying Knee"],"picked":"SKIP","floor":1},{"not_picked":["Cloak And Dagger","Underhanded Strike"],"picked":"Dagger Throw","floor":3},{"not_picked":["Accuracy","Cloak And Dagger"],"picked":"Finisher","floor":5},{"not_picked":["Dagger Throw","PiercingWail"],"picked":"A Thousand Cuts","floor":6},{"not_picked":["Noxious Fumes","Backstab"],"picked":"Blade Dance","floor":11},{"not_picked":["Acrobatics","Blade Dance"],"picked":"Predator","floor":12},{"not_picked":["Prepared","Flying Knee"],"picked":"Cloak And Dagger","floor":14},{"not_picked":["Tools of the Trade","Doppelganger"],"picked":"Phantasmal Killer","floor":16},{"not_picked":["Slice+1","Expertise"],"picked":"Backstab","floor":18},{"not_picked":["Sucker Punch","Outmaneuver+1"],"picked":"Cloak And Dagger+1","floor":20},{"not_picked":["Poisoned Stab","Eviscerate","Deadly Poison+1"],"picked":"SKIP","floor":23},{"not_picked":["Deflect+1","PiercingWail+1"],"picked":"After Image","floor":25},{"not_picked":["Dagger Spray","Prepared+1"],"picked":"Escape Plan+1","floor":27},{"not_picked":["Outmaneuver+1","Dagger Throw"],"picked":"Blade Dance+1","floor":28},{"not_picked":["Expertise+1","Deadly Poison+1","Poisoned Stab"],"picked":"SKIP","floor":29},{"not_picked":["Expertise+1","Deadly Poison+1","Poisoned Stab"],"picked":"SKIP","floor":29},{"not_picked":["Deadly Poison+1","Poisoned Stab"],"picked":"Expertise+1","floor":29},{"not_picked":["Unload","Tools of the Trade"],"picked":"Venomology+1","floor":33},{"not_picked":["Flying Knee","Flechettes"],"picked":"Terror+1","floor":35},{"not_picked":["Dagger Throw","Noxious Fumes","Skewer+1"],"picked":"SKIP","floor":37},{"not_picked":["Slice","Setup+1"],"picked":"Crippling Poison+1","floor":39},{"not_picked":["Deadly Poison+1","Riddle With Holes"],"picked":"Backflip+1","floor":40},{"not_picked":["Catalyst+1","Calculated Gamble+1"],"picked":"Blade Dance+1","floor":42},{"not_picked":["Tactician+1","Expertise+1","Heel Hook+1"],"picked":"SKIP","floor":44},{"not_picked":["Mayhem","HandOfGreed+1"],"picked":"Master of Strategy+1","floor":45},{"not_picked":["Secret Weapon+1","Swift Strike+1"],"picked":"Flash of Steel+1","floor":45},{"not_picked":["Sadistic Nature","Enlightenment+1"],"picked":"Panache","floor":45},{"not_picked":["Cloak And Dagger+1","Blur+1"],"picked":"After Image","floor":48}],"player_experience":2278770,"relics_obtained":[{"floor":6,"key":"Potion Belt"},{"floor":8,"key":"Toy Ornithopter"},{"floor":9,"key":"Orichalcum"},{"floor":11,"key":"Art of War"},{"floor":23,"key":"Pen Nib"},{"floor":26,"key":"Bag of Preparation"},{"floor":27,"key":"Gremlin Horn"},{"floor":29,"key":"HornCleat"},{"floor":36,"key":"Peace Pipe"},{"floor":40,"key":"Vajra"},{"floor":42,"key":"Dead Branch"},{"floor":43,"key":"Pantograph"},{"floor":44,"key":"Molten Egg 2"},{"floor":48,"key":"Lizard Tail"}],"event_choices":[{"damage_healed":0,"gold_gain":0,"player_choice":"Upgraded","damage_taken":0,"max_hp_gain":0,"max_hp_loss":0,"event_name":"Upgrade Shrine","floor":2,"gold_loss":0,"cards_upgraded":["Neutralize"]},{"cards_removed":["Strike_G"],"damage_healed":0,"gold_gain":0,"player_choice":"Forget","damage_taken":0,"max_hp_gain":0,"max_hp_loss":0,"event_name":"Living Wall","floor":4,"gold_loss":0},{"damage_healed":21,"gold_gain":0,"player_choice":"Full Heal","damage_taken":0,"max_hp_gain":0,"max_hp_loss":0,"event_name":"Wheel of Change","floor":13,"gold_loss":0},{"damage_healed":0,"gold_gain":0,"player_choice":"Ignored","damage_taken":0,"max_hp_gain":0,"max_hp_loss":0,"event_name":"N\u0027loth","floor":22,"gold_loss":0},{"damage_healed":0,"gold_gain":0,"player_choice":"Ignored","damage_taken":0,"max_hp_gain":0,"max_hp_loss":0,"event_name":"Ghosts","floor":30,"gold_loss":0},{"cards_removed":["Defend_G"],"damage_healed":0,"gold_gain":0,"player_choice":"Purged","damage_taken":0,"max_hp_gain":0,"max_hp_loss":0,"event_name":"Purifier","floor":31,"gold_loss":0},{"damage_healed":0,"gold_gain":0,"player_choice":"Fight","damage_taken":0,"max_hp_gain":0,"max_hp_loss":0,"event_name":"MindBloom","floor":36,"gold_loss":0},{"damage_healed":0,"gold_gain":0,"player_choice":"Memory 3","damage_taken":10,"max_hp_gain":0,"max_hp_loss":0,"event_name":"SensoryStone","floor":45,"gold_loss":0},{"cards_removed":["Neutralize"],"damage_healed":0,"gold_gain":0,"player_choice":"Removed Attack","damage_taken":0,"max_hp_gain":0,"max_hp_loss":0,"event_name":"Falling","floor":46,"gold_loss":0}],"is_beta":false,"boss_relics":[{"not_picked":["Coffee Dripper","Empty Cage"],"picked":"Tiny House"},{"not_picked":["Philosopher\u0027s Stone","HoveringKite"],"picked":"SacredBark"}],"items_purged_floors":[19,38],"is_endless":false,"potions_floor_spawned":[3,5,11,12,18,28,29,33,39,40],"ascension_level":9}}