{"host":"j05tanvorlbs2t7f","time":1613131679,"event":{"mods":["2.2 Compatiblity","AchievementEnabler","BaseMod","BetterRewards","Card Forge","Colored Powertips","Conspire","Downfall","Minty Spire (QoL Compilation)","Permanent Neow","Replay The Spire","Shade Mod","StSLib","The Bug Knight","The Construct","The Cursed","The Forsaken","The Hierophant","The Sage","TheHeartMod"],"gold_per_floor":[0,11,11,11,71,71,94,126,26,76,76,87,195,215,229,229,229,229],"floor_reached":16,"language":"POL","playtime":1059,"items_purged":[],"score":162,"play_id":"1eebd7dc-55de-4eba-bce6-6211bb620885","local_time":"20210212130759","is_ascension_mode":true,"campfire_choices":[{"floor":1.0,"key":"RECALL"},{"data":"hexamod:ExtraCrispy","floor":6.0,"key":"SMITH"},{"data":"hexamod:FastForward","floor":9.0,"key":"SMITH"}],"circlet_count":0,"master_deck":["hexamod:Strike","hexamod:Strike","hexamod:Strike","hexamod:Strike","hexamod:Defend","hexamod:Defend","hexamod:Defend","hexamod:Defend","hexamod:Sear","hexamod:Float","hexamod:FastForward+1","hexamod:ExtraCrispy+1","hexamod:SecondSeal","hexamod:FourthSeal","hexamod:InspiringFlames","hexamod:Firestarter","hexamod:StepThrough"],"relics":["hexamod:SpiritBrand","Hammer of Thor","Seething Fire","Anvil of the Gods","Ring of Peace","ReplayTheSpireMod:Ring of Challenge","Shuriken","downfall:HeartBlessingBlue","Gremlin Horn","downfall:GremlinWheel"],"acts_visited":["Exordium"],"potions_floor_usage":[16,16,16],"damage_taken":[{"damage":0.0,"enemies":"Small Slimes","floor":2.0,"turns":3.0},{"damage":0.0,"enemies":"Cultist","floor":5.0,"turns":5.0},{"damage":13.0,"enemies":"Lagavulin","floor":8.0,"turns":7.0},{"damage":1.0,"enemies":"Jaw Worm","floor":10.0,"turns":6.0},{"damage":27.0,"enemies":"Exordium Thugs","floor":12.0,"turns":4.0},{"damage":15.0,"enemies":"Exordium Thugs","floor":13.0,"turns":5.0},{"damage":10.0,"enemies":"2 Fungi Beasts","floor":14.0,"turns":5.0},{"damage":0.0,"enemies":"Red Slaver","floor":15.0,"turns":4.0},{"damage":39,"enemies":"WA_ARCHETYPE_RETAIN","floor":16,"turns":7}],"seed_played":"7813971753714982851","potions_obtained":[{"floor":5.0,"key":"SkillPotion"},{"floor":8.0,"key":"champ:CounterPotion"},{"floor":10.0,"key":"Slimebound:ThreeZeroPotion"},{"floor":12.0,"key":"LiquidBronze"},{"floor":13.0,"key":"Swift Potion"},{"floor":14.0,"key":"champ:CounterPotion"},{"floor":15.0,"key":"ColorlessPotion"}],"is_trial":false,"path_per_floor":["R","M","?","?","M","R","T","E","R","M","T","M","?","M","M","B"],"character_chosen":"THE_SPIRIT","items_purchased":[],"campfire_rested":0,"item_purchase_floors":[],"current_hp_per_floor":[84,84,84,94,94,94,94,81,91,90,90,63,48,38,38,0,0,0],"gold":229,"neow_bonus":"TWENTY_PERCENT_HP_BONUS","is_daily":false,"chose_seed":false,"campfire_upgraded":2,"win_rate":0.0,"timestamp":1613131679,"path_taken":["R","M","?","?","M","R","T","E","R","?","?","?","?","M","M","BOSS"],"items_purchased_type":[],"build_version":"2020-12-22","purchased_purges":0,"victory":false,"max_hp_per_floor":[84,84,84,94,94,94,94,94,104,104,104,104,104,104,104,104,104,104],"card_choices":[{"not_picked":["hexamod:GhostLash","hexamod:GhostShield"],"picked":"hexamod:FastForward","floor":2.0},{"not_picked":["hexamod:BurningTouch","hexamod:Firestarter"],"picked":"hexamod:ExtraCrispy","floor":5.0},{"not_picked":["hexamod:PhantomFireball","hexamod:HeatMetal"],"picked":"hexamod:SecondSeal","floor":8.0},{"not_picked":["hexamod:GhostflameBarrier","hexamod:PowerFromBeyond"],"picked":"hexamod:FourthSeal","floor":10.0},{"not_picked":["hexamod:SkipABeat","hexamod:AdvancingGuard"],"picked":"hexamod:InspiringFlames","floor":12.0},{"not_picked":["hexamod:PowerFromBeyond","hexamod:HeatShield"],"picked":"hexamod:Firestarter","floor":14.0},{"not_picked":["hexamod:FastForward","hexamod:BacktrackSmack"],"picked":"hexamod:StepThrough","floor":15.0}],"player_experience":498563,"relics_obtained":[{"floor":3.0,"key":"Ring of Peace"},{"floor":3.0,"key":"ReplayTheSpireMod:Ring of Challenge"},{"floor":8.0,"key":"Shuriken"},{"floor":11.0,"key":"Gremlin Horn"},{"floor":13.0,"key":"downfall:GremlinWheel"}],"event_choices":[{"cards_removed":["Demon Form"],"damage_healed":0.0,"max_hp_gain":10.0,"max_hp_loss":0.0,"gold_gain":0.0,"event_name":"Bonfire Elementals","player_choice":"Offered Rare","floor":4.0,"gold_loss":0.0,"damage_taken":0.0}],"is_beta":false,"boss_relics":[],"items_purged_floors":[],"is_endless":false,"potions_floor_spawned":[5,8,10],"killed_by":"WA_ARCHETYPE_RETAIN","ascension_level":2}}