{"host":"3e3mwsgb9gfqiuxm","time":1613118711,"event":{"mods":["Act Like it!","BaseMod","BetterRewards","Colored Powertips","Downfall","Gensokyo","Hermit","Infinite Spire","Koishi","Marisa????????","Minty Spire (QoL Compilation)","Quick Restart","Reimu??????","Remilia??????","Replay The Spire","Shop Mod","StSLib","SuperFastMode","The Animator","The Bug Knight","The Cursed","The Jungle","The Servant 0.9.4","everything is the same but u backflip on backflip"],"gold_per_floor":[99,112,123,143,153,188,211,229,247,247,281,281,313,313,328,328,328],"floor_reached":16,"language":"ENG","playtime":647,"items_purged":[],"score":161,"play_id":"d774f552-c693-45f1-a93c-fc9b5f48777c","local_time":"20210212033151","is_ascension_mode":true,"campfire_choices":[{"data":"FlawlessForm","floor":1,"key":"SMITH"},{"data":"SilverBlades","floor":10,"key":"SMITH"},{"data":"Luminosity","floor":12,"key":"SMITH"}],"circlet_count":0,"master_deck":["Strike_S","Strike_S","Strike_S","Strike_S","Defend_S","Defend_S","Defend_S","Defend_S","KidneyShot","Exchange","FlawlessForm+1","SilverBlades+1","DoubleEdge","Starlight","BottledTime","Pot Of Greed","Pot Of Greed","Ricochet","Luminosity+1","Rearm","Unruled"],"relics":["Uniform","MealTicket","Grinning Jar","Art of War","Matryoshka","Pear"],"acts_visited":["Gensokyo:Gensokyo"],"potions_floor_usage":[11,13],"damage_taken":[{"damage":0,"enemies":"Gensokyo:3_Fairies","floor":2,"turns":6},{"damage":0,"enemies":"Gensokyo:Python","floor":3,"turns":4},{"damage":5,"enemies":"Gensokyo:Gryphon","floor":4,"turns":5},{"damage":0,"enemies":"Gensokyo:VengefulSpirit","floor":5,"turns":5},{"damage":9,"enemies":"Gensokyo:Aya","floor":6,"turns":4},{"damage":10,"enemies":"Gensokyo:3_Kodama","floor":8,"turns":5},{"damage":0,"enemies":"Gensokyo:LivingMonolith","floor":9,"turns":3},{"damage":0,"enemies":"Gensokyo:Mamizou","floor":11,"turns":9},{"damage":10,"enemies":"Gensokyo:Cirno","floor":13,"turns":5},{"damage":0,"enemies":"Gensokyo:VengefulSpirit","floor":15,"turns":3},{"damage":28,"enemies":"DF_ARCHETYPE_STREAMLINE","floor":16,"turns":9}],"seed_played":"-7894502226148209844","potions_obtained":[{"floor":4,"key":"SpeedPotion"},{"floor":5,"key":"Energy Potion"},{"floor":8,"key":"Fire Potion"}],"is_trial":false,"path_per_floor":["R","M","M","M","M","E","T","M","M","R","E","R","?","?","M","B"],"character_chosen":"THE_SERVANT","items_purchased":[],"campfire_rested":0,"item_purchase_floors":[],"current_hp_per_floor":[65,65,65,60,60,51,51,41,41,41,41,41,31,26,26,0,0],"gold":328,"neow_bonus":"ONE_RANDOM_RARE_CARD","is_daily":false,"chose_seed":false,"campfire_upgraded":3,"win_rate":0.0,"timestamp":1613118711,"path_taken":["R","M","M","M","M","E","T","?","M","R","E","R","?","?","M","BOSS"],"items_purchased_type":[],"build_version":"2020-12-22","purchased_purges":0,"victory":false,"max_hp_per_floor":[65,65,65,65,65,65,65,65,65,65,65,65,65,75,75,75,75],"card_choices":[{"not_picked":["Potential","TimeWarp"],"picked":"SilverBlades","floor":2},{"not_picked":["Comet","Read"],"picked":"DoubleEdge","floor":3},{"not_picked":["TimeWarp","Alleviate"],"picked":"Starlight","floor":4},{"not_picked":["Moonlight","Desolation"],"picked":"BottledTime","floor":5},{"not_picked":["Replace","Misdirection","Potential"],"picked":"SKIP","floor":6},{"not_picked":["Reset","StarChef"],"picked":"Ricochet","floor":8},{"not_picked":["ReturningBlade","Starlight"],"picked":"Luminosity","floor":9},{"not_picked":["Snipe","Revamp"],"picked":"Rearm","floor":11},{"not_picked":["FloweringNight","Replace"],"picked":"Unruled","floor":13},{"not_picked":["Revamp","TimeWarp","Alleviate"],"picked":"SKIP","floor":15}],"player_experience":1370459,"relics_obtained":[{"floor":6,"key":"MealTicket"},{"floor":7,"key":"Grinning Jar"},{"floor":11,"key":"Art of War"},{"floor":13,"key":"Matryoshka"}],"event_choices":[],"is_beta":false,"boss_relics":[],"items_purged_floors":[],"is_endless":false,"potions_floor_spawned":[4,5,8,9],"killed_by":"DF_ARCHETYPE_STREAMLINE","ascension_level":2}}