{"host":"rtw1tnr74gozsrw1","time":1613173572,"event":{"mods":["BaseMod","Colored Map","Colored Powertips","Highlight Path","Infinite Spire","Minty Spire (QoL Compilation)","StSLib","The Jungle"],"gold_per_floor":[118,118,132,151,76,76,109,109,109,9,21,21,21,47,47,142,142,142],"floor_reached":17,"language":"ENG","playtime":490,"items_purged":["Strike_R","Strike_R"],"score":187,"play_id":"d3200420-ba9d-4866-b888-33f21de6691c","local_time":"20210213004612","is_ascension_mode":true,"campfire_choices":[{"data":"Discovery","floor":6,"key":"SMITH"},{"floor":8,"key":"REST"},{"floor":15,"key":"REST"}],"circlet_count":0,"master_deck":["Strike_R","Strike_R","Strike_R","Defend_R","Defend_R","Defend_R","Defend_R","Bash","Armaments","Discovery+1","Metallicize","infinitespire:Punishment"],"relics":["Burning Blood","NeowsBlessing","infinitespire:EmpoweringShard","Eternal Feather","Blood Vial","Black Star"],"acts_visited":["Exordium","TheCity"],"potions_floor_usage":[],"damage_taken":[{"damage":0,"enemies":"Cultist","floor":1,"turns":1},{"damage":0,"enemies":"Small Slimes","floor":3,"turns":1},{"damage":0,"enemies":"Jaw Worm","floor":4,"turns":1},{"damage":50,"enemies":"3 Sentries","floor":7,"turns":7},{"damage":5,"enemies":"Exordium Thugs","floor":11,"turns":8},{"damage":16,"enemies":"Gremlin Nob","floor":14,"turns":5},{"damage":17,"enemies":"Slime Boss","floor":16,"turns":10}],"seed_played":"1460950367661207176","potions_obtained":[{"floor":3,"key":"PowerPotion"},{"floor":7,"key":"SkillPotion"},{"floor":16,"key":"ColorlessPotion"}],"is_trial":false,"path_per_floor":["M","?","M","M","$","R","E","R","T","$","M","$","?","E","R","B",null],"character_chosen":"IRONCLAD","items_purchased":[],"campfire_rested":2,"item_purchase_floors":[],"current_hp_per_floor":[80,80,80,80,80,80,36,60,60,60,61,61,40,30,60,51,80,80],"gold":142,"neow_bonus":"THREE_ENEMY_KILL","is_daily":false,"chose_seed":false,"campfire_upgraded":1,"win_rate":0.0,"timestamp":1613173572,"path_taken":["M","?","M","M","?","R","E","R","T","$","M","$","?","E","R","BOSS"],"items_purchased_type":[],"build_version":"2020-12-22","purchased_purges":2,"victory":false,"max_hp_per_floor":[80,80,80,80,80,80,80,80,80,80,80,80,80,80,80,80,80,80],"card_choices":[{"not_picked":["Twin Strike","Headbutt","Hemokinesis"],"picked":"SKIP","floor":1},{"not_picked":["Dropkick","Clash","Armaments"],"picked":"SKIP","floor":3},{"not_picked":["Burning Pact","Sword Boomerang","Flex"],"picked":"SKIP","floor":4},{"not_picked":["Anger","Offering","Headbutt"],"picked":"SKIP","floor":7},{"not_picked":["Headbutt","Anger"],"picked":"Metallicize","floor":11},{"not_picked":["infinitespire:NeuralNetwork","infinitespire:Gouge"],"picked":"infinitespire:Punishment","floor":13},{"not_picked":["Second Wind","Thunderclap","Cleave"],"picked":"SKIP","floor":14}],"player_experience":148193,"relics_obtained":[{"floor":7,"key":"infinitespire:EmpoweringShard"},{"floor":9,"key":"Eternal Feather"},{"floor":14,"key":"Blood Vial"}],"event_choices":[{"damage_healed":0,"gold_gain":0,"player_choice":"2 cards matched","damage_taken":0,"max_hp_gain":0,"max_hp_loss":0,"event_name":"Match and Keep!","floor":2,"gold_loss":0,"cards_obtained":["Armaments","Discovery"]}],"is_beta":false,"boss_relics":[{"not_picked":["Ectoplasm","Tiny House"],"picked":"Black Star"}],"items_purged_floors":[5,10],"is_endless":false,"potions_floor_spawned":[3,7,16],"ascension_level":3}}