{"host":"p9vmbvw2hh2n16dn","time":1613142208,"event":{"mods":["AchievementEnabler","BaseMod","Block Reminder","Minty Spire (QoL Compilation)","Relic Stats","SuperFastMode"],"gold_per_floor":[163,238,238,250,250,250,250],"floor_reached":6,"language":"ENG","playtime":169,"items_purged":[],"score":49,"play_id":"531936a4-2409-4bb1-8fff-0d99224674e2","local_time":"20210212160328","is_ascension_mode":true,"campfire_choices":[],"circlet_count":0,"master_deck":["Strike_B","Strike_B","Strike_B","Defend_B","Defend_B+1","Defend_B","Defend_B","Zap","Dualcast","Sweeping Beam","Capacitor","Creative AI"],"relics":["Tiny House","Letter Opener"],"acts_visited":["Exordium"],"potions_floor_usage":[],"damage_taken":[{"damage":0.0,"enemies":"Cultist","floor":1.0,"turns":4.0},{"damage":3.0,"enemies":"2 Louse","floor":4.0,"turns":3.0},{"damage":45,"enemies":"Gremlin Nob","floor":6,"turns":5}],"seed_played":"7734379274269596649","potions_obtained":[{"floor":0.0,"key":"Fruit Juice"},{"floor":4.0,"key":"SmokeBomb"}],"is_trial":false,"path_per_floor":["M","?","?","M","?","E"],"character_chosen":"DEFECT","items_purchased":[],"campfire_rested":0,"item_purchase_floors":[],"current_hp_per_floor":[73,62,50,47,47,2,2],"gold":250,"neow_bonus":"BOSS_RELIC","is_daily":false,"chose_seed":false,"campfire_upgraded":0,"win_rate":0.0,"timestamp":1613142208,"path_taken":["M","?","?","M","?","E"],"items_purchased_type":[],"build_version":"2020-12-22","purchased_purges":0,"victory":false,"max_hp_per_floor":[80,80,80,80,80,80,80],"relic_stats":{"counters":[3,12],"Letter Opener":[0],"obtain_stats":[{"Tiny House":0,"Letter Opener":3,"Cracked Core":0},{"Tiny House":0,"Letter Opener":1,"Cracked Core":0},{"Tiny House":0,"Letter Opener":4,"Cracked Core":0}]},"card_choices":[{"not_picked":["Stack","Gash"],"picked":"Sweeping Beam","floor":0.0},{"not_picked":["Conserve Battery","Stack"],"picked":"Capacitor","floor":1.0},{"not_picked":["Sweeping Beam","Compile Driver"],"picked":"Creative AI","floor":4.0}],"player_experience":318162,"relics_obtained":[],"event_choices":[{"damage_healed":0.0,"max_hp_gain":0.0,"max_hp_loss":0.0,"gold_gain":75.0,"event_name":"World of Goop","player_choice":"Gather Gold","floor":2.0,"gold_loss":0.0,"damage_taken":11.0},{"damage_healed":0.0,"max_hp_gain":0.0,"max_hp_loss":0.0,"gold_gain":0.0,"event_name":"Scrap Ooze","player_choice":"Success","floor":3.0,"gold_loss":0.0,"damage_taken":12.0,"relics_obtained":["Letter Opener"]},{"cards_removed":["Strike_B"],"damage_healed":0.0,"max_hp_gain":0.0,"max_hp_loss":0.0,"gold_gain":0.0,"event_name":"Purifier","player_choice":"Purged","floor":5.0,"gold_loss":0.0,"damage_taken":0.0}],"is_beta":false,"boss_relics":[],"items_purged_floors":[],"is_endless":false,"potions_floor_spawned":[4],"killed_by":"Gremlin Nob","ascension_level":9}}