{"host":"2yqfi47fogfu1ic4","time":1613113954,"event":{"mods":["AchievementEnabler","BaseMod","Colored Map","Colored Powertips","Highlight Path","Minty Spire (QoL Compilation)","Permanent Neow","Relic Stats","StSLib"],"gold_per_floor":[113,113,126,143,143,143,143,163,163,196,216,216,235,265,265,339,339,359,634,651,670,670,670,720,747,747,747,499,499,69,69,69,143,143,163,0,10,29,29,29,55,71,71,87,99,132,132,159,159,159,159,159,159,23,51,51],"floor_reached":57,"language":"DEU","playtime":7361,"items_purged":["Regret","Strike_G"],"score":3040,"play_id":"56a2a9d2-00d5-4d41-a92e-3bc358252f7b","local_time":"20210212081234","is_ascension_mode":true,"campfire_choices":[{"data":"Eviscerate","floor":6,"key":"SMITH"},{"data":"Footwork","floor":12,"key":"SMITH"},{"data":"Well Laid Plans","floor":15,"key":"SMITH"},{"data":"Ghostly","floor":27,"key":"SMITH"},{"data":"Ghostly","floor":29,"key":"SMITH"},{"data":"Burst","floor":32,"key":"SMITH"},{"data":"Ghostly","floor":40,"key":"SMITH"},{"data":"Footwork","floor":47,"key":"SMITH"},{"floor":49,"key":"RECALL"},{"data":"Malaise","floor":53,"key":"SMITH"}],"circlet_count":0,"master_deck":["AscendersBane","Strike_G","Strike_G","Strike_G","Defend_G","Defend_G","Defend_G","Defend_G","Defend_G","Survivor","Neutralize","Eviscerate+1","Backflip","Deflect","Footwork+1","Well Laid Plans+1","Backflip","Corpse Explosion","Burst+1","Dagger Throw","Blur","Underhanded Strike","Ghostly+1","Ghostly+1","Ghostly+1","Malaise+1","Tools of the Trade","Skewer+1","Footwork+1","Backflip","Malaise","Parasite","Predator+1","PiercingWail","Eviscerate","Dash","Acrobatics","Backflip+1"],"relics":["Snecko Eye","Mummified Hand","Anchor","Meat on the Bone","Oddly Smooth Stone","WristBlade","Tough Bandages","Matryoshka","Chemical X","ClockworkSouvenir","Vajra","MutagenicStrength","Coffee Dripper","Bronze Scales","Paper Crane","Ancient Tea Set","Singing Bowl","Snake Skull","Blood Vial"],"acts_visited":["Exordium","TheCity","TheBeyond","TheEnding"],"potions_floor_usage":[14,25,33,41,56,56],"damage_taken":[{"damage":7,"enemies":"Jaw Worm","floor":1,"turns":6},{"damage":9,"enemies":"Cultist","floor":3,"turns":5},{"damage":0,"enemies":"Small Slimes","floor":4,"turns":3},{"damage":3,"enemies":"Blue Slaver","floor":8,"turns":6},{"damage":22,"enemies":"Gremlin Nob","floor":10,"turns":4},{"damage":0,"enemies":"Looter","floor":11,"turns":4},{"damage":1,"enemies":"Gremlin Gang","floor":13,"turns":4},{"damage":12,"enemies":"3 Sentries","floor":14,"turns":3},{"damage":0,"enemies":"The Guardian","floor":16,"turns":12},{"damage":0,"enemies":"Spheric Guardian","floor":18,"turns":5},{"damage":19,"enemies":"Shell Parasite","floor":20,"turns":6},{"damage":7,"enemies":"3 Cultists","floor":21,"turns":5},{"damage":6,"enemies":"Gremlin Leader","floor":25,"turns":10},{"damage":3,"enemies":"Collector","floor":33,"turns":14},{"damage":3,"enemies":"3 Darklings","floor":35,"turns":5},{"damage":0,"enemies":"3 Shapes","floor":37,"turns":4},{"damage":0,"enemies":"Maw","floor":38,"turns":8},{"damage":0,"enemies":"Giant Head","floor":41,"turns":6},{"damage":4,"enemies":"3 Darklings","floor":42,"turns":4},{"damage":0,"enemies":"Writhing Mass","floor":44,"turns":9},{"damage":0,"enemies":"Jaw Worm Horde","floor":45,"turns":2},{"damage":26,"enemies":"Reptomancer","floor":46,"turns":7},{"damage":3,"enemies":"Giant Head","floor":48,"turns":6},{"damage":4,"enemies":"Time Eater","floor":50,"turns":12},{"damage":0,"enemies":"Awakened One","floor":51,"turns":16},{"damage":0,"enemies":"Shield and Spear","floor":55,"turns":3},{"damage":3,"enemies":"The Heart","floor":56,"turns":12}],"seed_played":"-5927003655969219697","potions_obtained":[{"floor":8,"key":"SpeedPotion"},{"floor":10,"key":"Fire Potion"},{"floor":11,"key":"Weak Potion"},{"floor":14,"key":"SpeedPotion"},{"floor":21,"key":"GhostInAJar"},{"floor":25,"key":"BlessingOfTheForge"},{"floor":35,"key":"PowerPotion"},{"floor":41,"key":"FairyPotion"},{"floor":46,"key":"SkillPotion"}],"is_trial":false,"path_per_floor":["M","?","M","M","?","R","?","M","T","E","M","R","M","E","R","B",null,"M","?","M","M","?","?","?","E","T","R","$","R","$","?","R","B",null,"M","$","M","M","?","R","E","M","T","M","M","E","R","E","R","B","B",null,"R","$","E","B",null],"character_chosen":"THE_SILENT","items_purchased":["Chemical X","ClockworkSouvenir","Vajra","Bronze Scales","Acrobatics","GamblersBrew"],"campfire_rested":0,"item_purchase_floors":[28,30,30,36,54,54],"current_hp_per_floor":[52,52,43,43,43,43,32,29,29,7,19,19,30,30,30,42,60,60,60,41,34,16,16,16,22,22,22,22,22,22,22,22,19,31,28,28,28,28,28,28,28,24,24,24,24,20,20,29,29,25,25,33,33,33,33,32],"gold":51,"neow_bonus":"BOSS_RELIC","is_daily":false,"chose_seed":false,"campfire_upgraded":9,"win_rate":0.0,"timestamp":1613113954,"path_taken":["M","?","M","?","?","R","?","M","T","E","M","R","M","E","R","BOSS","M","?","?","M","?","?","?","E","T","R","$","R","$","?","R","BOSS","M","$","M","M","?","R","E","M","T","M","M","E","R","E","R","BOSS","BOSS","R","$","E","BOSS"],"items_purchased_type":["Relic","Relic","Relic","Relic","Card","Potion"],"build_version":"2020-12-22","purchased_purges":2,"victory":true,"max_hp_per_floor":[66,66,66,66,66,66,66,66,66,66,66,66,66,66,66,66,66,66,66,66,66,71,35,35,35,35,35,35,35,35,35,35,35,35,35,35,35,35,35,35,35,35,35,35,35,35,35,35,35,35,35,35,35,35,35,35],"relic_stats":{"Blood Vial":2,"Tough Bandages":[225],"Singing Bowl":0,"counters":[27,181],"Mummified Hand":[109],"Bronze Scales":[490],"Snecko Eye":[364,341,335,332],"Snake Skull":[7],"Chemical X":[51],"obtain_stats":[{"Singing Bowl":46,"Oddly Smooth Stone":14,"Vajra":30,"Snake Skull":48,"Paper Crane":41,"Ancient Tea Set":43,"ClockworkSouvenir":30,"Blood Vial":55,"Anchor":9,"Tough Bandages":25,"Matryoshka":26,"WristBlade":17,"Mummified Hand":2,"MutagenicStrength":31,"Bronze Scales":36,"Snecko Eye":0,"Coffee Dripper":34,"Chemical X":28,"Ring of the Snake":0,"Meat on the Bone":10},{"Singing Bowl":22,"Oddly Smooth Stone":8,"Vajra":13,"Snake Skull":23,"Paper Crane":18,"Ancient Tea Set":19,"ClockworkSouvenir":13,"Blood Vial":26,"Anchor":4,"Tough Bandages":13,"Matryoshka":13,"WristBlade":9,"Mummified Hand":1,"MutagenicStrength":13,"Bronze Scales":15,"Snecko Eye":0,"Coffee Dripper":14,"Chemical X":13,"Ring of the Snake":0,"Meat on the Bone":5},{"Singing Bowl":132,"Oddly Smooth Stone":35,"Vajra":73,"Snake Skull":138,"Paper Crane":110,"Ancient Tea Set":114,"ClockworkSouvenir":73,"Blood Vial":169,"Anchor":20,"Tough Bandages":73,"Matryoshka":73,"WristBlade":47,"Mummified Hand":6,"MutagenicStrength":73,"Bronze Scales":92,"Snecko Eye":0,"Coffee Dripper":87,"Chemical X":73,"Ring of the Snake":0,"Meat on the Bone":24}],"Meat on the Bone":84},"card_choices":[{"not_picked":["Outmaneuver","Heel Hook"],"picked":"Flying Knee","floor":1},{"not_picked":["Dagger Spray","Deflect"],"picked":"Eviscerate","floor":3},{"not_picked":["Calculated Gamble","Deadly Poison"],"picked":"Backflip","floor":4},{"not_picked":["Acrobatics","Flying Knee"],"picked":"Footwork","floor":8},{"not_picked":["All Out Attack","Masterful Stab"],"picked":"Well Laid Plans","floor":10},{"not_picked":["Sucker Punch","Prepared"],"picked":"Backflip","floor":11},{"not_picked":["Outmaneuver","Sucker Punch"],"picked":"Corpse Explosion","floor":13},{"not_picked":["Flechettes","Prepared"],"picked":"PiercingWail","floor":14},{"not_picked":["Adrenaline","Envenom"],"picked":"Burst","floor":16},{"not_picked":["Skewer","Quick Slash"],"picked":"Dagger Throw","floor":18},{"not_picked":["Terror","Dagger Spray"],"picked":"Blur","floor":20},{"not_picked":["Noxious Fumes","Dagger Throw"],"picked":"Underhanded Strike","floor":21},{"not_picked":["Bane","Sucker Punch"],"picked":"Malaise","floor":25},{"not_picked":["Unload","A Thousand Cuts"],"picked":"Tools of the Trade","floor":33},{"not_picked":["Dodge and Roll","Heel Hook"],"picked":"Skewer+1","floor":35},{"not_picked":["Escape Plan","Cloak And Dagger"],"picked":"Footwork","floor":37},{"not_picked":["Deflect+1","Cloak And Dagger+1"],"picked":"Backflip","floor":38},{"not_picked":["Dagger Throw","Bouncing Flask+1"],"picked":"Malaise","floor":41},{"not_picked":["Choke","Slice","Poisoned Stab"],"picked":"SKIP","floor":42},{"not_picked":["Choke","Slice","Poisoned Stab"],"picked":"SKIP","floor":42},{"not_picked":["Flechettes","Flying Knee+1"],"picked":"Predator+1","floor":44},{"not_picked":["Distraction","Deflect"],"picked":"PiercingWail","floor":45},{"not_picked":["Underhanded Strike+1","Crippling Poison"],"picked":"Eviscerate","floor":46},{"not_picked":["Acrobatics","Catalyst"],"picked":"Dash","floor":48},{"not_picked":["Choke","Caltrops"],"picked":"Backflip+1","floor":55}],"player_experience":1778868,"relics_obtained":[{"floor":9,"key":"Anchor"},{"floor":10,"key":"Meat on the Bone"},{"floor":14,"key":"Oddly Smooth Stone"},{"floor":25,"key":"Tough Bandages"},{"floor":26,"key":"Matryoshka"},{"floor":41,"key":"Paper Crane"},{"floor":43,"key":"Ancient Tea Set"},{"floor":46,"key":"Singing Bowl"},{"floor":48,"key":"Snake Skull"},{"floor":55,"key":"Blood Vial"}],"event_choices":[{"cards_removed":["Flying Knee"],"damage_healed":0,"gold_gain":0,"player_choice":"Gave Card","damage_taken":0,"relics_obtained":["Mummified Hand"],"max_hp_gain":0,"max_hp_loss":0,"event_name":"WeMeetAgain","floor":2,"gold_loss":0},{"damage_healed":0,"gold_gain":0,"cards_transformed":["Strike_G"],"player_choice":"Change","damage_taken":0,"max_hp_gain":0,"max_hp_loss":0,"event_name":"Living Wall","floor":5,"gold_loss":0,"cards_obtained":["Deflect"]},{"damage_healed":0,"gold_gain":0,"player_choice":"Fled","damage_taken":11,"max_hp_gain":0,"max_hp_loss":0,"event_name":"Scrap Ooze","floor":7,"gold_loss":0},{"damage_healed":0,"gold_gain":275,"player_choice":"Desecrate","damage_taken":0,"max_hp_gain":0,"max_hp_loss":0,"event_name":"Golden Shrine","floor":19,"gold_loss":0,"cards_obtained":["Regret"]},{"damage_healed":0,"gold_gain":0,"player_choice":"Shed Blood","damage_taken":23,"max_hp_gain":5,"max_hp_loss":0,"event_name":"Forgotten Altar","floor":22,"gold_loss":0},{"damage_healed":0,"gold_gain":0,"player_choice":"Became a Ghost","damage_taken":0,"max_hp_gain":0,"max_hp_loss":36,"event_name":"Ghosts","floor":23,"gold_loss":0,"cards_obtained":["Ghostly","Ghostly","Ghostly"]},{"damage_healed":0,"gold_gain":50,"player_choice":"Stole From Cult","damage_taken":0,"max_hp_gain":0,"max_hp_loss":0,"event_name":"Nest","floor":24,"gold_loss":0},{"damage_healed":0,"gold_gain":0,"player_choice":"Inject Mutagens","damage_taken":0,"relics_obtained":["MutagenicStrength"],"max_hp_gain":0,"max_hp_loss":0,"event_name":"Drug Dealer","floor":31,"gold_loss":0},{"cards_removed":["PiercingWail"],"damage_healed":0,"gold_gain":0,"player_choice":"Removed Skill","damage_taken":0,"max_hp_gain":0,"max_hp_loss":0,"event_name":"Falling","floor":39,"gold_loss":0}],"is_beta":false,"boss_relics":[{"not_picked":["Tiny House","Runic Pyramid"],"picked":"WristBlade"},{"not_picked":["HoveringKite","Astrolabe"],"picked":"Coffee Dripper"}],"items_purged_floors":[28,30],"is_endless":false,"potions_floor_spawned":[8,10,11,14,21,25,35,41,44,45,46,55],"ascension_level":20}}