{"host":"050ensmz1fh1c58u","time":1613140945,"event":{"mods":["BaseMod","Downfall","Gremlin Mod","Minty Spire (QoL Compilation)","READ ME - Guardian Mod","StSLib","The Animator","The Bug Knight","The Cursed","The Disciple","The Servant 0.9.4"],"gold_per_floor":[99,113,124,124,143,177,177,187,214,230,230,144,144,144,144,144],"floor_reached":14,"language":"ENG","playtime":1168,"items_purged":[],"score":100,"play_id":"312a20c2-036e-440b-90e2-00139b506735","local_time":"20210212154225","daily_mods":["downfall:Improvised","Green Cards","Night Terrors"],"is_ascension_mode":false,"campfire_choices":[{"data":"sneckomod:Unknown","floor":1,"key":"SMITH"},{"data":"Well Laid Plans","floor":11,"key":"SMITH"},{"data":"Flechettes","floor":13,"key":"SMITH"}],"circlet_count":0,"master_deck":["champ:Strike","champ:Strike","champ:Strike","champ:Strike","champ:Defend","champ:Defend","champ:Defend","champ:Defend","champ:Execute","champ:Taunt","sneckomod:UnknownCommonAttack","sneckomod:UnknownCommonAttack","sneckomod:UnknownCommonAttack","sneckomod:UnknownCommonSkill","sneckomod:UnknownCommonSkill","sneckomod:UnknownCommonSkill","sneckomod:UnknownUncommonAttack","sneckomod:UnknownUncommonSkill","sneckomod:UnknownUncommonPower","sneckomod:Unknown+1","Setup","Escape Plan","champ:RageSigil","Well Laid Plans+1","Flechettes+1"],"relics":["champ:ChampionCrown","Darkstone Periapt","HornCleat","HollowMod:LifeEnderRelic","Philosopher\u0027s Stone"],"acts_visited":["Exordium"],"potions_floor_usage":[9],"damage_taken":[{"damage":7,"enemies":"Cultist","floor":2,"turns":5},{"damage":21,"enemies":"Small Slimes","floor":3,"turns":3},{"damage":1,"enemies":"2 Louse","floor":5,"turns":3},{"damage":31,"enemies":"3 Sentries","floor":6,"turns":6},{"damage":0,"enemies":"2 Fungi Beasts","floor":8,"turns":4},{"damage":18,"enemies":"Gremlin Nob","floor":9,"turns":4},{"damage":14,"enemies":"Red Slaver","floor":10,"turns":6},{"damage":11,"enemies":"downfall:FleeingMerchant","floor":12,"turns":4},{"damage":34,"enemies":"Lagavulin","floor":14,"turns":7}],"seed_played":"-6713023992883070791","potions_obtained":[{"floor":2,"key":"FearPotion"},{"floor":9,"key":"Explosive Potion"},{"floor":10,"key":"Energy Potion"}],"is_trial":true,"path_per_floor":["R","M","M","?","M","E","T","M","E","M","R","$","R","E"],"character_chosen":"THE_CHAMP","items_purchased":["Flechettes"],"campfire_rested":0,"item_purchase_floors":[12],"current_hp_per_floor":[90,83,72,72,71,50,50,50,42,28,28,27,27,0,0,0],"gold":144,"neow_bonus":"","is_daily":false,"chose_seed":false,"campfire_upgraded":3,"win_rate":0.0,"timestamp":1613140945,"path_taken":["R","M","M","?","?","E","T","?","E","M","R","$","R","E"],"items_purchased_type":["Card"],"build_version":"2020-12-22","purchased_purges":0,"victory":false,"max_hp_per_floor":[90,90,90,90,90,90,90,90,90,52,52,52,52,52,52,52],"card_choices":[{"not_picked":["Deadly Poison","champ:ShieldWall"],"picked":"Setup","floor":2},{"not_picked":["Quick Slash","champ:PerfectedStrike"],"picked":"Escape Plan","floor":3},{"not_picked":["champ:CrookedStrike","champ:DeathBlow","champ:SkillfulDodge"],"picked":"SKIP","floor":5},{"not_picked":["champ:FocusedDefense","champ:PreemptiveStrike"],"picked":"champ:RageSigil","floor":6},{"not_picked":["Masterful Stab","Flechettes","Distraction"],"picked":"SKIP","floor":8},{"not_picked":["champ:DancingMaster","champ:BladeFlurry","champ:GladiatorStyle"],"picked":"SKIP","floor":9},{"not_picked":["Predator","Footwork"],"picked":"Well Laid Plans","floor":10},{"not_picked":["champ:FalseCounter","champ:FlashCut","Deflect"],"picked":"SKIP","floor":12}],"player_experience":1597115,"relics_obtained":[{"floor":6,"key":"Darkstone Periapt"},{"floor":7,"key":"HornCleat"},{"floor":9,"key":"HollowMod:LifeEnderRelic"}],"event_choices":[{"damage_healed":0,"gold_gain":0,"player_choice":"Ignored","damage_taken":0,"max_hp_gain":0,"max_hp_loss":0,"event_name":"NoteForYourself","floor":4,"gold_loss":0}],"is_beta":false,"boss_relics":[],"items_purged_floors":[],"is_endless":false,"potions_floor_spawned":[2,9,10],"killed_by":"Lagavulin","ascension_level":0}}