{"host":"w4b7hmige5bnqipq","time":1613129971,"event":{"mods":["2.2 Compatiblity","BaseMod","Colored Map","DeckTracker","Keyboard Shortcuts","Minty Spire (QoL Compilation)","Permanent Neow","Rare Cards Sparkle","SuperFastMode","everything is the same but u backflip on backflip","slay the spire mod where everything is the same but ironclad has a cowboy hat"],"gold_per_floor":[13,25,0,18,34,34,44,71,71,71,106,119,119,132,132,204,204,215,199,199,199,212,212,9,43,92,92,110,145,145,145,145],"floor_reached":31,"language":"KOR","playtime":1000,"items_purged":[],"score":607,"play_id":"562a71a7-963e-454c-8f3a-246940f17491","local_time":"20210212193931","is_ascension_mode":true,"campfire_choices":[{"data":"Streamline","floor":6.0,"key":"SMITH"},{"floor":10.0,"key":"REST"},{"data":"Coolheaded","floor":15.0,"key":"SMITH"},{"floor":23.0,"key":"REST"},{"data":"Buffer","floor":30,"key":"SMITH"}],"circlet_count":0,"master_deck":["AscendersBane","Strike_B","Strike_B","Strike_B","Strike_B","Defend_B","Defend_B","Defend_B","Defend_B","Zap","Dualcast","Stack","Cold Snap","Streamline+1","Hologram","Coolheaded+1","Go for the Eyes+1","Conserve Battery","Gash","Gash","Echo Form","Loop+1","Go for the Eyes","Compile Driver","Self Repair","Conserve Battery+1","Buffer+1","Ball Lightning","Capacitor","Reinforced Body","Skim"],"relics":["Cracked Core","Du-Vu Doll","Unceasing Top","Kunai","Potion Belt","Runic Dome","OrangePellets","Lizard Tail","Orichalcum","Cables"],"acts_visited":["Exordium","TheCity"],"potions_floor_usage":[31],"damage_taken":[{"damage":1.0,"enemies":"Cultist","floor":1.0,"turns":4.0},{"damage":12.0,"enemies":"Small Slimes","floor":2.0,"turns":2.0},{"damage":0.0,"enemies":"2 Louse","floor":4.0,"turns":2.0},{"damage":28.0,"enemies":"Exordium Thugs","floor":5.0,"turns":5.0},{"damage":0.0,"enemies":"Large Slime","floor":7.0,"turns":6.0},{"damage":14.0,"enemies":"3 Sentries","floor":8.0,"turns":9.0},{"damage":11.0,"enemies":"Lagavulin","floor":11.0,"turns":7.0},{"damage":3.0,"enemies":"2 Fungi Beasts","floor":12.0,"turns":3.0},{"damage":0.0,"enemies":"3 Louse","floor":14.0,"turns":4.0},{"damage":0.0,"enemies":"Hexaghost","floor":16.0,"turns":9.0},{"damage":0.0,"enemies":"3 Byrds","floor":18.0,"turns":5.0},{"damage":27.0,"enemies":"2 Thieves","floor":19.0,"turns":4.0},{"damage":17.0,"enemies":"Snecko","floor":22.0,"turns":6.0},{"damage":24.0,"enemies":"Book of Stabbing","floor":25.0,"turns":6.0},{"damage":14,"enemies":"Snake Plant","floor":28,"turns":6},{"damage":33,"enemies":"Slavers","floor":29,"turns":9},{"damage":16,"enemies":"Book of Stabbing","floor":31,"turns":3}],"seed_played":"-7252184941059951773","potions_obtained":[{"floor":2.0,"key":"SpeedPotion"},{"floor":5.0,"key":"Energy Potion"},{"floor":12.0,"key":"BlessingOfTheForge"},{"floor":14.0,"key":"GamblersBrew"},{"floor":18.0,"key":"PowerPotion"},{"floor":19.0,"key":"DistilledChaos"},{"floor":28,"key":"Energy Potion"}],"is_trial":false,"path_per_floor":["M","M","$","M","M","R","M","E","T","R","E","M","?","M","R","B",null,"M","M","?","?","M","R","$","E","T","?","M","E","R","E"],"character_chosen":"DEFECT","items_purchased":["Streamline","OrangePellets","Self Repair"],"campfire_rested":2,"item_purchase_floors":[3,24,24],"current_hp_per_floor":[63,51,51,51,23,23,23,9,9,30,19,16,16,16,16,16,57,57,30,30,30,13,34,34,10,10,10,42,16,16,0,0],"gold":145,"neow_bonus":"ONE_RARE_RELIC","is_daily":false,"chose_seed":false,"campfire_upgraded":3,"win_rate":0.0,"timestamp":1613129971,"path_taken":["M","?","?","M","M","R","M","E","T","R","E","M","?","M","R","BOSS","M","?","?","?","M","R","$","E","T","?","M","E","R","E"],"items_purchased_type":["Card","Relic","Card"],"build_version":"2020-12-22","purchased_purges":0,"victory":false,"max_hp_per_floor":[71,71,71,71,71,71,71,71,71,71,71,71,71,71,71,71,71,71,71,71,71,71,71,71,71,71,71,71,71,71,71,71],"card_choices":[{"not_picked":["Steam","Force Field"],"picked":"Stack","floor":1.0},{"not_picked":["BootSequence","Sweeping Beam"],"picked":"Cold Snap","floor":2.0},{"not_picked":["Tempest","Hello World"],"picked":"Hologram","floor":4.0},{"not_picked":["Sunder","Cold Snap"],"picked":"Coolheaded","floor":5.0},{"not_picked":["BootSequence","Chill"],"picked":"Go for the Eyes","floor":7.0},{"not_picked":["Aggregate","Sweeping Beam"],"picked":"Conserve Battery","floor":8.0},{"not_picked":["Heatsinks","Force Field"],"picked":"Gash","floor":11.0},{"not_picked":["Consume","Steam Power","Cold Snap"],"picked":"SKIP","floor":12.0},{"not_picked":["Skim","Recycle"],"picked":"Gash","floor":14.0},{"not_picked":["Seek","Reboot"],"picked":"Echo Form","floor":16.0},{"not_picked":["Conserve Battery","Auto Shields"],"picked":"Loop+1","floor":18.0},{"not_picked":["Tempest","Hologram"],"picked":"Go for the Eyes","floor":19.0},{"not_picked":["Steam","Heatsinks"],"picked":"Compile Driver","floor":22.0},{"not_picked":["Steam Power+1","Turbo"],"picked":"Conserve Battery+1","floor":25.0},{"not_picked":["Sunder","Ball Lightning"],"picked":"Reinforced Body","floor":28},{"not_picked":["Cold Snap","Fission"],"picked":"Skim","floor":29}],"player_experience":739394,"relics_obtained":[{"floor":8.0,"key":"Unceasing Top"},{"floor":9.0,"key":"Kunai"},{"floor":11.0,"key":"Potion Belt"},{"floor":25.0,"key":"Lizard Tail"},{"floor":26.0,"key":"Orichalcum"},{"floor":29,"key":"Cables"}],"event_choices":[{"damage_healed":0.0,"max_hp_gain":0.0,"max_hp_loss":0.0,"gold_gain":0.0,"event_name":"Upgrade Shrine","player_choice":"Upgraded","floor":13.0,"gold_loss":0.0,"damage_taken":0.0,"cards_upgraded":["Go for the Eyes"]},{"damage_healed":0.0,"max_hp_gain":0.0,"max_hp_loss":0.0,"gold_gain":0.0,"event_name":"Cursed Tome","player_choice":"Ignored","floor":20.0,"gold_loss":0.0,"damage_taken":0.0},{"damage_healed":0.0,"max_hp_gain":0.0,"max_hp_loss":0.0,"gold_gain":0.0,"event_name":"Ghosts","player_choice":"Ignored","floor":21.0,"gold_loss":0.0,"damage_taken":0.0},{"damage_healed":0,"gold_gain":0,"player_choice":"3 cards matched","damage_taken":0,"max_hp_gain":0,"max_hp_loss":0,"event_name":"Match and Keep!","floor":27,"gold_loss":0,"cards_obtained":["Buffer","Ball Lightning","Capacitor"]}],"is_beta":false,"boss_relics":[{"not_picked":["Black Star","Empty Cage"],"picked":"Runic Dome"}],"items_purged_floors":[],"is_endless":false,"potions_floor_spawned":[2,5,8,12,14,18,19,28],"killed_by":"Book of Stabbing","ascension_level":16}}