{"host":"5inz41fcnifmg6v2","time":1613117117,"event":{"mods":["BaseMod","Downfall","Minty Spire (QoL Compilation)","Reliquary","Replay The Spire","StSLib"],"gold_per_floor":[114,46,63,25,200,200,200,200,200,211,223,253,328,362,362,459,459,479,495,495,495,495],"floor_reached":21,"language":"ZHS","playtime":1679,"items_purged":[],"score":206,"play_id":"df33dba9-9069-442f-b3a3-04191b692fc4","local_time":"20210212160517","is_ascension_mode":true,"campfire_choices":[{"floor":6,"key":"RECALL"},{"data":"Rupture","floor":8,"key":"SMITH"},{"floor":15,"key":"REST"}],"circlet_count":0,"master_deck":["Strike_R","Strike_R","Strike_R","Strike_R","Strike_R","Defend_R","Defend_R","Defend_R","Defend_R","Bash","Rupture+1","Shockwave","Hemokinesis","Doubt","ReplayTheSpireMod:LeadingStrike+1","Replay:Undeath\u0027s Touch","Armaments","Seeing Red","Pot Of Greed","Pot Of Greed","ReplayTheSpireMod:Stacked","Clash","ReplayReversal","Berserk","Pummel","Twin Strike","Pot Of Greed","ReplayTheSpireMod:Muscle Training"],"relics":["Burning Blood","NeowsBlessing","Blue Candle","Grinning Jar","HornCleat","Runic Pyramid"],"acts_visited":["Exordium","TheCity"],"potions_floor_usage":[11,14,19],"damage_taken":[{"damage":0,"enemies":"Jaw Worm","floor":1,"turns":1},{"damage":0,"enemies":"Small Slimes","floor":3,"turns":1},{"damage":0,"enemies":"2 Louse","floor":10,"turns":1},{"damage":12,"enemies":"Looter","floor":11,"turns":4},{"damage":20,"enemies":"Gremlin Nob","floor":12,"turns":5},{"damage":16,"enemies":"3 Sentries","floor":14,"turns":4},{"damage":23,"enemies":"Fading Forest","floor":16,"turns":11},{"damage":42,"enemies":"Chosen","floor":18,"turns":7},{"damage":3,"enemies":"3 Byrds","floor":19,"turns":6},{"damage":48,"enemies":"Snecko","floor":21,"turns":5}],"seed_played":"6068366854844932690","potions_obtained":[{"floor":3,"key":"DistilledChaos"},{"floor":10,"key":"Regen Potion"},{"floor":16,"key":"SteroidPotion"}],"is_trial":false,"path_per_floor":["M","$","M","$","?","R","?","R","T","M","M","E","?","E","R","B",null,"M","M","?","M"],"character_chosen":"IRONCLAD","items_purchased":["Rupture","Hemokinesis"],"campfire_rested":1,"item_purchase_floors":[2,4],"current_hp_per_floor":[80,80,80,80,80,80,80,80,80,80,74,60,28,30,54,47,80,44,47,47,0,0],"gold":495,"neow_bonus":"THREE_ENEMY_KILL","is_daily":false,"chose_seed":false,"campfire_upgraded":1,"win_rate":0.0,"timestamp":1613117117,"path_taken":["M","$","M","$","?","R","?","R","T","M","M","E","?","E","R","BOSS","M","?","?","M"],"items_purchased_type":["Card","Card"],"build_version":"2020-12-22","purchased_purges":0,"victory":false,"max_hp_per_floor":[80,80,80,80,80,80,80,80,80,80,80,80,80,80,80,80,80,80,80,80,80,80],"card_choices":[{"not_picked":["Replay:Undeath\u0027s Touch","Heavy Blade"],"picked":"Anger","floor":1},{"not_picked":["Shrug It Off","Sword Boomerang"],"picked":"Shockwave","floor":3},{"not_picked":["Body Slam","ReplayTheSpireMod:Strike From Hell"],"picked":"Replay:Undeath\u0027s Touch","floor":10},{"not_picked":["Headbutt","Second Wind"],"picked":"Armaments","floor":11},{"not_picked":["Twin Strike","Havoc"],"picked":"Seeing Red","floor":12},{"not_picked":["Abandon","True Grit"],"picked":"ReplayTheSpireMod:Stacked","floor":13},{"not_picked":["Clothesline","Anger"],"picked":"Clash","floor":13},{"not_picked":["Impervious","Run Through"],"picked":"ReplayReversal","floor":14},{"not_picked":["Bludgeon","Demonic Infusion"],"picked":"Berserk","floor":16},{"not_picked":["Heavy Blade","True Grit"],"picked":"Pummel","floor":18},{"not_picked":["Clash","Headbutt"],"picked":"Twin Strike","floor":19}],"player_experience":84608,"relics_obtained":[{"floor":12,"key":"Blue Candle"},{"floor":13,"key":"Grinning Jar"},{"floor":14,"key":"HornCleat"}],"event_choices":[{"damage_healed":0,"gold_gain":175,"player_choice":"AGREE","damage_taken":0,"max_hp_gain":0,"max_hp_loss":0,"event_name":"Liars Game","floor":5,"gold_loss":0,"cards_obtained":["Doubt"]},{"damage_healed":0,"gold_gain":0,"player_choice":"Read","damage_taken":0,"max_hp_gain":0,"max_hp_loss":0,"event_name":"The Library","floor":20,"gold_loss":0,"cards_obtained":["ReplayTheSpireMod:Muscle Training"]}],"is_beta":false,"boss_relics":[{"not_picked":["Runic Dome","Fusion Hammer"],"picked":"Runic Pyramid"}],"items_purged_floors":[],"is_endless":false,"potions_floor_spawned":[3,10,16],"killed_by":"Snecko","ascension_level":2}}