{"host":"7hek758ba7rrttw2","time":1613160194,"event":{"mods":["BaseMod","Minty Spire (QoL Compilation)","Weighted Paths"],"gold_per_floor":[119,138,152,171,171,203,203,217,217,245,256,256,268,295,295,295,295],"floor_reached":16,"language":"ENG","playtime":669,"items_purged":[],"score":143,"play_id":"ef3bfc41-8002-43a6-a7dd-ecc0b3d68ba7","local_time":"20210212210314","is_ascension_mode":true,"campfire_choices":[{"data":"Eruption","floor":7,"key":"SMITH"},{"floor":12,"key":"REST"},{"data":"TalkToTheHand","floor":15,"key":"SMITH"}],"circlet_count":0,"master_deck":["Strike_P","Strike_P","Strike_P","Strike_P","Defend_P","Defend_P","Defend_P","Defend_P","Eruption+1","Vigilance","LikeWater","WreathOfFlame","FearNoEvil","ClearTheMind","MentalFortress","TalkToTheHand+1"],"relics":["PureWater","NeowsBlessing","Orichalcum","Tiny Chest","Oddly Smooth Stone","Matryoshka"],"acts_visited":["Exordium"],"potions_floor_usage":[4,6,6,10,14],"damage_taken":[{"damage":0,"enemies":"Small Slimes","floor":1,"turns":1},{"damage":0,"enemies":"Cultist","floor":2,"turns":1},{"damage":0,"enemies":"2 Louse","floor":3,"turns":2},{"damage":0,"enemies":"2 Fungi Beasts","floor":4,"turns":2},{"damage":27,"enemies":"3 Sentries","floor":6,"turns":8},{"damage":26,"enemies":"Exordium Thugs","floor":8,"turns":7},{"damage":9,"enemies":"Lagavulin","floor":10,"turns":5},{"damage":0,"enemies":"3 Louse","floor":11,"turns":3},{"damage":6,"enemies":"Blue Slaver","floor":13,"turns":4},{"damage":10,"enemies":"Gremlin Nob","floor":14,"turns":4},{"damage":17,"enemies":"Slime Boss","floor":16,"turns":6}],"seed_played":"1274648971016309445","potions_obtained":[{"floor":1,"key":"Swift Potion"},{"floor":2,"key":"ColorlessPotion"},{"floor":4,"key":"SkillPotion"},{"floor":8,"key":"FearPotion"},{"floor":10,"key":"SpeedPotion"},{"floor":13,"key":"FearPotion"}],"is_trial":false,"path_per_floor":["M","M","M","M","?","E","R","M","T","E","M","R","M","E","R","B"],"character_chosen":"WATCHER","items_purchased":[],"campfire_rested":1,"item_purchase_floors":[],"current_hp_per_floor":[72,72,72,72,72,45,45,19,19,10,10,31,25,15,15,0,0],"gold":295,"neow_bonus":"THREE_ENEMY_KILL","is_daily":false,"chose_seed":false,"campfire_upgraded":2,"win_rate":0.0,"timestamp":1613160194,"path_taken":["M","M","M","M","?","E","R","M","T","E","?","R","M","E","R","BOSS"],"items_purchased_type":[],"build_version":"2020-12-22","purchased_purges":0,"victory":false,"max_hp_per_floor":[72,72,72,72,72,72,72,72,72,72,72,72,72,72,72,72,72],"card_choices":[{"not_picked":["Weave","EmptyMind"],"picked":"LikeWater","floor":1},{"not_picked":["Wallop","ForeignInfluence"],"picked":"WreathOfFlame","floor":2},{"not_picked":["Fasting2","Vengeance"],"picked":"FearNoEvil","floor":3},{"not_picked":["EmptyMind","Vengeance","Protect"],"picked":"SKIP","floor":4},{"not_picked":["Halt","WheelKick"],"picked":"ClearTheMind","floor":6},{"not_picked":["SashWhip","ThirdEye","FollowUp"],"picked":"SKIP","floor":8},{"not_picked":["CrushJoints","PathToVictory","ClearTheMind"],"picked":"SKIP","floor":10},{"not_picked":["EmptyBody","FollowUp","Pray"],"picked":"SKIP","floor":11},{"not_picked":["WheelKick","FollowUp"],"picked":"MentalFortress","floor":13},{"not_picked":["SashWhip","ThirdEye"],"picked":"TalkToTheHand","floor":14}],"player_experience":375515,"relics_obtained":[{"floor":6,"key":"Orichalcum"},{"floor":9,"key":"Tiny Chest"},{"floor":10,"key":"Oddly Smooth Stone"},{"floor":14,"key":"Matryoshka"}],"event_choices":[{"damage_healed":0,"gold_gain":0,"player_choice":"Bought 0 Potions","damage_taken":0,"max_hp_gain":0,"max_hp_loss":0,"event_name":"The Woman in Blue","floor":5,"gold_loss":0}],"is_beta":false,"boss_relics":[],"items_purged_floors":[],"is_endless":false,"potions_floor_spawned":[1,2,4,8,10,13],"killed_by":"Slime Boss","ascension_level":3}}