{"host":"f2zkc2gsfwbibc34","time":1613160918,"event":{"mods":["AchievementEnabler","BaseMod","Better Note","Colored Map","Colored Powertips","Defuse TimeMaze Blight","Minty Spire (QoL Compilation)","Permanent Neow","StSLib","SuperFastMode","The Servant 0.9.4"],"gold_per_floor":[115,133,54,68,68,68,78,78,78,78,26,79,79,79,79,183,183,199,47,67,79,79,79,79,104,104,104,122,22,22,41,41,140,140,158,170,270,286,303,315,315,332,400,450,20,20,32,43,43,43],"floor_reached":51,"language":"ENG","playtime":1676,"items_purged":["TrueSight","Defend_S","Parasite"],"score":759,"play_id":"b816b572-c40f-4945-afea-2492be31f8a4","local_time":"20210212211518","is_ascension_mode":false,"campfire_choices":[{"data":"BestPractice","floor":6,"key":"SMITH"},{"data":"Moondial","floor":10,"key":"SMITH"},{"data":"ShatteredReality","floor":13,"key":"SMITH"},{"data":"Dilation","floor":15,"key":"SMITH"},{"data":"SilverBlades","floor":23,"key":"SMITH"},{"data":"Luminosity","floor":30,"key":"SMITH"},{"data":"Collapse","floor":32,"key":"SMITH"},{"floor":49,"key":"REST"}],"circlet_count":0,"master_deck":["Strike_S","Strike_S","Strike_S","Strike_S","Defend_S","KidneyShot+1","Exchange","Dilation+1","ShatteredReality+1","BestPractice+1","Misdirection","Revamp+1","Moondial+1","Rearm","Collapse+1","SilverBlades+1","Moondial+1","TimeWarp","Luminosity+1","Luminosity+1","Initiator+1","Contraction+1","RealityMarble+1","Madness","Madness","KillingDoll+1","Luminosity+1"],"relics":["SplendidAttire","Pear","Broom","HornCleat","KneeBrace","Art of War","Fusion Hammer","Shuriken","PocketWatch","Whetstone","Blood Vial"],"acts_visited":["Exordium","TheCity","TheBeyond"],"potions_floor_usage":[20,33,44,44,50],"damage_taken":[{"damage":3,"enemies":"Small Slimes","floor":1,"turns":4},{"damage":0,"enemies":"2 Louse","floor":2,"turns":3},{"damage":3,"enemies":"Jaw Worm","floor":4,"turns":4},{"damage":5,"enemies":"3 Louse","floor":7,"turns":5},{"damage":13,"enemies":"Hexaghost","floor":16,"turns":9},{"damage":0,"enemies":"Spheric Guardian","floor":18,"turns":5},{"damage":16,"enemies":"2 Thieves","floor":20,"turns":5},{"damage":7,"enemies":"Cultist and Chosen","floor":21,"turns":7},{"damage":0,"enemies":"Book of Stabbing","floor":25,"turns":7},{"damage":0,"enemies":"Snecko","floor":28,"turns":4},{"damage":0,"enemies":"Snake Plant","floor":31,"turns":6},{"damage":11,"enemies":"Collector","floor":33,"turns":10},{"damage":5,"enemies":"3 Shapes","floor":35,"turns":2},{"damage":14,"enemies":"3 Darklings","floor":36,"turns":4},{"damage":9,"enemies":"Writhing Mass","floor":38,"turns":7},{"damage":0,"enemies":"Maw","floor":39,"turns":7},{"damage":12,"enemies":"3 Darklings","floor":40,"turns":5},{"damage":4,"enemies":"4 Shapes","floor":42,"turns":5},{"damage":0,"enemies":"2 Orb Walkers","floor":44,"turns":5},{"damage":0,"enemies":"Maw","floor":47,"turns":5},{"damage":0,"enemies":"3 Darklings","floor":48,"turns":2},{"damage":0,"enemies":"Time Eater","floor":50,"turns":5}],"seed_played":"4489746747844119294","potions_obtained":[{"floor":2,"key":"Swift Potion"},{"floor":16,"key":"AttackPotion"},{"floor":18,"key":"BlessingOfTheForge"},{"floor":25,"key":"DuplicationPotion"},{"floor":35,"key":"SpeedPotion"},{"floor":42,"key":"LiquidMemories"},{"floor":44,"key":"ColorlessPotion"}],"is_trial":false,"path_per_floor":["M","M","$","M","?","R","M","?","T","R","$","T","R","?","R","B",null,"M","$","M","M","?","R","T","E","T","?","M","$","R","M","R","B",null,"M","M","?","M","M","M","?","M","T","?","$","?","M","M","R","B",null],"character_chosen":"THE_SERVANT","items_purchased":["Misdirection","Rearm","SilverBlades","Whetstone","Blood Vial"],"campfire_rested":1,"item_purchase_floors":[3,11,19,45,45],"current_hp_per_floor":[62,62,62,59,52,52,47,47,57,57,57,57,57,57,57,44,75,75,75,59,52,52,52,52,52,52,52,52,52,52,52,52,41,75,70,56,56,47,47,35,26,22,22,22,22,22,24,26,47,49],"gold":43,"neow_bonus":"ONE_RANDOM_RARE_CARD","is_daily":false,"chose_seed":false,"campfire_upgraded":7,"win_rate":0.0,"timestamp":1613160918,"path_taken":["M","M","$","M","?","R","M","?","T","R","$","?","R","?","R","BOSS","M","$","M","M","?","R","?","E","T","?","M","$","R","M","R","BOSS","M","M","?","?","M","M","?","M","T","?","$","?","?","M","R","BOSS"],"items_purchased_type":["Card","Card","Card","Relic","Relic"],"build_version":"2020-12-22","purchased_purges":3,"victory":true,"max_hp_per_floor":[65,65,65,65,65,65,65,65,75,75,75,75,75,75,75,75,75,75,75,75,75,75,75,75,75,75,75,75,75,75,75,75,75,75,75,75,75,75,75,75,75,75,75,75,72,72,72,72,72,72],"card_choices":[{"not_picked":["Revamp","Alleviate"],"picked":"ShatteredReality","floor":1},{"not_picked":["Reset","DoubleEdge"],"picked":"BestPractice","floor":2},{"not_picked":["DoubleEdge","Rearm"],"picked":"Revamp","floor":4},{"not_picked":["Ricochet","Potential"],"picked":"Moondial","floor":7},{"not_picked":["TheWorld","Dilation"],"picked":"TrueSight","floor":16},{"not_picked":["ShatteredReality","Manipulate"],"picked":"Collapse","floor":18},{"not_picked":["Rearm","DoubleEdge","Starlight"],"picked":"SKIP","floor":20},{"not_picked":["Snipe","WasteNot","Spin"],"picked":"SKIP","floor":21},{"not_picked":["Rewind","Reset"],"picked":"TimeWarp","floor":25},{"not_picked":["Rewind+1","DoubleEdge"],"picked":"Luminosity","floor":28},{"not_picked":["ReturningBlade","Unruled+1"],"picked":"Luminosity+1","floor":31},{"not_picked":["FloweringNight","Duplication"],"picked":"Initiator","floor":33},{"not_picked":["Misdirection+1","Revamp+1"],"picked":"Contraction+1","floor":35},{"not_picked":["Hightail+1","Misdirection+1","Spin"],"picked":"SKIP","floor":36},{"not_picked":["Foresight+1","Rewind","Spin+1"],"picked":"SKIP","floor":38},{"not_picked":["ShatteredReality","Rewind+1"],"picked":"RealityMarble+1","floor":39},{"not_picked":["FastForward","Spin","Alleviate"],"picked":"SKIP","floor":40},{"not_picked":["Potential","Spin+1","TimeWarp"],"picked":"SKIP","floor":42},{"not_picked":["Hightail+1","TimeWarp"],"picked":"KillingDoll","floor":44},{"not_picked":["Alleviate+1","Misdirection+1","Rewind+1"],"picked":"SKIP","floor":47},{"not_picked":["Starlight","SpecialFormula"],"picked":"Luminosity+1","floor":48}],"player_experience":102275,"relics_obtained":[{"floor":9,"key":"Pear"},{"floor":12,"key":"Broom"},{"floor":24,"key":"HornCleat"},{"floor":25,"key":"KneeBrace"},{"floor":26,"key":"Art of War"},{"floor":43,"key":"Shuriken"},{"floor":44,"key":"PocketWatch"}],"event_choices":[{"cards_removed":["Defend_S"],"damage_healed":0,"gold_gain":0,"player_choice":"Card Removal","damage_taken":7,"max_hp_gain":0,"max_hp_loss":0,"event_name":"Golden Wing","floor":5,"gold_loss":0},{"damage_healed":0,"gold_gain":0,"player_choice":"Grow","damage_taken":0,"max_hp_gain":0,"max_hp_loss":0,"event_name":"Living Wall","floor":8,"gold_loss":0,"cards_upgraded":["Revamp"]},{"cards_removed":["Defend_S"],"damage_healed":0,"gold_gain":0,"player_choice":"Offered Basic","damage_taken":0,"max_hp_gain":0,"max_hp_loss":0,"event_name":"Bonfire Elementals","floor":14,"gold_loss":0},{"damage_healed":0,"gold_gain":0,"player_choice":"Copied","damage_taken":0,"max_hp_gain":0,"max_hp_loss":0,"event_name":"Duplicator","floor":22,"gold_loss":0,"cards_obtained":["Moondial"]},{"damage_healed":0,"gold_gain":0,"player_choice":"0 cards matched","damage_taken":0,"max_hp_gain":0,"max_hp_loss":0,"event_name":"Match and Keep!","floor":27,"gold_loss":0,"cards_obtained":[]},{"damage_healed":0,"gold_gain":100,"player_choice":"Pray","damage_taken":0,"max_hp_gain":0,"max_hp_loss":0,"event_name":"Golden Shrine","floor":37,"gold_loss":0},{"damage_healed":0,"gold_gain":0,"player_choice":"Embrace Madness","damage_taken":9,"max_hp_gain":0,"max_hp_loss":0,"event_name":"Winding Halls","floor":41,"gold_loss":0,"cards_obtained":["Madness","Madness"]},{"damage_healed":0,"gold_gain":0,"player_choice":"Fight","damage_taken":0,"max_hp_gain":0,"max_hp_loss":0,"event_name":"Mysterious Sphere","floor":44,"gold_loss":0},{"damage_healed":0,"gold_gain":0,"player_choice":"Forge","damage_taken":0,"max_hp_gain":0,"max_hp_loss":0,"event_name":"Accursed Blacksmith","floor":46,"gold_loss":0,"cards_upgraded":["KillingDoll"]}],"is_beta":false,"boss_relics":[{"not_picked":["Tiny House","Philosopher\u0027s Stone"],"picked":"SplendidAttire"},{"not_picked":["Snecko Eye","MysterySword"],"picked":"Fusion Hammer"}],"items_purged_floors":[19,29,45],"is_endless":false,"potions_floor_spawned":[2,16,18,25,28,35,39,42,44],"ascension_level":0}}