{"host":"fbdlh90rovbiajun","time":1613146600,"event":{"mods":["AchievementEnabler","BaseMod","Colored Map","Minty Spire (QoL Compilation)","SuperFastMode"],"gold_per_floor":[117,117,127,147,72,72,147,162,189,206,381,381,396,396,396,396,396],"floor_reached":16,"language":"KOR","playtime":346,"items_purged":["Defend_P"],"score":92,"play_id":"7274a6c1-b975-40e5-8f8b-c9238a558b38","local_time":"20210213011640","is_ascension_mode":false,"campfire_choices":[{"data":"Eruption","floor":6,"key":"SMITH"},{"data":"Adaptation","floor":15,"key":"SMITH"}],"circlet_count":0,"master_deck":["Strike_P+1","Strike_P+1","Strike_P","Strike_P","Defend_P","Defend_P","Defend_P","Eruption+1","Vigilance","CrushJoints","Scrawl","Doubt","Adaptation+1"],"relics":["PureWater","NeowsBlessing","PreservedInsect","Bag of Marbles"],"acts_visited":["Exordium"],"potions_floor_usage":[],"damage_taken":[{"damage":0,"enemies":"2 Louse","floor":1,"turns":1},{"damage":0,"enemies":"Cultist","floor":3,"turns":1},{"damage":0,"enemies":"Small Slimes","floor":4,"turns":1},{"damage":16,"enemies":"Red Slaver","floor":8,"turns":2},{"damage":8,"enemies":"Large Slime","floor":10,"turns":2},{"damage":0,"enemies":"3 Louse","floor":13,"turns":1},{"damage":35,"enemies":"Slime Boss","floor":16,"turns":5}],"seed_played":"-3210941241574240391","potions_obtained":[{"floor":4,"key":"Ancient Potion"},{"floor":10,"key":"Swift Potion"},{"floor":13,"key":"AttackPotion"}],"is_trial":false,"path_per_floor":["M","?","M","M","$","R","?","M","T","M","?","?","M","?","R","B"],"character_chosen":"WATCHER","items_purchased":[],"campfire_rested":0,"item_purchase_floors":[],"current_hp_per_floor":[72,72,72,72,72,72,61,45,45,37,37,23,23,23,23,0,0],"gold":396,"neow_bonus":"THREE_ENEMY_KILL","is_daily":false,"chose_seed":false,"campfire_upgraded":2,"win_rate":0.0,"timestamp":1613146600,"path_taken":["M","?","M","?","?","R","?","M","T","M","?","?","M","?","R","BOSS"],"items_purchased_type":[],"build_version":"2020-12-22","purchased_purges":1,"victory":false,"max_hp_per_floor":[72,72,72,72,72,72,72,72,72,72,72,72,72,72,72,72,72],"card_choices":[{"not_picked":["Halt","WreathOfFlame","SashWhip"],"picked":"SKIP","floor":1},{"not_picked":["Swivel","EmptyFist"],"picked":"CrushJoints","floor":3},{"not_picked":["Evaluate","PathToVictory","BattleHymn"],"picked":"SKIP","floor":4},{"not_picked":["Evaluate","PathToVictory","BattleHymn"],"picked":"SKIP","floor":4},{"not_picked":["Prostrate","LikeWater"],"picked":"Scrawl","floor":8},{"not_picked":["Protect","ClearTheMind","BowlingBash"],"picked":"SKIP","floor":10},{"not_picked":["WreathOfFlame","LikeWater"],"picked":"Adaptation","floor":13}],"player_experience":11930,"relics_obtained":[{"floor":9,"key":"PreservedInsect"}],"event_choices":[{"damage_healed":0,"gold_gain":0,"player_choice":"Bought 0 Potions","damage_taken":0,"max_hp_gain":0,"max_hp_loss":0,"event_name":"The Woman in Blue","floor":2,"gold_loss":0},{"damage_healed":0,"gold_gain":75,"player_choice":"Gather Gold","damage_taken":11,"max_hp_gain":0,"max_hp_loss":0,"event_name":"World of Goop","floor":7,"gold_loss":0},{"damage_healed":0,"gold_gain":175,"player_choice":"AGREE","damage_taken":0,"max_hp_gain":0,"max_hp_loss":0,"event_name":"Liars Game","floor":11,"gold_loss":0,"cards_obtained":["Doubt"]},{"damage_healed":0,"gold_gain":0,"player_choice":"Entered Light","damage_taken":14,"max_hp_gain":0,"max_hp_loss":0,"event_name":"Shining Light","floor":12,"gold_loss":0,"cards_upgraded":["Strike_P","Strike_P"]},{"damage_healed":0,"gold_gain":0,"player_choice":"Gave Potion","damage_taken":0,"relics_obtained":["Bag of Marbles"],"max_hp_gain":0,"max_hp_loss":0,"event_name":"WeMeetAgain","floor":14,"gold_loss":0}],"is_beta":false,"boss_relics":[],"items_purged_floors":[5],"is_endless":false,"potions_floor_spawned":[4,10,13],"killed_by":"Slime Boss","ascension_level":0}}