{"host":"v4tuy5ykrbdcm9o9","time":1613142495,"event":{"mods":["BaseMod","Duelist Mod","Minty Spire (QoL Compilation)","Replay The Spire","StSLib"],"gold_per_floor":[118,128,142,158,158,188,201,201,201,201,216,242,260,286,286,388,388,403,419,435,435,452,452,452],"floor_reached":23,"language":"ENG","playtime":2492,"items_purged":[],"score":325,"play_id":"3997719f-0324-45b1-bc50-ba8c3e6b69e3","local_time":"20210212100815","is_ascension_mode":true,"campfire_choices":[{"floor":8,"key":"RECALL"},{"floor":15,"key":"REST"}],"circlet_count":0,"master_deck":["Strike_R","Strike_R","Strike_R","Strike_R","Strike_R","Defend_R","Defend_R","Defend_R","Defend_R","Bash","Shockwave","Twin Strike","Headbutt","Rupture","Pot Of Greed","Pot Of Greed","Bloodletting","Replay:Undeath\u0027s Touch","Anger","Brutality+1","Heavy Blade","Reaper","Demon Form+1","Sword Boomerang+1","Replay:Undeath\u0027s Touch+1"],"relics":["Burning Blood","Pet Ghost","Grinning Jar","Replay:Ringing Soul","Happy Flower","Frozen Egg 2","Busted Crown"],"acts_visited":["Exordium","TheCity"],"potions_floor_usage":[4,6,6,6,7,12,12,20,22],"damage_taken":[{"damage":1,"enemies":"Cultist","floor":1,"turns":3},{"damage":15,"enemies":"Small Slimes","floor":2,"turns":3},{"damage":9,"enemies":"Jaw Worm","floor":3,"turns":3},{"damage":0,"enemies":"3 Louse","floor":4,"turns":2},{"damage":30,"enemies":"3 Sentries","floor":6,"turns":9},{"damage":9,"enemies":"Lots of Slimes","floor":7,"turns":4},{"damage":8,"enemies":"2 Fungi Beasts","floor":11,"turns":3},{"damage":15,"enemies":"Gremlin Nob","floor":12,"turns":4},{"damage":3,"enemies":"Large Slime","floor":13,"turns":4},{"damage":39,"enemies":"Fading Forest","floor":16,"turns":11},{"damage":14,"enemies":"Shell Parasite","floor":18,"turns":3},{"damage":35,"enemies":"2 Thieves","floor":19,"turns":4},{"damage":50,"enemies":"Centurion and Healer","floor":20,"turns":6},{"damage":42,"enemies":"Snake Plant","floor":22,"turns":4},{"damage":44,"enemies":"Book of Stabbing","floor":23,"turns":4}],"seed_played":"8001049819425355397","potions_obtained":[{"floor":2,"key":"Explosive Potion"},{"floor":3,"key":"Swift Potion"},{"floor":5,"key":"LiquidMemories"},{"floor":5,"key":"Block Potion"},{"floor":5,"key":"Weak Potion"},{"floor":6,"key":"Strength Potion"},{"floor":7,"key":"Strength Potion"},{"floor":11,"key":"Dexterity Potion"},{"floor":16,"key":"Ancient Potion"},{"floor":19,"key":"SteroidPotion"},{"floor":20,"key":"Weak Potion"}],"is_trial":false,"path_per_floor":["M","M","M","M","?","E","M","R","T","?","M","E","M","T","R","B",null,"M","M","M","?","M","E"],"character_chosen":"IRONCLAD","items_purchased":[],"campfire_rested":1,"item_purchase_floors":[],"current_hp_per_floor":[77,68,65,71,71,47,44,44,44,37,38,32,38,38,64,60,84,85,71,56,56,33,0,0],"gold":452,"neow_bonus":"RANDOM_COMMON_RELIC","is_daily":false,"chose_seed":false,"campfire_upgraded":0,"win_rate":0.0,"timestamp":1613142495,"path_taken":["M","M","?","M","?","E","?","R","T","?","M","E","M","?","R","BOSS","M","M","M","?","M","E"],"items_purchased_type":[],"build_version":"2020-12-22","purchased_purges":0,"victory":false,"max_hp_per_floor":[80,80,80,80,80,80,80,80,80,80,83,86,89,89,89,92,92,95,95,98,98,101,101,101],"card_choices":[{"not_picked":["Clothesline","Combust"],"picked":"Shockwave","floor":1},{"not_picked":["Massacre","Clothesline"],"picked":"Twin Strike","floor":2},{"not_picked":["Hemokinesis","Cleave"],"picked":"Headbutt","floor":3},{"not_picked":["Metallicize","Flex"],"picked":"Rupture","floor":4},{"not_picked":["Pommel Strike","Carnage"],"picked":"Bloodletting","floor":6},{"not_picked":["Body Slam","Defy Death"],"picked":"Replay:Undeath\u0027s Touch","floor":7},{"not_picked":["Blood for Blood","Heavy Blade"],"picked":"Anger","floor":11},{"not_picked":["Wild Strike","Sentinel"],"picked":"Brutality+1","floor":12},{"not_picked":["Searing Blow","Sentinel"],"picked":"Heavy Blade","floor":13},{"not_picked":["Juggernaut+1","Fiend Fire"],"picked":"Reaper","floor":16},{"not_picked":[],"picked":"Demon Form+1","floor":18},{"not_picked":["Metallicize+1"],"picked":"SKIP","floor":19},{"not_picked":[],"picked":"Sword Boomerang+1","floor":20},{"not_picked":[],"picked":"Replay:Undeath\u0027s Touch+1","floor":22}],"player_experience":845177,"relics_obtained":[{"floor":6,"key":"Grinning Jar"},{"floor":9,"key":"Replay:Ringing Soul"},{"floor":12,"key":"Frozen Egg 2"}],"event_choices":[{"damage_healed":0,"gold_gain":0,"player_choice":"Got Potions","damage_taken":0,"max_hp_gain":0,"max_hp_loss":0,"event_name":"Lab","floor":5,"gold_loss":0},{"damage_healed":0,"gold_gain":0,"player_choice":"Success","damage_taken":7,"relics_obtained":["Happy Flower"],"max_hp_gain":0,"max_hp_loss":0,"event_name":"Scrap Ooze","floor":10,"gold_loss":0},{"damage_healed":0,"gold_gain":0,"player_choice":"Ignored","damage_taken":0,"max_hp_gain":0,"max_hp_loss":0,"event_name":"Transmorgrifier","floor":21,"gold_loss":0}],"is_beta":false,"boss_relics":[{"not_picked":["Painkiller Herb","Sozu"],"picked":"Busted Crown"}],"items_purged_floors":[],"is_endless":false,"potions_floor_spawned":[2,3,6,7,11,16,19,20],"killed_by":"Book of Stabbing","ascension_level":9}}