{"host":"vumwfieg2b2mnrfl","time":1613101545,"event":{"mods":["AchievementEnabler","BaseMod","Minty Spire (QoL Compilation)","Rare Cards Sparkle","Relic Stats"],"gold_per_floor":[114,129,149,149,149,177,193,193,193,206,222,251,251,266,266,356,356,376,376,376,172,195,195,195,235,235,268,284,284,284],"floor_reached":29,"language":"ENG","playtime":1054,"items_purged":["Strike_G"],"score":600,"play_id":"93d52ad7-0323-4564-b5a9-fd89664b62e3","local_time":"20210211214545","is_ascension_mode":true,"campfire_choices":[{"floor":8.0,"key":"REST"},{"floor":15.0,"key":"REST"},{"data":"Catalyst","floor":23,"key":"SMITH"}],"circlet_count":0,"master_deck":["AscendersBane","Strike_G","Strike_G","Defend_G","Defend_G","Defend_G","Defend_G","Survivor","Neutralize","Backstab+1","Distraction+1","After Image+1","Dagger Spray","Deadly Poison","Glass Knife+1","Dash","Calculated Gamble","Corpse Explosion","Adrenaline","Escape Plan","Catalyst+1","Well Laid Plans","Blade Dance","Injury","Terror"],"relics":["Astrolabe","Omamori","Tiny Chest","Gremlin Horn","Golden Idol","Cursed Key","Nloth\u0027s Gift","Pantograph","Tough Bandages","Shovel"],"acts_visited":["Exordium","TheCity"],"potions_floor_usage":[16,25,25,27,29],"damage_taken":[{"damage":8.0,"enemies":"Cultist","floor":1.0,"turns":6.0},{"damage":0.0,"enemies":"Small Slimes","floor":2.0,"turns":3.0},{"damage":0.0,"enemies":"2 Louse","floor":3.0,"turns":2.0},{"damage":28.0,"enemies":"Gremlin Nob","floor":6.0,"turns":4.0},{"damage":3.0,"enemies":"Exordium Thugs","floor":7.0,"turns":4.0},{"damage":0.0,"enemies":"2 Fungi Beasts","floor":10.0,"turns":2.0},{"damage":0.0,"enemies":"3 Louse","floor":11.0,"turns":3.0},{"damage":11.0,"enemies":"Lagavulin","floor":12.0,"turns":5.0},{"damage":5.0,"enemies":"Large Slime","floor":14.0,"turns":6.0},{"damage":15,"enemies":"Slime Boss","floor":16,"turns":11},{"damage":5,"enemies":"Chosen","floor":18,"turns":5},{"damage":6,"enemies":"2 Thieves","floor":22,"turns":3},{"damage":30,"enemies":"Book of Stabbing","floor":25,"turns":6},{"damage":0,"enemies":"Slavers","floor":27,"turns":2},{"damage":9,"enemies":"Chosen and Byrds","floor":28,"turns":7},{"damage":8,"enemies":"Snake Plant","floor":29,"turns":2}],"seed_played":"1125607787388358097","potions_obtained":[{"floor":1.0,"key":"Block Potion"},{"floor":3.0,"key":"PowerPotion"},{"floor":5.0,"key":"Dexterity Potion"},{"floor":14.0,"key":"SkillPotion"},{"floor":22,"key":"SteroidPotion"},{"floor":25,"key":"PowerPotion"},{"floor":28,"key":"BlessingOfTheForge"}],"is_trial":false,"path_per_floor":["M","M","M","?","?","E","M","R","T","M","M","E","?","M","R","B",null,"M","?","T","$","M","R","?","E","T","E","M","M"],"character_chosen":"THE_SILENT","items_purchased":["Catalyst","Well Laid Plans"],"campfire_rested":2,"item_purchase_floors":[21,21],"current_hp_per_floor":[51,51,51,51,51,23,20,39,39,39,39,28,28,23,42,27,56,51,51,51,51,45,45,45,15,15,15,6,0,0],"gold":284,"neow_bonus":"BOSS_RELIC","is_daily":false,"chose_seed":false,"campfire_upgraded":1,"win_rate":0.0,"timestamp":1613101545,"path_taken":["M","?","M","?","?","E","M","R","T","M","?","E","?","M","R","BOSS","M","?","?","?","M","R","?","E","T","E","?","M"],"items_purchased_type":["Card","Card"],"build_version":"2020-12-22","purchased_purges":1,"victory":false,"max_hp_per_floor":[66,66,66,66,66,66,66,66,66,66,66,66,66,66,66,66,66,66,66,66,66,66,66,66,66,66,66,66,66,66],"relic_stats":{"Tough Bandages":[21],"Shovel":0,"Gremlin Horn":[5,5],"counters":[16,71],"Golden Idol":48,"Astrolabe":["Backstab","Distraction","After Image"],"Pantograph":0,"Tiny Chest":1,"Nloth\u0027s Gift":2,"Cursed Key":2,"obtain_stats":[{"Tough Bandages":26,"Shovel":27,"Gremlin Horn":12,"Golden Idol":13,"Astrolabe":0,"Pantograph":25,"Tiny Chest":9,"Omamori":6,"Nloth\u0027s Gift":24,"Cursed Key":17,"White Beast Statue":20,"Ring of the Snake":0},{"Tough Bandages":13,"Shovel":14,"Gremlin Horn":8,"Golden Idol":8,"Astrolabe":0,"Pantograph":13,"Tiny Chest":5,"Omamori":4,"Nloth\u0027s Gift":12,"Cursed Key":10,"White Beast Statue":11,"Ring of the Snake":0},{"Tough Bandages":60,"Shovel":62,"Gremlin Horn":29,"Golden Idol":29,"Astrolabe":0,"Pantograph":60,"Tiny Chest":19,"Omamori":15,"Nloth\u0027s Gift":54,"Cursed Key":46,"White Beast Statue":51,"Ring of the Snake":0}]},"card_choices":[{"not_picked":["Masterful Stab","Slice"],"picked":"Dagger Spray","floor":1.0},{"not_picked":["Slice","Prepared"],"picked":"Deadly Poison","floor":2.0},{"not_picked":["PiercingWail","Deflect"],"picked":"Glass Knife","floor":3.0},{"not_picked":["Slice","Poisoned Stab"],"picked":"Dash","floor":6.0},{"not_picked":["Acrobatics","Dagger Throw","Finisher"],"picked":"SKIP","floor":7.0},{"not_picked":["Eviscerate","Prepared","Outmaneuver"],"picked":"SKIP","floor":10.0},{"not_picked":["Prepared","Infinite Blades"],"picked":"Calculated Gamble","floor":11.0},{"not_picked":["Leg Sweep","Poisoned Stab"],"picked":"Corpse Explosion","floor":12.0},{"not_picked":["Dagger Throw","Dagger Spray","Deadly Poison"],"picked":"SKIP","floor":14.0},{"not_picked":["A Thousand Cuts","Night Terror"],"picked":"Adrenaline","floor":16},{"not_picked":["Flying Knee","Endless Agony"],"picked":"Escape Plan","floor":18},{"not_picked":["Outmaneuver","Flying Knee"],"picked":"Blade Dance","floor":22},{"not_picked":["Dagger Spray","Deadly Poison","A Thousand Cuts"],"picked":"SKIP","floor":25},{"not_picked":["Unload","Dagger Spray"],"picked":"Terror","floor":27},{"not_picked":["Dagger Throw","Well Laid Plans","Quick Slash"],"picked":"SKIP","floor":28}],"player_experience":548356,"relics_obtained":[{"floor":6.0,"key":"Omamori"},{"floor":9.0,"key":"Tiny Chest"},{"floor":12.0,"key":"Gremlin Horn"},{"floor":20,"key":"White Beast Statue"},{"floor":25,"key":"Pantograph"},{"floor":26,"key":"Tough Bandages"},{"floor":27,"key":"Shovel"}],"event_choices":[{"damage_healed":0.0,"max_hp_gain":0.0,"max_hp_loss":0.0,"gold_gain":0.0,"event_name":"Living Wall","player_choice":"Grow","floor":4.0,"gold_loss":0.0,"damage_taken":0.0,"cards_upgraded":["Glass Knife"]},{"damage_healed":0.0,"max_hp_gain":0.0,"max_hp_loss":0.0,"gold_gain":0.0,"event_name":"Lab","player_choice":"Got Potions","floor":5.0,"gold_loss":0.0,"damage_taken":0.0},{"damage_healed":0.0,"max_hp_gain":0.0,"max_hp_loss":0.0,"gold_gain":0.0,"event_name":"Golden Idol","player_choice":"Take Wound","floor":13.0,"gold_loss":0.0,"damage_taken":0.0,"relics_obtained":["Golden Idol"],"cards_obtained":["Injury"]},{"damage_healed":0,"gold_gain":0,"player_choice":"Ignored","damage_taken":0,"max_hp_gain":0,"max_hp_loss":0,"event_name":"Vampires","floor":19,"gold_loss":0},{"damage_healed":0,"gold_gain":0,"player_choice":"Traded Relic","damage_taken":0,"relics_obtained":["Nloth\u0027s Gift"],"max_hp_gain":0,"max_hp_loss":0,"event_name":"N\u0027loth","floor":24,"relics_lost":["White Beast Statue"],"gold_loss":0}],"is_beta":false,"boss_relics":[{"not_picked":["Empty Cage","Busted Crown"],"picked":"Cursed Key"}],"items_purged_floors":[21],"is_endless":false,"potions_floor_spawned":[1,3,6,11,14,22,25,28],"killed_by":"Snake Plant","ascension_level":20}}