{"host":"eft627g0ddukeijo","time":1613149261,"event":{"mods":["AchievementEnabler","BaseMod","Bestiary","Better Note","Block Reminder","Colored Powertips","Filter the Spire","Highlight Path","Minty Spire (QoL Compilation)","Permanent Neow","Quick Restart","Rare Cards Sparkle","Relic Stats","Slay-I","StSLib","Weighted Paths"],"gold_per_floor":[113,125,200,211,211,211,224,251,251,280,291,319,336,336,336,431,431,444,80,80,95,24,24,51,51,75,86,100,100,110,129,129,224,224,236,190,150,166,166,166,19,19,43,58,105,138,150,161,161,161,161,161,32,61,61,61],"floor_reached":55,"language":"ENG","playtime":2267,"items_purged":["Strike_R"],"score":1071,"play_id":"7570c8b4-5f71-4257-a977-6495f433f5b6","local_time":"20210213020101","is_ascension_mode":true,"campfire_choices":[{"floor":6.0,"key":"REST"},{"floor":15.0,"key":"REST"},{"floor":23.0,"key":"REST"},{"floor":29.0,"key":"REST"},{"floor":32.0,"key":"REST"},{"floor":40.0,"key":"REST"},{"data":"Limit Break","floor":42.0,"key":"SMITH"},{"floor":49.0,"key":"RECALL"},{"data":"Limit Break","floor":52.0,"key":"SMITH"}],"circlet_count":0,"master_deck":["Strike_R","Strike_R","Strike_R","Strike_R","Defend_R","Defend_R","Defend_R","Defend_R","Bash","Feed","Body Slam","Flame Barrier","Sword Boomerang","Demon Form","Metallicize","Heavy Blade","Cleave","Bludgeon","Limit Break+1","Rage+1","Shrug It Off","Limit Break+1","Havoc+1","Shrug It Off","True Grit+1","Reaper","Whirlwind","Seeing Red+1","Havoc","Battle Trance+1"],"relics":["Black Blood","Bird Faced Urn","Odd Mushroom","Tiny Chest","Art of War","Philosopher\u0027s Stone","Dead Branch","Torii","Oddly Smooth Stone","Akabeko","Brimstone","Omamori","Bag of Preparation","Thread and Needle","Pen Nib"],"acts_visited":["Exordium","TheCity","TheBeyond","TheEnding"],"potions_floor_usage":[55],"damage_taken":[{"damage":24.0,"enemies":"Small Slimes","floor":1.0,"turns":6.0},{"damage":14.0,"enemies":"Jaw Worm","floor":2.0,"turns":3.0},{"damage":6.0,"enemies":"2 Louse","floor":4.0,"turns":2.0},{"damage":15.0,"enemies":"2 Fungi Beasts","floor":7.0,"turns":6.0},{"damage":4.0,"enemies":"The Mushroom Lair","floor":8.0,"turns":5.0},{"damage":50.0,"enemies":"3 Sentries","floor":10.0,"turns":8.0},{"damage":6.0,"enemies":"Looter","floor":11.0,"turns":4.0},{"damage":23.0,"enemies":"Gremlin Nob","floor":12.0,"turns":5.0},{"damage":33.0,"enemies":"Gremlin Gang","floor":13.0,"turns":4.0},{"damage":21.0,"enemies":"Slime Boss","floor":16.0,"turns":8.0},{"damage":26.0,"enemies":"Spheric Guardian","floor":18.0,"turns":4.0},{"damage":16.0,"enemies":"Chosen","floor":21.0,"turns":4.0},{"damage":72.0,"enemies":"Slavers","floor":24.0,"turns":6.0},{"damage":23.0,"enemies":"Sentry and Sphere","floor":27.0,"turns":4.0},{"damage":14.0,"enemies":"Cultist and Chosen","floor":28.0,"turns":5.0},{"damage":16.0,"enemies":"Centurion and Healer","floor":30.0,"turns":7.0},{"damage":47.0,"enemies":"Snake Plant","floor":31.0,"turns":5.0},{"damage":55.0,"enemies":"Collector","floor":33.0,"turns":8.0},{"damage":57.0,"enemies":"3 Darklings","floor":35.0,"turns":4.0},{"damage":11.0,"enemies":"3 Shapes","floor":38.0,"turns":4.0},{"damage":6.0,"enemies":"3 Darklings","floor":44.0,"turns":3.0},{"damage":51.0,"enemies":"Reptomancer","floor":46.0,"turns":5.0},{"damage":21.0,"enemies":"Jaw Worm Horde","floor":47.0,"turns":4.0},{"damage":0.0,"enemies":"Maw","floor":48.0,"turns":4.0},{"damage":151.0,"enemies":"Awakened One","floor":50.0,"turns":8.0},{"damage":63.0,"enemies":"Shield and Spear","floor":54.0,"turns":5.0},{"damage":98,"enemies":"The Heart","floor":55,"turns":6}],"seed_played":"5066696508169400385","potions_obtained":[{"floor":2.0,"key":"HeartOfIron"},{"floor":4.0,"key":"BlessingOfTheForge"},{"floor":7.0,"key":"BloodPotion"},{"floor":10.0,"key":"Ancient Potion"},{"floor":13.0,"key":"Dexterity Potion"},{"floor":18.0,"key":"LiquidBronze"},{"floor":27.0,"key":"DistilledChaos"},{"floor":31.0,"key":"BlessingOfTheForge"},{"floor":33.0,"key":"SteroidPotion"},{"floor":37.0,"key":"Ancient Potion"},{"floor":37.0,"key":"Fire Potion"},{"floor":37.0,"key":"Swift Potion"},{"floor":38.0,"key":"BlessingOfTheForge"},{"floor":47.0,"key":"Ancient Potion"}],"is_trial":false,"path_per_floor":["M","M","?","M","T","R","M","?","T","E","M","E","M","?","R","B",null,"M","$","?","M","$","R","E","T","T","M","M","R","M","M","R","B",null,"M","$","?","M","?","R","$","R","T","M","T","E","M","M","R","B",null,"R","$","E","B"],"character_chosen":"IRONCLAD","items_purchased":["Dead Branch","Limit Break","Shrug It Off","Brimstone","Weak Potion","AttackPotion","Havoc"],"campfire_rested":6,"item_purchase_floors":[19,22,36,41,53,53,53],"current_hp_per_floor":[57,52,41,44,44,70,64,69,69,46,49,36,12,12,42,34,87,67,67,67,62,62,94,37,37,37,27,26,60,57,20,55,10,92,54,54,54,60,60,97,97,97,97,105,105,70,85,125,125,22,99,99,99,78,0,0],"gold":61,"neow_bonus":"ONE_RANDOM_RARE_CARD","is_daily":false,"chose_seed":false,"campfire_upgraded":2,"win_rate":0.0,"timestamp":1613149261,"path_taken":["M","M","?","M","?","R","M","?","T","E","M","E","M","?","R","BOSS","M","$","?","M","?","R","E","?","T","M","M","R","M","M","R","BOSS","M","$","?","?","?","R","$","R","T","M","?","E","M","M","R","BOSS","R","$","E","BOSS"],"items_purchased_type":["Relic","Card","Card","Relic","Potion","Potion","Card"],"build_version":"2020-12-22","purchased_purges":1,"victory":false,"max_hp_per_floor":[83,86,86,89,89,89,92,95,95,95,98,98,101,101,101,104,104,104,104,104,107,107,107,110,110,110,113,116,116,119,119,119,119,119,122,122,122,125,125,125,125,125,125,125,125,125,125,125,125,125,125,125,125,128,128,128],"relic_stats":{"Torii":70,"counters":[27,137],"Bird Faced Urn":[62],"Dead Branch":[48],"Black Blood":192,"Tiny Chest":2,"Pen Nib":[0],"Art of War":[10],"Bag of Preparation":[12],"obtain_stats":[{"Torii":24,"Dead Branch":19,"Oddly Smooth Stone":25,"Black Blood":34,"Thread and Needle":46,"Pen Nib":54,"Omamori":43,"Bag of Preparation":45,"Odd Mushroom":8,"Burning Blood":0,"Akabeko":26,"Brimstone":41,"Bird Faced Urn":5,"Tiny Chest":10,"Philosopher\u0027s Stone":17,"Art of War":12},{"Torii":13,"Dead Branch":11,"Oddly Smooth Stone":13,"Black Blood":18,"Thread and Needle":22,"Pen Nib":26,"Omamori":20,"Bag of Preparation":21,"Odd Mushroom":5,"Burning Blood":0,"Akabeko":13,"Brimstone":20,"Bird Faced Urn":3,"Tiny Chest":6,"Philosopher\u0027s Stone":10,"Art of War":8},{"Torii":65,"Dead Branch":55,"Oddly Smooth Stone":65,"Black Blood":94,"Thread and Needle":110,"Pen Nib":131,"Omamori":102,"Bag of Preparation":105,"Odd Mushroom":22,"Burning Blood":0,"Akabeko":65,"Brimstone":102,"Bird Faced Urn":11,"Tiny Chest":30,"Philosopher\u0027s Stone":51,"Art of War":39}]},"card_choices":[{"not_picked":["Iron Wave","Clash"],"picked":"Body Slam","floor":1.0},{"not_picked":["Flex","Clothesline"],"picked":"Flame Barrier","floor":2.0},{"not_picked":["Entrench","Armaments","Rampage"],"picked":"SKIP","floor":4.0},{"not_picked":["Armaments","Rupture"],"picked":"Sword Boomerang","floor":7.0},{"not_picked":["Inflame","True Grit"],"picked":"Demon Form","floor":8.0},{"not_picked":["Flame Barrier","Rampage"],"picked":"Metallicize","floor":10.0},{"not_picked":["Cleave","Rampage"],"picked":"Heavy Blade","floor":11.0},{"not_picked":["Sword Boomerang","Berserk"],"picked":"Cleave","floor":12.0},{"not_picked":["Burning Pact","Entrench","Flex"],"picked":"SKIP","floor":13.0},{"not_picked":["Feed","Brutality"],"picked":"Bludgeon","floor":16.0},{"not_picked":["Havoc","Body Slam","Heavy Blade"],"picked":"SKIP","floor":18.0},{"not_picked":["Dual Wield+1","Fire Breathing","Seeing Red"],"picked":"SKIP","floor":21.0},{"not_picked":["Flex+1","Perfected Strike+1"],"picked":"Rage+1","floor":24.0},{"not_picked":["Infernal Blade","Iron Wave","Anger"],"picked":"SKIP","floor":27.0},{"not_picked":["Double Tap","Headbutt"],"picked":"Shrug It Off","floor":28.0},{"not_picked":["Sword Boomerang","Pommel Strike","Clothesline"],"picked":"SKIP","floor":30.0},{"not_picked":["Thunderclap","Armaments","Headbutt"],"picked":"SKIP","floor":31.0},{"not_picked":["Berserk","Impervious"],"picked":"Limit Break","floor":33.0},{"not_picked":["Seeing Red","Ghostly Armor+1"],"picked":"Havoc+1","floor":35.0},{"not_picked":["Burning Pact","Shrug It Off+1"],"picked":"True Grit+1","floor":38.0},{"not_picked":["Rupture+1","Searing Blow","Seeing Red"],"picked":"SKIP","floor":44.0},{"not_picked":["Iron Wave+1","True Grit+1"],"picked":"Reaper","floor":46.0},{"not_picked":["Wild Strike","Evolve"],"picked":"Whirlwind","floor":47.0},{"not_picked":["Clash+1","Sword Boomerang+1"],"picked":"Seeing Red+1","floor":48.0},{"not_picked":["Anger+1","Entrench"],"picked":"Battle Trance+1","floor":54.0}],"player_experience":574385,"relics_obtained":[{"floor":5.0,"key":"Bird Faced Urn"},{"floor":8.0,"key":"Odd Mushroom"},{"floor":10.0,"key":"Tiny Chest"},{"floor":12.0,"key":"Art of War"},{"floor":24.0,"key":"Torii"},{"floor":25.0,"key":"Oddly Smooth Stone"},{"floor":26.0,"key":"Akabeko"},{"floor":43.0,"key":"Omamori"},{"floor":45.0,"key":"Bag of Preparation"},{"floor":46.0,"key":"Thread and Needle"},{"floor":54.0,"key":"Pen Nib"}],"event_choices":[{"damage_healed":0.0,"max_hp_gain":0.0,"max_hp_loss":0.0,"gold_gain":75.0,"event_name":"World of Goop","player_choice":"Gather Gold","floor":3.0,"gold_loss":0.0,"damage_taken":11.0},{"damage_healed":0.0,"max_hp_gain":0.0,"max_hp_loss":0.0,"gold_gain":0.0,"event_name":"Mushrooms","player_choice":"Fought Mushrooms","floor":8.0,"gold_loss":0.0,"damage_taken":0.0},{"damage_healed":0.0,"max_hp_gain":0.0,"max_hp_loss":0.0,"gold_gain":0.0,"event_name":"Liars Game","player_choice":"Ignored","floor":14.0,"gold_loss":0.0,"damage_taken":0.0},{"cards_removed":["Strike_R"],"damage_healed":0.0,"max_hp_gain":0.0,"max_hp_loss":0.0,"gold_gain":0.0,"event_name":"betterNote:BetterNote","player_choice":"Give","floor":20.0,"gold_loss":0.0,"damage_taken":0.0,"cards_obtained":["Strike_R"]},{"damage_healed":0.0,"max_hp_gain":0.0,"max_hp_loss":0.0,"gold_gain":0.0,"event_name":"The Woman in Blue","player_choice":"Bought 3 Potions","floor":37.0,"gold_loss":0.0,"damage_taken":0.0},{"damage_healed":0.0,"max_hp_gain":0.0,"max_hp_loss":0.0,"gold_gain":0.0,"event_name":"Tomb of Lord Red Mask","player_choice":"Ignored","floor":39.0,"gold_loss":0.0,"damage_taken":0.0}],"is_beta":false,"boss_relics":[{"not_picked":["Astrolabe","Runic Cube"],"picked":"Philosopher\u0027s Stone"},{"not_picked":["SlaversCollar","Empty Cage"],"picked":"Black Blood"}],"items_purged_floors":[19],"is_endless":false,"potions_floor_spawned":[2,4,7,10,13,18,27,31,33,38,47],"killed_by":"The Heart","ascension_level":9}}