{"host":"m4ma59c07ng6aza7","time":1613102869,"event":{"mods":["2.2 Compatiblity","AchievementEnabler","Act Like it!","AlwaysNeverKeys","Aspiration","BaseMod","Better Altar","Better Note","Better Sensory Stone","Better Skull","Better Third Choice","BetterRewards","Block Reminder","Colored Map","Colored Powertips","Conspire","Curses Come First","Dark Map","DeckTracker","Defuse TimeMaze Blight","Energized Spire","GifTheSpireLib","Halation","Highlight Path","Hubris","Infinite Spire","Minty Spire (QoL Compilation)","Permanent Neow","Quick Restart","Rare Cards Sparkle","RatMod","Relic Filter","Relic Sorter","Relic Stats","Replay The Spire","Reworked Bosses","Shop Mod","Spikes Relics","StSLib","Stuff the Spire","SuperFastMode","The Alterego","The Blue Laboratory","The Sage","Uncapped","Unceasing Turn Reminder","UnlockEverythingMod","Waifu the Spire","egg"],"gold_per_floor":[114,189,207,57,72,104,104,104,104],"floor_reached":8,"language":"ENG","playtime":605,"items_purged":[],"score":56,"play_id":"afc91f5d-647c-4599-bd38-5af12c76c975","local_time":"20210211200749","is_ascension_mode":false,"campfire_choices":[{"floor":7,"key":"REST"}],"circlet_count":0,"master_deck":["Strike_R","Strike_R","Strike_R","Strike_R","Strike_R","Defend_R","Defend_R","Defend_R","Defend_R","Bash","Warcry","Armaments","Flame Barrier","Metallicize","Sentinel","True Grit"],"relics":["Burning Blood","Replay:Rubber Ducky","Pear"],"acts_visited":["Exordium"],"potions_floor_usage":[6],"damage_taken":[{"damage":2,"enemies":"Small Slimes","floor":1,"turns":4},{"damage":6,"enemies":"2 Louse","floor":3,"turns":4},{"damage":1,"enemies":"Cultist","floor":5,"turns":5},{"damage":70,"enemies":"Lagavulin","floor":6,"turns":19},{"damage":49,"enemies":"Gremlin Nob","floor":8,"turns":6}],"seed_played":"-8605884884502098458","potions_obtained":[{"floor":1,"key":"blueLaboratory:ConflagurationPotion"},{"floor":6,"key":"blueLaboratory:IronCompound"}],"is_trial":false,"path_per_floor":["M","?","M","$","M","E","R","E"],"character_chosen":"IRONCLAD","items_purchased":["Flame Barrier","Metallicize"],"campfire_rested":1,"item_purchase_floors":[4,4],"current_hp_per_floor":[80,69,69,69,74,20,47,0,0],"gold":104,"neow_bonus":"RANDOM_COMMON_RELIC","is_daily":false,"chose_seed":false,"campfire_upgraded":0,"win_rate":0.0,"timestamp":1613102869,"path_taken":["M","?","M","$","M","E","R","E"],"items_purchased_type":["Card","Card"],"build_version":"2020-12-22","purchased_purges":0,"victory":false,"max_hp_per_floor":[80,80,80,80,80,90,90,90,90],"relic_stats":{"counters":[5,38],"obtain_stats":[{"Pear":6,"Burning Blood":0,"Replay:Rubber Ducky":0},{"Pear":4,"Burning Blood":0,"Replay:Rubber Ducky":0},{"Pear":32,"Burning Blood":0,"Replay:Rubber Ducky":0}],"Burning Blood":20},"card_choices":[{"not_picked":["StuffTheSpire:BloodClot","Headbutt"],"picked":"Warcry","floor":1},{"not_picked":["ReplayTheSpireMod:Strike From Hell","Infernal Blade"],"picked":"Armaments","floor":3},{"not_picked":["Twin Strike","Cleave"],"picked":"Sentinel","floor":5},{"not_picked":["BarbarianYell","Wild Strike"],"picked":"True Grit","floor":6}],"player_experience":44579,"relics_obtained":[{"floor":6,"key":"Pear"}],"event_choices":[{"damage_healed":0,"gold_gain":75,"player_choice":"Gold","damage_taken":11,"max_hp_gain":0,"max_hp_loss":0,"event_name":"betterThird:BetterGoop","floor":2,"gold_loss":0}],"is_beta":false,"boss_relics":[],"items_purged_floors":[],"is_endless":false,"potions_floor_spawned":[1,6],"killed_by":"Gremlin Nob","ascension_level":0}}