{"host":"c4psiqwczhd30bq5","time":1613150810,"event":{"mods":["Act Like it!","Aspiration","BaseMod","BetterRewards","Conspire","Downfall","Hallownest","Hubris","Minty Spire (QoL Compilation)","StSLib"],"gold_per_floor":[115,115,115,215,231,264,19,19,19,53,67,83,2,2,2],"floor_reached":14,"language":"ENG","playtime":633,"items_purged":["Decay"],"score":102,"play_id":"dc94099c-9eb2-4cd6-aaf5-fa4c629acd57","local_time":"20210212182650","is_ascension_mode":true,"campfire_choices":[],"circlet_count":0,"master_deck":["Strike_G","Strike_G","Strike_G","Strike_G","Strike_G","Defend_G","Defend_G","Defend_G","Defend_G","Defend_G","Survivor","Neutralize","Dramatic Entrance+1","Quick Slash","Writhe","conspire:NecroticWound","Adrenaline","conspire:Blindness","Dagger Throw","Concentrate","Panache","hubris:Lust","hubris:Compulsion","Accuracy","Sucker Punch","Noxious Fumes","Dramatic Entrance"],"relics":["Ring of the Snake","downfall:ExtraCursedKey","Juzu Bracelet","aspiration:ChemicalBlood"],"acts_visited":["Hallownest:Greenpath"],"potions_floor_usage":[14],"damage_taken":[{"damage":0,"enemies":"Hallownest:2_Tiktiks_and_1_Crawlid","floor":1,"turns":2},{"damage":6,"enemies":"Hallownest:2_MossCreeps","floor":5,"turns":7},{"damage":28,"enemies":"Hallownest:eliteCrystalGuardian","floor":6,"turns":9},{"damage":20,"enemies":"Hallownest:eliteVengeflyKing","floor":10,"turns":11},{"damage":10,"enemies":"Hallownest:2_Baldur","floor":11,"turns":2},{"damage":5,"enemies":"Hallownest:monsterAspidMother","floor":12,"turns":9},{"damage":16,"enemies":"Hallownest:eliteMossKnight","floor":14,"turns":2}],"seed_played":"-7096318411134806832","potions_obtained":[{"floor":6,"key":"Energy Potion"},{"floor":10,"key":"champ:CounterPotion"}],"is_trial":false,"path_per_floor":["M","?","?","?","M","E","$","?","T","E","M","M","$","E"],"character_chosen":"THE_SILENT","items_purchased":["Panache","Dramatic Entrance"],"campfire_rested":0,"item_purchase_floors":[7,13],"current_hp_per_floor":[70,78,78,83,77,49,49,49,49,29,19,14,14,0,0],"gold":2,"neow_bonus":"RANDOM_COLORLESS","is_daily":false,"chose_seed":false,"campfire_upgraded":0,"win_rate":0.0,"timestamp":1613150810,"path_taken":["M","?","?","?","M","E","$","?","T","E","M","M","?","E"],"items_purchased_type":["Card","Card"],"build_version":"2020-12-22","purchased_purges":1,"victory":false,"max_hp_per_floor":[70,78,78,83,83,83,83,83,83,83,83,83,83,83,83],"card_choices":[{"not_picked":["Bandage Up","PanicButton"],"picked":"Dramatic Entrance","floor":0},{"not_picked":["Crippling Poison","Acrobatics"],"picked":"Quick Slash","floor":1},{"not_picked":["Outmaneuver","PiercingWail"],"picked":"Dagger Throw","floor":5},{"not_picked":["PiercingWail","Bane"],"picked":"Concentrate","floor":6},{"not_picked":["Caltrops","Crippling Poison"],"picked":"Accuracy","floor":10},{"not_picked":["Well Laid Plans","hubris:SlightOfHand"],"picked":"Sucker Punch","floor":11},{"not_picked":["Riddle With Holes","Underhanded Strike"],"picked":"Noxious Fumes","floor":12}],"player_experience":289699,"relics_obtained":[{"floor":9,"key":"Juzu Bracelet"},{"floor":10,"key":"aspiration:ChemicalBlood"}],"event_choices":[],"is_beta":false,"boss_relics":[],"items_purged_floors":[7],"is_endless":false,"potions_floor_spawned":[6,10],"killed_by":"Hallownest:eliteMossKnight","ascension_level":1}}