{"host":"fxrgx7wt2cpkbhka","time":1613129315,"event":{"mods":["AchievementEnabler","BaseMod","Colored Powertips","Dark Map","Minty Spire (QoL Compilation)","Permanent Neow","Quick Restart","Slay-I","StSLib","Waifu the Spire"],"gold_per_floor":[112,129,143,143,24,24,42,57,57,57,87,52,64,90,90,161,161,179,179,190,190,190],"floor_reached":21,"language":"ENG","playtime":591,"items_purged":[],"score":325,"play_id":"15514d60-26b4-48ba-8178-b65a2f2d1a5f","local_time":"20210212032835","is_ascension_mode":true,"campfire_choices":[{"data":"Capacitor","floor":6,"key":"SMITH"},{"data":"Dualcast","floor":10,"key":"SMITH"},{"data":"Defragment","floor":15,"key":"SMITH"}],"circlet_count":0,"master_deck":["AscendersBane","Strike_B","Strike_B","Strike_B","Strike_B","Defend_B","Defend_B","Defend_B","Defend_B","Zap","Dualcast+1","Electrodynamics+1","Leap","Capacitor+1","Leap","Ball Lightning","Barrage","Cold Snap","Defragment+1","Electrodynamics","Go for the Eyes+1"],"relics":["Cracked Core","Question Card","Blood Vial","Singing Bowl","Busted Crown"],"acts_visited":["Exordium","TheCity"],"potions_floor_usage":[16,21],"damage_taken":[{"damage":0,"enemies":"Cultist","floor":1,"turns":4},{"damage":0,"enemies":"2 Louse","floor":2,"turns":2},{"damage":3,"enemies":"Jaw Worm","floor":3,"turns":2},{"damage":3,"enemies":"Looter","floor":7,"turns":4},{"damage":14,"enemies":"Red Slaver","floor":8,"turns":4},{"damage":20,"enemies":"Lagavulin","floor":11,"turns":8},{"damage":7,"enemies":"Blue Slaver","floor":13,"turns":3},{"damage":21,"enemies":"3 Sentries","floor":14,"turns":5},{"damage":3,"enemies":"Hexaghost","floor":16,"turns":9},{"damage":23,"enemies":"2 Thieves","floor":18,"turns":3},{"damage":2,"enemies":"Chosen","floor":20,"turns":5},{"damage":41,"enemies":"Snake Plant","floor":21,"turns":4}],"seed_played":"-438884419352985406","potions_obtained":[{"floor":1,"key":"LiquidMemories"},{"floor":2,"key":"FearPotion"},{"floor":16,"key":"FearPotion"}],"is_trial":false,"path_per_floor":["M","M","M","?","$","R","M","M","T","R","E","?","M","E","R","B",null,"M","?","M","M"],"character_chosen":"DEFECT","items_purchased":["Capacitor","Leap"],"campfire_rested":0,"item_purchase_floors":[5,5],"current_hp_per_floor":[64,64,61,61,61,61,58,44,44,44,24,40,35,16,16,15,52,31,31,33,0,0],"gold":190,"neow_bonus":"THREE_RARE_CARDS","is_daily":false,"chose_seed":false,"campfire_upgraded":3,"win_rate":0.0,"timestamp":1613129315,"path_taken":["M","?","M","?","$","R","M","M","T","R","E","?","M","E","R","BOSS","M","?","M","?"],"items_purchased_type":["Card","Card"],"build_version":"2020-12-22","purchased_purges":0,"victory":false,"max_hp_per_floor":[64,64,64,64,64,64,64,64,64,64,64,64,64,64,64,64,64,64,64,66,66,66],"card_choices":[{"not_picked":["Echo Form","Meteor Strike"],"picked":"Electrodynamics","floor":0},{"not_picked":["Rip and Tear","Streamline"],"picked":"Leap","floor":1},{"not_picked":["Streamline","Turbo","Loop"],"picked":"SKIP","floor":2},{"not_picked":["Hologram","Turbo","Reprogram"],"picked":"SKIP","floor":3},{"not_picked":["Rebound","Steam","Amplify"],"picked":"SKIP","floor":7},{"not_picked":["Cold Snap","Redo"],"picked":"Ball Lightning","floor":8},{"not_picked":["Core Surge","Beam Cell","Rebound"],"picked":"Barrage","floor":11},{"not_picked":["Reinforced Body","Chill","Coolheaded"],"picked":"Cold Snap","floor":13},{"not_picked":["Sweeping Beam","Capacitor","Beam Cell"],"picked":"Defragment","floor":14},{"not_picked":["Echo Form","Fission","Seek"],"picked":"Electrodynamics","floor":16},{"not_picked":["Compile Driver"],"picked":"Go for the Eyes+1","floor":18},{"not_picked":["Undo","Force Field"],"picked":"Singing Bowl","floor":20}],"player_experience":772169,"relics_obtained":[{"floor":9,"key":"Question Card"},{"floor":11,"key":"Blood Vial"},{"floor":14,"key":"Singing Bowl"}],"event_choices":[{"damage_healed":0,"gold_gain":0,"player_choice":"Grow","damage_taken":0,"max_hp_gain":0,"max_hp_loss":0,"event_name":"Living Wall","floor":4,"gold_loss":0,"cards_upgraded":["Electrodynamics"]},{"damage_healed":16,"gold_gain":0,"player_choice":"Healed","damage_taken":0,"max_hp_gain":0,"max_hp_loss":0,"event_name":"The Cleric","floor":12,"gold_loss":35},{"damage_healed":0,"gold_gain":0,"player_choice":"Got Potions","damage_taken":0,"max_hp_gain":0,"max_hp_loss":0,"event_name":"Lab","floor":19,"gold_loss":0}],"is_beta":false,"boss_relics":[{"not_picked":["SacredBark","Velvet Choker"],"picked":"Busted Crown"}],"items_purged_floors":[],"is_endless":false,"potions_floor_spawned":[1,2,13,16],"killed_by":"Snake Plant","ascension_level":14}}