{"host":"no5f9c6q31porkj5","time":1613127931,"event":{"mods":["BaseMod","Marisa£¨Ùöéë¡¡Øª×âÞÞ£©","Minty Spire (QoL Compilation)","StSLib","Td1madao Mod","The Cursed","The Gatherer","The Runesmith"],"gold_per_floor":[219,219,232,251,96,96,108,140,212,212,264,279,279,211,211,308,308,328,68,368,283,194,194,207,221,245,256,256,256,256,274,274,373,373,387,125,135,135,135,135,145,145,170,170,184,197,497,517,517,517,517],"floor_reached":50,"language":"KOR","playtime":2230,"items_purged":["Anger"],"score":467,"play_id":"17e46cb4-b623-44ee-af11-dececc2c3aca","local_time":"20210212200531","is_ascension_mode":false,"campfire_choices":[{"data":"Entrench","floor":6,"key":"SMITH"},{"data":"Anger","floor":10,"key":"SMITH"},{"data":"Defend_R","floor":13,"key":"SMITH"},{"data":"Defend_R","floor":15,"key":"SMITH"},{"data":"Defend_R","floor":23,"key":"SMITH"},{"floor":29,"key":"REST"},{"data":"Juggernaut","floor":32,"key":"SMITH"},{"data":"Rage","floor":40,"key":"SMITH"},{"data":"Rage","floor":42,"key":"SMITH"},{"data":"Good Instincts","floor":44,"key":"SMITH"},{"data":"Iron Wave","floor":49,"key":"SMITH"}],"circlet_count":0,"master_deck":["Strike_R","Strike_R","Strike_R","Strike_R","Strike_R","Defend_R+1","Defend_R+1","Defend_R+1","Defend_R+1","Bash","Rage+1","Iron Wave","Entrench+1","Anger+1","Juggernaut+1","Iron Wave","Rage+1","Flame Barrier","Good Instincts+1","Impervious","Rage+1","Shrug It Off","Iron Wave+1"],"relics":["Burning Blood","Orrery","Ice Cream","Eternal Feather","Bag of Marbles","SlaversCollar","Frozen Egg 2","Old Coin","Oddly Smooth Stone","Happy Flower","Runic Cube","Membership Card","Blood Vial","Bronze Scales"],"acts_visited":["Exordium","TheCity","TheBeyond"],"potions_floor_usage":[24,27,33,33,46,50],"damage_taken":[{"damage":4,"enemies":"Jaw Worm","floor":1,"turns":6},{"damage":1,"enemies":"Cultist","floor":3,"turns":5},{"damage":14,"enemies":"Small Slimes","floor":4,"turns":4},{"damage":13,"enemies":"3 Louse","floor":7,"turns":4},{"damage":16,"enemies":"Lagavulin","floor":8,"turns":7},{"damage":8,"enemies":"Large Slime","floor":12,"turns":5},{"damage":26,"enemies":"Slime Boss","floor":16,"turns":13},{"damage":3,"enemies":"Spheric Guardian","floor":18,"turns":5},{"damage":4,"enemies":"2 Thieves","floor":24,"turns":4},{"damage":27,"enemies":"Centurion and Healer","floor":25,"turns":9},{"damage":27,"enemies":"Cultist and Chosen","floor":27,"turns":7},{"damage":3,"enemies":"Snecko","floor":31,"turns":7},{"damage":49,"enemies":"Champ","floor":33,"turns":13},{"damage":8,"enemies":"3 Shapes","floor":35,"turns":5},{"damage":20,"enemies":"3 Darklings","floor":37,"turns":9},{"damage":3,"enemies":"Maw","floor":41,"turns":9},{"damage":0,"enemies":"4 Shapes","floor":45,"turns":6},{"damage":33,"enemies":"Jaw Worm Horde","floor":46,"turns":6},{"damage":17,"enemies":"Spire Growth","floor":48,"turns":6},{"damage":84,"enemies":"Awakened One","floor":50,"turns":19}],"seed_played":"265342084490100101","potions_obtained":[{"floor":1,"key":"Fire Potion"},{"floor":8,"key":"Dexterity Potion"},{"floor":12,"key":"BloodPotion"},{"floor":25,"key":"AttackPotion"},{"floor":27,"key":"Block Potion"},{"floor":45,"key":"SkillPotion"},{"floor":48,"key":"Ancient Potion"}],"is_trial":false,"path_per_floor":["M","?","M","M","$","R","M","E","T","R","T","M","R","$","R","B",null,"M","$","T","?","$","R","M","M","T","M","?","R","?","M","R","B",null,"M","$","M","?","?","R","M","R","T","R","M","M","?","M","R","B"],"character_chosen":"IRONCLAD","items_purchased":["Orrery","Rage","Frozen Egg 2","Good Instincts","Membership Card","Blood Vial"],"campfire_rested":1,"item_purchase_floors":[5,14,19,22,36,36],"current_hp_per_floor":[80,80,80,72,72,72,65,55,55,64,64,62,71,71,80,60,80,80,80,80,80,80,80,80,59,59,38,23,60,60,63,75,32,85,83,83,71,71,71,83,85,85,85,85,85,58,58,49,61,0,0],"gold":517,"neow_bonus":"HUNDRED_GOLD","is_daily":false,"chose_seed":false,"campfire_upgraded":10,"win_rate":0.0,"timestamp":1613127931,"path_taken":["M","?","M","M","?","R","?","E","T","R","?","M","R","$","R","BOSS","M","$","?","?","?","R","M","?","T","M","?","R","?","M","R","BOSS","M","$","M","?","?","R","M","R","T","R","M","M","?","?","R","BOSS"],"items_purchased_type":["Relic","Card","Relic","Card","Relic","Relic"],"build_version":"2020-12-22","purchased_purges":1,"victory":false,"max_hp_per_floor":[80,80,80,80,80,80,80,80,80,80,80,80,80,80,80,80,80,80,80,80,80,80,80,80,80,80,80,85,85,85,85,85,85,85,85,85,85,85,85,85,85,85,85,85,85,85,85,85,85,85,85],"card_choices":[{"not_picked":["True Grit","Heavy Blade"],"picked":"Rage","floor":1},{"not_picked":["Burning Pact","Cleave","Headbutt"],"picked":"SKIP","floor":3},{"not_picked":["Flame Barrier","Dropkick"],"picked":"Iron Wave","floor":4},{"not_picked":["Power Through","Cleave"],"picked":"Entrench","floor":5},{"not_picked":["Battle Trance","Iron Wave"],"picked":"Anger","floor":5},{"not_picked":["Disarm","True Grit"],"picked":"Juggernaut","floor":5},{"not_picked":["Clash","Warcry","Demon Form"],"picked":"SKIP","floor":7},{"not_picked":["Blood for Blood","Sever Soul","Clothesline"],"picked":"SKIP","floor":8},{"not_picked":["Warcry","Clothesline"],"picked":"Iron Wave","floor":12},{"not_picked":["Heavy Blade","Thunderclap"],"picked":"Flame Barrier","floor":18},{"not_picked":["Sword Boomerang+1","Warcry","Second Wind"],"picked":"SKIP","floor":24},{"not_picked":["Thunderclap","Headbutt","Combust+1"],"picked":"SKIP","floor":25},{"not_picked":["Twin Strike+1","Sword Boomerang+1"],"picked":"Anger","floor":27},{"not_picked":["Flex","Twin Strike","Perfected Strike"],"picked":"SKIP","floor":31},{"not_picked":["Limit Break","Demon Form+1"],"picked":"Impervious","floor":33},{"not_picked":["True Grit","Heavy Blade"],"picked":"Rage+1","floor":35},{"not_picked":["Pommel Strike","Dropkick"],"picked":"Shrug It Off","floor":37},{"not_picked":["Carnage","Thunderclap+1","Reckless Charge+1"],"picked":"SKIP","floor":41},{"not_picked":["Dark Embrace+1","Heavy Blade+1","Armaments"],"picked":"SKIP","floor":45},{"not_picked":["Warcry","True Grit","Perfected Strike"],"picked":"SKIP","floor":46},{"not_picked":["Heavy Blade","Sword Boomerang"],"picked":"Iron Wave","floor":48}],"player_experience":117807,"relics_obtained":[{"floor":8,"key":"Ice Cream"},{"floor":9,"key":"Eternal Feather"},{"floor":11,"key":"Bag of Marbles"},{"floor":20,"key":"Old Coin"},{"floor":26,"key":"Happy Flower"},{"floor":43,"key":"Bronze Scales"}],"event_choices":[{"damage_healed":0,"gold_gain":0,"player_choice":"Upgraded","damage_taken":0,"max_hp_gain":0,"max_hp_loss":0,"event_name":"Upgrade Shrine","floor":2,"gold_loss":0,"cards_upgraded":["Defend_R"]},{"damage_healed":0,"gold_gain":0,"player_choice":"Obtained Relic","damage_taken":0,"relics_obtained":["Oddly Smooth Stone"],"max_hp_gain":0,"max_hp_loss":0,"event_name":"Addict","floor":21,"gold_loss":85},{"damage_healed":0,"gold_gain":0,"player_choice":"Shed Blood","damage_taken":20,"max_hp_gain":5,"max_hp_loss":0,"event_name":"Forgotten Altar","floor":28,"gold_loss":0},{"damage_healed":0,"gold_gain":0,"player_choice":"Ignored","damage_taken":0,"max_hp_gain":0,"max_hp_loss":0,"event_name":"Ghosts","floor":30,"gold_loss":0},{"damage_healed":0,"gold_gain":0,"player_choice":"Ignored","damage_taken":0,"max_hp_gain":0,"max_hp_loss":0,"event_name":"Mysterious Sphere","floor":38,"gold_loss":0},{"damage_healed":0,"gold_gain":0,"player_choice":"Ignored","damage_taken":0,"max_hp_gain":0,"max_hp_loss":0,"event_name":"Tomb of Lord Red Mask","floor":39,"gold_loss":0},{"damage_healed":0,"gold_gain":300,"player_choice":"Gold","damage_taken":0,"max_hp_gain":0,"max_hp_loss":0,"event_name":"Wheel of Change","floor":47,"gold_loss":0}],"is_beta":false,"boss_relics":[{"not_picked":["Velvet Choker","Runic Dome"],"picked":"SlaversCollar"},{"not_picked":["Astrolabe","Cursed Key"],"picked":"Runic Cube"}],"items_purged_floors":[36],"is_endless":false,"potions_floor_spawned":[1,8,12,25,27,45,48],"killed_by":"Awakened One","ascension_level":0}}