{"host":"w14xfy17z3c5mpoi","time":1613098565,"event":{"mods":["AchievementEnabler","BaseMod","Minty Spire (QoL Compilation)","Relic Stats"],"gold_per_floor":[109,109,124,124,0,0,28,28,80,110,122,122,122,30,30,30,30],"floor_reached":16,"language":"ENG","playtime":412,"items_purged":["Strike_G"],"score":163,"play_id":"fe23a742-dca3-4853-8d8d-18cdaeb033c9","local_time":"20210211215605","is_ascension_mode":true,"campfire_choices":[{"data":"Terror","floor":6,"key":"SMITH"},{"data":"Neutralize","floor":12,"key":"SMITH"},{"data":"Footwork","floor":15,"key":"SMITH"}],"circlet_count":0,"master_deck":["Strike_G","Strike_G","Defend_G","Defend_G","Defend_G","Defend_G","Defend_G","Survivor","Neutralize+1","Terror+1","Quick Slash","Backstab","Crippling Poison","Footwork+1","Flying Knee"],"relics":["Ring of the Snake","NeowsBlessing","Akabeko","Vajra","Meat on the Bone"],"acts_visited":["Exordium"],"potions_floor_usage":[16,16],"damage_taken":[{"damage":0,"enemies":"2 Louse","floor":1,"turns":1},{"damage":0,"enemies":"Small Slimes","floor":3,"turns":1},{"damage":0,"enemies":"Gremlin Nob","floor":7,"turns":1},{"damage":4,"enemies":"Jaw Worm","floor":11,"turns":3},{"damage":59,"enemies":"Slime Boss","floor":16,"turns":11}],"seed_played":"-7329122887201384565","potions_obtained":[{"floor":1,"key":"Block Potion"},{"floor":7,"key":"Energy Potion"}],"is_trial":false,"path_per_floor":["M","?","M","?","$","R","E","?","T","?","M","R","T","$","R","B"],"character_chosen":"THE_SILENT","items_purchased":["Explosive Potion","Footwork","Flying Knee"],"campfire_rested":0,"item_purchase_floors":[5,14,14],"current_hp_per_floor":[63,56,56,56,56,56,56,61,61,61,57,57,57,57,57,0,0],"gold":30,"neow_bonus":"THREE_ENEMY_KILL","is_daily":false,"chose_seed":false,"campfire_upgraded":3,"win_rate":0.0,"timestamp":1613098565,"path_taken":["M","?","M","?","$","R","E","?","T","?","M","R","?","$","R","BOSS"],"items_purchased_type":["Potion","Card","Card"],"build_version":"2020-12-22","purchased_purges":1,"victory":false,"max_hp_per_floor":[70,70,70,70,70,70,70,75,75,75,75,75,75,75,75,75,75],"relic_stats":{"counters":[5,17],"obtain_stats":[{"NeowsBlessing":0,"Vajra":9,"Akabeko":7,"Ring of the Snake":0,"Meat on the Bone":13},{"NeowsBlessing":0,"Vajra":3,"Akabeko":3,"Ring of the Snake":0,"Meat on the Bone":4},{"NeowsBlessing":0,"Vajra":3,"Akabeko":3,"Ring of the Snake":0,"Meat on the Bone":6}],"Ring of the Snake":[10],"Meat on the Bone":0},"card_choices":[{"not_picked":["Dodge and Roll","Eviscerate"],"picked":"Terror","floor":1},{"not_picked":["Deflect","PiercingWail"],"picked":"Quick Slash","floor":3},{"not_picked":["Deflect","Dodge and Roll","Acrobatics"],"picked":"SKIP","floor":7},{"not_picked":["Finisher","Underhanded Strike"],"picked":"Crippling Poison","floor":11}],"player_experience":639291,"relics_obtained":[{"floor":7,"key":"Akabeko"},{"floor":9,"key":"Vajra"},{"floor":13,"key":"Meat on the Bone"}],"event_choices":[{"cards_removed":["Strike_G"],"damage_healed":0,"gold_gain":0,"player_choice":"Card Removal","damage_taken":7,"max_hp_gain":0,"max_hp_loss":0,"event_name":"Golden Wing","floor":2,"gold_loss":0},{"damage_healed":0,"gold_gain":0,"cards_transformed":["Strike_G"],"player_choice":"Change","damage_taken":0,"max_hp_gain":0,"max_hp_loss":0,"event_name":"Living Wall","floor":4,"gold_loss":0,"cards_obtained":["Backstab"]},{"damage_healed":0,"gold_gain":0,"player_choice":"Donut","damage_taken":0,"max_hp_gain":5,"max_hp_loss":0,"event_name":"Big Fish","floor":8,"gold_loss":0},{"damage_healed":0,"gold_gain":30,"player_choice":"Searched \u00272\u0027 times","damage_taken":0,"max_hp_gain":0,"max_hp_loss":0,"event_name":"Dead Adventurer","floor":10,"gold_loss":0},{"damage_healed":0,"gold_gain":30,"player_choice":"Searched \u00272\u0027 times","damage_taken":0,"max_hp_gain":0,"max_hp_loss":0,"event_name":"Dead Adventurer","floor":10,"gold_loss":0}],"is_beta":false,"boss_relics":[],"items_purged_floors":[5],"is_endless":false,"potions_floor_spawned":[1,7,11],"killed_by":"Slime Boss","ascension_level":7}}