{"host":"6to8m083wj0ro91z","time":1613145425,"event":{"mods":["BaseMod","Better Third Choice","BetterRewards","CatGirl Mod","ChefMod","Friendly Minions","Hubris","Mad Scientist","Marisa????????","Minty Spire (QoL Compilation)","Robot Space Explorer","Shade Mod","Spicy Shops","StSLib","The Blackbeard","The Death Knight","The Elementalist","The Forsaken","The Gatherer","The Marked","The Mystic","The Necromancer","The Runesmith","The Servant 0.9.4","The Showman","The Vixen","Yohane!"],"gold_per_floor":[132,207,207,226,226,226,226],"floor_reached":6,"language":"ENG","playtime":431,"items_purged":["elementalist:Strike+Elemblue","elementalist:Firestrike"],"score":34,"play_id":"b32306ef-9640-4392-ad85-fe9cdfcd2ac9","local_time":"20210212165705","is_ascension_mode":false,"campfire_choices":[],"circlet_count":0,"master_deck":["elementalist:Defend_Elemblue","elementalist:Defend_Elemblue","elementalist:Defend_Elemblue","elementalist:Defend_Elemblue","elementalist:Defend_Elemblue","elementalist:Earthstrike","elementalist:Airstrike","elementalist:Crystal_Chalk","elementalist:Flame","elementalist:Fission_Lance"],"relics":["elementalistmod:MagusStaff","elementalistmod:RedRibbon","MealTicket","hubris:MysteriousPyramids","ClockworkSouvenir","Toolbox"],"acts_visited":["Exordium"],"potions_floor_usage":[],"damage_taken":[{"damage":0,"enemies":"Jaw Worm","floor":1,"turns":4},{"damage":0,"enemies":"Small Slimes","floor":4,"turns":2},{"damage":4,"enemies":"Lagavulin","floor":6,"turns":4}],"seed_played":"958747272009430698","potions_obtained":[],"is_trial":false,"path_per_floor":["M","?","?","M","?","E"],"character_chosen":"THE_ELEMENTALIST","items_purchased":["elementalist:Flame","MealTicket","hubris:MysteriousPyramids","elementalist:Fission_Lance","ClockworkSouvenir","Toolbox"],"campfire_rested":0,"item_purchase_floors":[0,0,0,0,0,0],"current_hp_per_floor":[38,27,20,20,2,0,0],"gold":226,"neow_bonus":"","is_daily":false,"chose_seed":false,"campfire_upgraded":0,"win_rate":0.0,"timestamp":1613145425,"path_taken":["M","?","?","M","?","E"],"items_purchased_type":["Card","Relic","Relic","Card","Relic","Relic"],"build_version":"2020-12-22","purchased_purges":2,"victory":false,"max_hp_per_floor":[70,70,70,70,70,70,70],"card_choices":[{"not_picked":["elementalist:Mage_Hand","elementalist:Overheat","elementalist:Confluence"],"picked":"SKIP","floor":1},{"not_picked":["elementalist:Monument","elementalist:Ignition","elementalist:Overheat"],"picked":"SKIP","floor":4}],"player_experience":1142520,"relics_obtained":[],"event_choices":[{"damage_healed":0,"gold_gain":75,"player_choice":"Gold","damage_taken":11,"max_hp_gain":0,"max_hp_loss":0,"event_name":"betterThird:BetterGoop","floor":2,"gold_loss":0},{"cards_removed":["elementalist:Waterstrike"],"damage_healed":0,"gold_gain":0,"player_choice":"Card Removal","damage_taken":7,"max_hp_gain":0,"max_hp_loss":0,"event_name":"Golden Wing","floor":3,"gold_loss":0},{"damage_healed":0,"gold_gain":0,"player_choice":"LEAVE","damage_taken":18,"max_hp_gain":0,"max_hp_loss":0,"event_name":"betterThird:BetterScrap","floor":5,"gold_loss":0,"cards_obtained":["Battle Trance"]}],"is_beta":false,"boss_relics":[],"items_purged_floors":[0,0],"is_endless":false,"potions_floor_spawned":[],"killed_by":"Lagavulin","ascension_level":0}}