{"host":"q4axc00jr2bozlh9","time":1613136064,"event":{"mods":["AchievementEnabler","BaseMod","Bestiary","Colored Map","Colored Powertips","Curses Come First","Minty Spire (QoL Compilation)","Relic Stats","StSLib","SuperFastMode","UnlockEverythingMod"],"gold_per_floor":[113,113,27,27,27,27,71,96,120,45,320,320,345,345,345,345,345],"floor_reached":16,"language":"ENG","playtime":430,"items_purged":["Regret"],"score":121,"play_id":"9ed96fc9-6da3-4aa4-bbed-e4590b1717b7","local_time":"20210212142104","is_ascension_mode":false,"campfire_choices":[{"data":"Cleave","floor":6,"key":"SMITH"},{"data":"True Grit","floor":12,"key":"SMITH"},{"data":"Bash","floor":15,"key":"SMITH"}],"circlet_count":0,"master_deck":["Strike_R","Strike_R+1","Strike_R","Strike_R+1","Defend_R","Defend_R","Defend_R","Defend_R","Bash+1","Cleave+1","Dramatic Entrance","True Grit+1","Regret"],"relics":["Burning Blood","Anchor","Golden Idol","Pear","Whetstone","Ginger"],"acts_visited":["Exordium"],"potions_floor_usage":[7,16],"damage_taken":[{"damage":2,"enemies":"2 Louse","floor":1,"turns":3},{"damage":26,"enemies":"3 Sentries","floor":7,"turns":6},{"damage":0,"enemies":"Small Slimes","floor":8,"turns":2},{"damage":0,"enemies":"Cultist","floor":13,"turns":3},{"damage":85,"enemies":"Slime Boss","floor":16,"turns":11}],"seed_played":"-6082026225252439753","potions_obtained":[{"floor":7,"key":"BloodPotion"},{"floor":8,"key":"DuplicationPotion"}],"is_trial":false,"path_per_floor":["M","?","$","?","?","R","E","M","T","$","?","R","M","T","R","B"],"character_chosen":"IRONCLAD","items_purchased":["Dramatic Entrance"],"campfire_rested":0,"item_purchase_floors":[3],"current_hp_per_floor":[88,81,81,81,59,59,68,74,74,74,74,74,80,80,80,0,0],"gold":345,"neow_bonus":"TEN_PERCENT_HP_BONUS","is_daily":false,"chose_seed":false,"campfire_upgraded":3,"win_rate":0.0,"timestamp":1613136064,"path_taken":["M","?","$","?","?","R","E","M","T","$","?","R","?","?","R","BOSS"],"items_purchased_type":["Card"],"build_version":"2020-12-22","purchased_purges":1,"victory":false,"max_hp_per_floor":[88,88,88,88,88,88,98,98,98,98,98,98,98,98,98,98,98],"relic_stats":{"counters":[5,25],"Golden Idol":19,"Whetstone":["Strike_R","Strike_R"],"Ginger":[4],"obtain_stats":[{"Anchor":4,"Pear":7,"Golden Idol":5,"Whetstone":9,"Ginger":14,"Burning Blood":0},{"Anchor":1,"Pear":2,"Golden Idol":1,"Whetstone":3,"Ginger":4,"Burning Blood":0},{"Anchor":3,"Pear":9,"Golden Idol":3,"Whetstone":11,"Ginger":14,"Burning Blood":0}],"Burning Blood":20},"card_choices":[{"not_picked":["Body Slam","Hemokinesis"],"picked":"Cleave","floor":1},{"not_picked":["Fire Breathing","Searing Blow"],"picked":"True Grit","floor":7},{"not_picked":["Carnage","Twin Strike","Clothesline"],"picked":"SKIP","floor":8},{"not_picked":["Perfected Strike","Thunderclap","Entrench"],"picked":"SKIP","floor":13}],"player_experience":246069,"relics_obtained":[{"floor":7,"key":"Pear"},{"floor":9,"key":"Whetstone"},{"floor":14,"key":"Ginger"}],"event_choices":[{"cards_removed":["Strike_R"],"damage_healed":0,"gold_gain":0,"player_choice":"Card Removal","damage_taken":7,"max_hp_gain":0,"max_hp_loss":0,"event_name":"Golden Wing","floor":2,"gold_loss":0},{"damage_healed":0,"gold_gain":0,"player_choice":"Box","damage_taken":0,"relics_obtained":["Anchor"],"max_hp_gain":0,"max_hp_loss":0,"event_name":"Big Fish","floor":4,"gold_loss":0,"cards_obtained":["Regret"]},{"damage_healed":0,"gold_gain":0,"player_choice":"Take Damage","damage_taken":22,"relics_obtained":["Golden Idol"],"max_hp_gain":0,"max_hp_loss":0,"event_name":"Golden Idol","floor":5,"gold_loss":0},{"damage_healed":0,"gold_gain":275,"player_choice":"Desecrate","damage_taken":0,"max_hp_gain":0,"max_hp_loss":0,"event_name":"Golden Shrine","floor":11,"gold_loss":0,"cards_obtained":["Regret"]}],"is_beta":false,"boss_relics":[],"items_purged_floors":[10],"is_endless":false,"potions_floor_spawned":[7,8],"killed_by":"Slime Boss","ascension_level":0}}