{"host":"mr1ctipv0dcr6y8g","time":1613148132,"event":{"mods":["BaseMod","Beaked The Cultist","DeckTracker","Downfall","Energized Spire","Minty Spire (QoL Compilation)","READ ME - Guardian Mod","Shop Mod","StSLib","The Construct"],"gold_per_floor":[118,393,407,74,87,121,158,345,381,139,139,139,139,149,149,248,248,261,261,136,136,148,176,176,176,176,207,57,57,86,101,101,203,203,223,48,0,11,11,44,44,44,44],"floor_reached":42,"language":"ENG","playtime":13953,"items_purged":["Regret","Doubt","Strike_R","Strike_R","Strike_R"],"score":538,"play_id":"0a8f17c0-fab3-4ffa-8693-0e8e023f32ac","local_time":"20210212094212","daily_mods":["Heirloom","Time Dilation","Flight"],"is_ascension_mode":false,"campfire_choices":[{"data":"Body Slam","floor":11.0,"key":"SMITH"},{"data":"Body Slam","floor":12.0,"key":"SMITH"},{"data":"Defend_R","floor":15.0,"key":"SMITH"},{"data":"True Grit","floor":24.0,"key":"SMITH"},{"data":"Body Slam","floor":25.0,"key":"SMITH"},{"data":"Body Slam","floor":29,"key":"SMITH"},{"data":"Body Slam","floor":32,"key":"SMITH"},{"floor":41,"key":"REST"}],"circlet_count":0,"master_deck":["Strike_R","Strike_R","Defend_R","Defend_R","Defend_R","Defend_R+1","Bash","True Grit+1","Inflame","Battle Trance","Body Slam+1","Body Slam+1","Body Slam+1","Juggernaut","Whirlwind","RitualDagger","Anger","Body Slam+1","Entrench","Body Slam+1","Double Tap","Shrug It Off+1","Swift Strike","Finesse"],"relics":["Burning Blood","Torii","Kunai","MawBank","Oddly Smooth Stone","Pen Nib","Lee\u0027s Waffle","energizedSpire:DeadBattery","Tiny Chest","StoneCalendar","Blood Vial","energizedSpire:NeverEndingSparkler","Red Mask","Omamori"],"acts_visited":["Exordium","TheCity","TheBeyond"],"potions_floor_usage":[27,33],"damage_taken":[{"damage":1.0,"enemies":"Cultist","floor":1.0,"turns":4.0},{"damage":12.0,"enemies":"Jaw Worm","floor":3.0,"turns":4.0},{"damage":2.0,"enemies":"2 Louse","floor":5.0,"turns":4.0},{"damage":36.0,"enemies":"Gremlin Nob","floor":6.0,"turns":5.0},{"damage":30.0,"enemies":"3 Sentries","floor":7.0,"turns":12.0},{"damage":20.0,"enemies":"Exordium Thugs","floor":14.0,"turns":4.0},{"damage":18.0,"enemies":"Slime Boss","floor":16.0,"turns":9.0},{"damage":1.0,"enemies":"2 Thieves","floor":18.0,"turns":3.0},{"damage":0.0,"enemies":"Shell Parasite","floor":22.0,"turns":3.0},{"damage":10.0,"enemies":"Gremlin Leader","floor":23.0,"turns":8.0},{"damage":16,"enemies":"Book of Stabbing","floor":27,"turns":4},{"damage":9,"enemies":"Slavers","floor":30,"turns":3},{"damage":2,"enemies":"Centurion and Healer","floor":31,"turns":6},{"damage":31,"enemies":"Champ","floor":33,"turns":7},{"damage":20,"enemies":"3 Darklings","floor":35,"turns":3},{"damage":1,"enemies":"3 Shapes","floor":38,"turns":3},{"damage":65,"enemies":"Reptomancer","floor":40,"turns":6},{"damage":53,"enemies":"Giant Head","floor":42,"turns":7}],"seed_played":"-2262843293438358952","potions_obtained":[{"floor":5.0,"key":"DistilledChaos"},{"floor":7.0,"key":"BloodPotion"},{"floor":14.0,"key":"Guardian:BlockOnCardUsePotion"},{"floor":16.0,"key":"CultistPotion"},{"floor":18.0,"key":"Dexterity Potion"},{"floor":30,"key":"bronze:BurnAndBuffPotion"},{"floor":40,"key":"LiquidMemories"}],"is_trial":true,"path_per_floor":["M","?","M","$","M","E","E","?","T","$","R","R","?","M","R","B",null,"M","?","$","?","M","E","R","R","T","E","$","R","E","M","R","B",null,"M","$","?","M","?","E","R","E"],"character_chosen":"IRONCLAD","items_purchased":["Kunai","Lee\u0027s Waffle"],"campfire_rested":1,"item_purchase_floors":[4,10],"current_hp_per_floor":[80,80,74,74,78,48,24,24,24,87,87,87,92,78,78,66,92,92,86,86,86,92,88,88,88,88,78,78,78,75,81,81,58,92,78,78,78,85,80,23,50,0,0],"gold":44,"neow_bonus":"","is_daily":false,"chose_seed":false,"campfire_upgraded":7,"win_rate":0.0,"timestamp":1613148132,"path_taken":["M","?","?","?","M","E","E","?","T","$","R","R","?","M","R","BOSS","M","?","$","?","M","E","R","R","T","E","?","R","E","M","R","BOSS","M","$","?","M","?","E","R","E"],"items_purchased_type":["Relic","Relic"],"build_version":"2020-12-22","purchased_purges":5,"victory":false,"max_hp_per_floor":[80,80,80,80,80,80,80,80,80,87,87,87,92,92,92,92,92,92,92,92,92,92,92,92,92,92,92,92,92,92,92,92,92,92,92,92,92,92,92,92,92,92,92],"card_choices":[{"not_picked":["Perfected Strike","Sentinel"],"picked":"True Grit","floor":1.0},{"not_picked":["Anger","Headbutt"],"picked":"Inflame","floor":3.0},{"not_picked":["Carnage","Rampage"],"picked":"Battle Trance","floor":5.0},{"not_picked":["Anger","Metallicize"],"picked":"Body Slam","floor":6.0},{"not_picked":["Flex","Burning Pact"],"picked":"Body Slam","floor":7.0},{"not_picked":["Sword Boomerang","Warcry"],"picked":"Body Slam","floor":14.0},{"not_picked":["Bludgeon","Corruption"],"picked":"Juggernaut","floor":16.0},{"not_picked":["Havoc","Combust"],"picked":"Whirlwind","floor":18.0},{"not_picked":["Perfected Strike","Second Wind","Anger"],"picked":"SKIP","floor":22.0},{"not_picked":["Perfected Strike","Second Wind"],"picked":"Anger","floor":22.0},{"not_picked":["Pummel","Inflame"],"picked":"Body Slam","floor":23.0},{"not_picked":["Clash","Combust","True Grit"],"picked":"SKIP","floor":27},{"not_picked":["Rampage","Cleave"],"picked":"Entrench","floor":30},{"not_picked":["Wild Strike+1","Sword Boomerang"],"picked":"Body Slam","floor":31},{"not_picked":["Feed","Immolate"],"picked":"Double Tap","floor":33},{"not_picked":["Twin Strike+1","Clash"],"picked":"Shrug It Off+1","floor":35},{"not_picked":["Fire Breathing","Cleave","Heavy Blade"],"picked":"SKIP","floor":38},{"not_picked":["Jack Of All Trades","Blind"],"picked":"Swift Strike","floor":39},{"not_picked":["Master of Strategy","PanicButton"],"picked":"Finesse","floor":39},{"not_picked":["Twin Strike","Hemokinesis","Headbutt+1"],"picked":"SKIP","floor":40}],"player_experience":1716056,"relics_obtained":[{"floor":6.0,"key":"MawBank"},{"floor":7.0,"key":"Oddly Smooth Stone"},{"floor":9.0,"key":"Pen Nib"},{"floor":23.0,"key":"Tiny Chest"},{"floor":27,"key":"StoneCalendar"},{"floor":30,"key":"Blood Vial"},{"floor":40,"key":"Omamori"}],"event_choices":[{"damage_healed":0.0,"max_hp_gain":0.0,"max_hp_loss":0.0,"gold_gain":275.0,"event_name":"Golden Shrine","player_choice":"Desecrate","floor":2.0,"gold_loss":0.0,"damage_taken":0.0,"cards_obtained":["Regret"]},{"damage_healed":0.0,"max_hp_gain":0.0,"max_hp_loss":0.0,"gold_gain":175.0,"event_name":"Liars Game","player_choice":"AGREE","floor":8.0,"gold_loss":0.0,"damage_taken":0.0,"cards_obtained":["Doubt"]},{"damage_healed":0.0,"max_hp_gain":5.0,"max_hp_loss":0.0,"gold_gain":0.0,"event_name":"Big Fish","player_choice":"Donut","floor":13.0,"gold_loss":0.0,"damage_taken":0.0},{"damage_healed":0.0,"max_hp_gain":0.0,"max_hp_loss":0.0,"gold_gain":0.0,"event_name":"Nest","player_choice":"Joined the Cult","floor":19.0,"gold_loss":0.0,"damage_taken":6.0,"cards_obtained":["RitualDagger"]},{"damage_healed":0.0,"max_hp_gain":0.0,"max_hp_loss":0.0,"gold_gain":0.0,"event_name":"Ghosts","player_choice":"Ignored","floor":21.0,"gold_loss":0.0,"damage_taken":0.0},{"damage_healed":0,"gold_gain":0,"player_choice":"Paid","damage_taken":0,"relics_obtained":["Red Mask"],"max_hp_gain":0,"max_hp_loss":0,"event_name":"Tomb of Lord Red Mask","floor":37,"gold_loss":48},{"damage_healed":0,"gold_gain":0,"player_choice":"Memory 2","damage_taken":5,"max_hp_gain":0,"max_hp_loss":0,"event_name":"SensoryStone","floor":39,"gold_loss":0}],"is_beta":false,"boss_relics":[{"not_picked":["SacredBark","Pandora\u0027s Box"],"picked":"energizedSpire:DeadBattery"},{"not_picked":["Sozu","construct:WeddingRing"],"picked":"energizedSpire:NeverEndingSparkler"}],"items_purged_floors":[4,10,20,28,36],"is_endless":false,"potions_floor_spawned":[5,7,14,16,18,22,23,30,40],"killed_by":"Giant Head","ascension_level":0}}