{"host":"onk0sru1v5nf4gev","time":1613163426,"event":{"mods":["AchievementEnabler","BaseMod","Downfall","Googly Eyes","Hermit","Minty Spire (QoL Compilation)","Quick Restart","Replay The Spire","StSLib","SuperFastMode","The Cursed"],"gold_per_floor":[113,113,158,170,170,182,217,229,267,266,278,309,321,351,363,477,489,521,448,460,472,494,506,506],"floor_reached":23,"language":"FRA","playtime":947,"items_purged":[],"score":191,"play_id":"4b99b642-4d21-4e53-8125-0b6de13776f8","local_time":"20210212215706","is_ascension_mode":false,"campfire_choices":[{"floor":8.0,"key":"REST"},{"floor":11.0,"key":"REST"},{"floor":13.0,"key":"REST"},{"data":"Apotheosis","floor":15,"key":"SMITH"}],"circlet_count":0,"master_deck":["Strike_B","Strike_B","Strike_B","Strike_B","Defend_B","Defend_B","Defend_B","Defend_B","Zap","Dualcast","Survivor","m_Bronzebash","Apotheosis+1","Regret","Pot Of Greed","Pot Of Greed","Go for the Eyes","Double Energy","Ball Lightning","Self Repair","Electrodynamics","Genetic Algorithm+1"],"relics":["Cracked Core","The Courier","Grinning Jar","MawBank","Oddly Smooth Stone","Runic Pyramid","Ancient Tea Set"],"acts_visited":["Exordium","TheCity"],"potions_floor_usage":[16,16,22,23],"damage_taken":[{"damage":5.0,"enemies":"Jaw Worm","floor":1.0,"turns":4.0},{"damage":2.0,"enemies":"2 Louse","floor":4.0,"turns":3.0},{"damage":0.0,"enemies":"Cultist","floor":6.0,"turns":3.0},{"damage":51.0,"enemies":"3 Sentries","floor":7.0,"turns":7.0},{"damage":3.0,"enemies":"Exordium Thugs","floor":10.0,"turns":5.0},{"damage":11.0,"enemies":"3 Louse","floor":12.0,"turns":4.0},{"damage":3.0,"enemies":"Large Slime","floor":14.0,"turns":4.0},{"damage":42,"enemies":"The Guardian","floor":16,"turns":9},{"damage":0,"enemies":"3 Byrds","floor":18,"turns":2},{"damage":24,"enemies":"2 Thieves","floor":22,"turns":4},{"damage":59,"enemies":"Slavers","floor":23,"turns":3}],"seed_played":"4504886678070858751","potions_obtained":[{"floor":6.0,"key":"Block Potion"},{"floor":10.0,"key":"Fire Potion"},{"floor":12.0,"key":"FearPotion"},{"floor":16,"key":"Venom Potion"},{"floor":18,"key":"champ:CounterPotion"}],"is_trial":false,"path_per_floor":["M","?","T","M","?","M","E","R","T","M","R","M","R","M","R","B",null,"M","?","?","?","M","E"],"character_chosen":"DEFECT","items_purchased":[],"campfire_rested":3,"item_purchase_floors":[],"current_hp_per_floor":[70,70,70,68,61,61,10,32,32,29,51,40,62,59,59,17,75,75,75,75,75,58,0,0],"gold":506,"neow_bonus":"RANDOM_COLORLESS_2","is_daily":false,"chose_seed":false,"campfire_upgraded":1,"win_rate":0.0,"timestamp":1613163426,"path_taken":["M","?","?","M","?","?","E","R","T","M","R","M","R","M","R","BOSS","M","?","?","?","?","E"],"items_purchased_type":[],"build_version":"2020-12-22","purchased_purges":0,"victory":false,"max_hp_per_floor":[75,75,75,75,75,75,75,75,75,75,75,75,75,75,75,75,75,75,75,75,75,75,75,75],"card_choices":[{"not_picked":["Master of Strategy","ReplayTheSpireMod:Necrogeddon"],"picked":"Apotheosis","floor":0.0},{"not_picked":["Scrape","Rebound","Time Bomb"],"picked":"SKIP","floor":1.0},{"not_picked":["Blizzard","Glacier"],"picked":"Go for the Eyes","floor":4.0},{"not_picked":["Doom and Gloom","Heatsinks"],"picked":"Double Energy","floor":6.0},{"not_picked":["Coolheaded","Rip and Tear","Skim"],"picked":"SKIP","floor":7.0},{"not_picked":["BasicCrystalCard","Gash","ReplayTheSpireMod:Reroute Power"],"picked":"SKIP","floor":10.0},{"not_picked":["Beam Cell","Doom and Gloom"],"picked":"Ball Lightning","floor":12.0},{"not_picked":["Barrage","Beam Cell"],"picked":"Self Repair","floor":14.0},{"not_picked":["Reboot","ReplayTheSpireMod:Fabricate Wheel"],"picked":"Electrodynamics","floor":16},{"not_picked":["Fusion+1","Auto Shields"],"picked":"Genetic Algorithm+1","floor":18},{"not_picked":["Steam","BasicCrystalCard+1","Doom and Gloom"],"picked":"SKIP","floor":22}],"player_experience":279112,"relics_obtained":[{"floor":3.0,"key":"Grinning Jar"},{"floor":7.0,"key":"MawBank"},{"floor":9.0,"key":"Oddly Smooth Stone"}],"event_choices":[{"damage_healed":0.0,"max_hp_gain":0.0,"max_hp_loss":0.0,"gold_gain":0.0,"event_name":"Big Fish","player_choice":"Box","floor":2.0,"gold_loss":0.0,"damage_taken":0.0,"relics_obtained":["The Courier"],"cards_obtained":["Regret"]},{"damage_healed":0.0,"max_hp_gain":0.0,"max_hp_loss":0.0,"gold_gain":0.0,"event_name":"Wheel of Change","player_choice":"Damaged","floor":5.0,"gold_loss":0.0,"damage_taken":7.0},{"damage_healed":0,"gold_gain":0,"player_choice":"Obtained Relic","damage_taken":0,"relics_obtained":["Ancient Tea Set"],"max_hp_gain":0,"max_hp_loss":0,"event_name":"Addict","floor":19,"gold_loss":85},{"damage_healed":0,"gold_gain":0,"player_choice":"Ignored","damage_taken":0,"max_hp_gain":0,"max_hp_loss":0,"event_name":"Vampires","floor":20,"gold_loss":0},{"damage_healed":0,"gold_gain":0,"player_choice":"Ignored","damage_taken":0,"max_hp_gain":0,"max_hp_loss":0,"event_name":"The Mausoleum","floor":21,"gold_loss":0}],"is_beta":false,"boss_relics":[{"not_picked":["Replay:Ancient Bell","Replay:Drink Me"],"picked":"Runic Pyramid"}],"items_purged_floors":[],"is_endless":false,"potions_floor_spawned":[6,10,12,16,18],"killed_by":"Slavers","ascension_level":0}}