{"host":"4rvakrj1idbgia3f","time":1613133230,"event":{"mods":["BaseMod","Colored Map","Colored Powertips","DeckTracker","Highlight Path","Minty Spire (QoL Compilation)","Random Character Button","StSLib"],"gold_per_floor":[119,133,145,158,158,158,186,186,236,253,253,283,283,297,297,374,374,392,404,404,404,404],"floor_reached":21,"language":"JPN","playtime":703,"items_purged":[],"score":382,"play_id":"1af5e610-ce84-4d9c-8557-12cc1e6070ec","local_time":"20210212213350","is_ascension_mode":true,"campfire_choices":[{"data":"Barrage","floor":6.0,"key":"SMITH"},{"data":"Zap","floor":8.0,"key":"SMITH"},{"data":"Ball Lightning","floor":11.0,"key":"SMITH"},{"data":"Barrage","floor":15.0,"key":"SMITH"}],"circlet_count":0,"master_deck":["AscendersBane","Strike_B+1","Defend_B","Defend_B","Defend_B","Zap+1","Dualcast","Sweeping Beam","Cold Snap+1","Ball Lightning+1","Barrage+1","Leap","FTL","Conserve Battery","Barrage+1","Coolheaded","Multi-Cast","Loop","Pain"],"relics":["Cracked Core","Akabeko","Question Card","Whetstone","MealTicket","Empty Cage","WarpedTongs"],"acts_visited":["Exordium","TheCity"],"potions_floor_usage":[],"damage_taken":[{"damage":0.0,"enemies":"Small Slimes","floor":1.0,"turns":2.0},{"damage":1.0,"enemies":"Cultist","floor":2.0,"turns":3.0},{"damage":0.0,"enemies":"2 Louse","floor":3.0,"turns":2.0},{"damage":6.0,"enemies":"Blue Slaver","floor":4.0,"turns":2.0},{"damage":15.0,"enemies":"3 Sentries","floor":7.0,"turns":5.0},{"damage":0.0,"enemies":"2 Fungi Beasts","floor":10.0,"turns":2.0},{"damage":15.0,"enemies":"Lagavulin","floor":12.0,"turns":4.0},{"damage":0.0,"enemies":"Red Slaver","floor":14.0,"turns":3.0},{"damage":13.0,"enemies":"Hexaghost","floor":16.0,"turns":9.0},{"damage":11,"enemies":"Shell Parasite","floor":18,"turns":6},{"damage":24,"enemies":"2 Thieves","floor":19,"turns":3},{"damage":41,"enemies":"Shelled Parasite and Fungi","floor":21,"turns":4}],"seed_played":"6252594205766912316","potions_obtained":[{"floor":2.0,"key":"PowerPotion"},{"floor":3.0,"key":"GamblersBrew"},{"floor":14.0,"key":"FairyPotion"},{"floor":18,"key":"SneckoOil"}],"is_trial":false,"path_per_floor":["M","M","M","M","?","R","E","R","T","M","R","E","?","M","R","B",null,"M","M","?","M"],"character_chosen":"DEFECT","items_purchased":[],"campfire_rested":0,"item_purchase_floors":[],"current_hp_per_floor":[64,63,63,57,50,50,35,35,35,35,35,20,20,20,20,7,55,44,20,20,0,0],"gold":404,"neow_bonus":"RANDOM_COMMON_RELIC","is_daily":false,"chose_seed":false,"campfire_upgraded":4,"win_rate":0.0,"timestamp":1613133230,"path_taken":["M","M","M","M","?","R","E","R","T","M","R","E","?","M","R","BOSS","M","M","?","?"],"items_purchased_type":[],"build_version":"2020-12-22","purchased_purges":0,"victory":false,"max_hp_per_floor":[71,71,71,71,71,71,71,71,71,71,71,71,71,71,71,71,71,71,71,71,71,71],"card_choices":[{"not_picked":["Force Field","Auto Shields"],"picked":"Sweeping Beam","floor":1.0},{"not_picked":["Gash","Redo"],"picked":"Cold Snap","floor":2.0},{"not_picked":["Stack","Redo"],"picked":"Ball Lightning","floor":3.0},{"not_picked":["Hologram","Go for the Eyes"],"picked":"Barrage","floor":4.0},{"not_picked":["Darkness","Scrape"],"picked":"Leap","floor":7.0},{"not_picked":["Rebound","Sweeping Beam","Self Repair"],"picked":"FTL","floor":10.0},{"not_picked":["Steam","Rebound","Recycle"],"picked":"Conserve Battery","floor":12.0},{"not_picked":["Recycle","Redo","Compile Driver"],"picked":"Coolheaded","floor":14.0},{"not_picked":["Buffer","Machine Learning","Reboot"],"picked":"Multi-Cast","floor":16.0},{"not_picked":["Turbo","Beam Cell+1","Hologram"],"picked":"Loop","floor":18},{"not_picked":["Conserve Battery","Sweeping Beam","Barrage","Rebound+1"],"picked":"SKIP","floor":19}],"player_experience":2309705,"relics_obtained":[{"floor":7.0,"key":"Question Card"},{"floor":9.0,"key":"Whetstone"},{"floor":12.0,"key":"MealTicket"}],"event_choices":[{"cards_removed":["Strike_B"],"damage_healed":0.0,"max_hp_gain":0.0,"max_hp_loss":0.0,"gold_gain":0.0,"event_name":"Golden Wing","player_choice":"Card Removal","floor":5.0,"gold_loss":0.0,"damage_taken":7.0},{"damage_healed":0.0,"max_hp_gain":0.0,"max_hp_loss":0.0,"gold_gain":0.0,"cards_transformed":["Strike_B"],"event_name":"Living Wall","player_choice":"Change","floor":13.0,"gold_loss":0.0,"damage_taken":0.0,"cards_obtained":["Barrage"]},{"damage_healed":0,"gold_gain":0,"player_choice":"Rummage","damage_taken":0,"relics_obtained":["WarpedTongs"],"max_hp_gain":0,"max_hp_loss":0,"event_name":"Accursed Blacksmith","floor":20,"gold_loss":0,"cards_obtained":["Pain"]}],"is_beta":false,"boss_relics":[{"not_picked":["Ectoplasm","Snecko Eye"],"picked":"Empty Cage"}],"items_purged_floors":[],"is_endless":false,"potions_floor_spawned":[2,3,14,18],"killed_by":"Shelled Parasite and Fungi","ascension_level":20}}