{"host":"kcvncuxxsb6xpuus","time":1613098956,"event":{"mods":["BaseMod","Minty Spire (QoL Compilation)","Replay The Spire","StSLib"],"gold_per_floor":[112,128,128,148,165,165,195,207,232,232,232,244,269,10,10,115,115,127,146,146,89,103,103,130,147,147,147,247,264,284,315,315,418,418,434,434,85,97,97,128,138,154,154,172,172,188,188,200,200,200,200],"floor_reached":50,"language":"ZHS","playtime":2920,"items_purged":["Defend_G","Strike_G"],"score":554,"play_id":"8c92128a-17f7-4c8d-a9c9-53dd365e6461","local_time":"20210212110236","is_ascension_mode":true,"campfire_choices":[{"data":"Bouncing Flask","floor":6.0,"key":"SMITH"},{"data":"Neutralize","floor":11.0,"key":"SMITH"},{"data":"All Out Attack","floor":15.0,"key":"SMITH"},{"data":"Bane","floor":23.0,"key":"SMITH"},{"floor":27.0,"key":"REST"},{"floor":32.0,"key":"REST"},{"floor":45.0,"key":"REST"},{"floor":49.0,"key":"REST"}],"circlet_count":0,"master_deck":["Strike_G","Strike_G","Defend_G","Defend_G","Defend_G","Survivor","Neutralize+1","Bouncing Flask+1","All Out Attack+1","ReplayTheSpireMod:Tripwire","Corpse Explosion","Flying Knee+1","Unload","Bane+1","Pot Of Greed","Pot Of Greed","Flash of Steel+1","Calculated Gamble","Bane","Grand Finale","Calculated Gamble+1","Phantasmal Killer","Well Laid Plans","Envenom","Pot Of Greed"],"relics":["Ring of the Snake","Meat on the Bone","Vajra","Omamori","Bag of Marbles","Blue Doll","Empty Cage","Grinning Jar","Nunchaku","Centennial Puzzle","Happy Flower","Fusion Hammer","Paper Crane","Mummified Hand","Sundial"],"acts_visited":["Exordium","TheCity","TheBeyond"],"potions_floor_usage":[50],"damage_taken":[{"damage":0.0,"enemies":"2 Louse","floor":1.0,"turns":4.0},{"damage":0.0,"enemies":"Cultist","floor":2.0,"turns":4.0},{"damage":0.0,"enemies":"Jaw Worm","floor":4.0,"turns":3.0},{"damage":0.0,"enemies":"Gremlin Gang","floor":5.0,"turns":5.0},{"damage":29.0,"enemies":"Gremlin Nob","floor":7.0,"turns":4.0},{"damage":11.0,"enemies":"Exordium Wildlife","floor":8.0,"turns":5.0},{"damage":2.0,"enemies":"3 Louse","floor":12.0,"turns":2.0},{"damage":8.0,"enemies":"Lagavulin","floor":13.0,"turns":4.0},{"damage":32.0,"enemies":"Hexaghost","floor":16.0,"turns":8.0},{"damage":0.0,"enemies":"3 Byrds","floor":18.0,"turns":1.0},{"damage":8.0,"enemies":"Shell Parasite","floor":19.0,"turns":5.0},{"damage":13.0,"enemies":"Snake Plant","floor":22.0,"turns":4.0},{"damage":31.0,"enemies":"Gremlin Leader","floor":24.0,"turns":6.0},{"damage":8.0,"enemies":"Centurion and Healer","floor":25.0,"turns":3.0},{"damage":1.0,"enemies":"Snecko","floor":29.0,"turns":3.0},{"damage":0.0,"enemies":"3 Cultists","floor":30.0,"turns":2.0},{"damage":25.0,"enemies":"Replay:Snechameleon","floor":31.0,"turns":5.0},{"damage":63.0,"enemies":"Automaton","floor":33.0,"turns":7.0},{"damage":16.0,"enemies":"3 Shapes","floor":35.0,"turns":2.0},{"damage":9.0,"enemies":"Orb Walker","floor":38.0,"turns":2.0},{"damage":14.0,"enemies":"Reptomancer","floor":40.0,"turns":6.0},{"damage":10.0,"enemies":"Transient","floor":41.0,"turns":5.0},{"damage":12.0,"enemies":"Writhing Mass","floor":42.0,"turns":5.0},{"damage":19.0,"enemies":"Maw","floor":44.0,"turns":7.0},{"damage":10.0,"enemies":"3 Darklings","floor":46.0,"turns":2.0},{"damage":34.0,"enemies":"4 Shapes","floor":48.0,"turns":4.0},{"damage":48,"enemies":"Awakened One","floor":50,"turns":6}],"seed_played":"-4975788095728549996","potions_obtained":[{"floor":4.0,"key":"Fire Potion"},{"floor":7.0,"key":"SkillPotion"},{"floor":8.0,"key":"FearPotion"},{"floor":16.0,"key":"Fire Potion"},{"floor":24.0,"key":"Fire Potion"},{"floor":29.0,"key":"Weak Potion"},{"floor":31.0,"key":"LiquidMemories"},{"floor":33.0,"key":"Adrenaline Potion"},{"floor":38.0,"key":"Reflective Coating"},{"floor":41.0,"key":"Fire Potion"},{"floor":48.0,"key":"SneckoOil"}],"is_trial":false,"path_per_floor":["M","M","?","M","M","R","E","M","T","?","R","M","E","$","R","B",null,"M","M","?","$","M","R","E","M","T","R","?","M","M","E","R","B",null,"M","?","$","M","?","E","M","M","T","M","R","M","?","M","R","B"],"character_chosen":"THE_SILENT","items_purchased":["Flying Knee+1","Blue Doll","Flash of Steel+1","Paper Crane"],"campfire_rested":4,"item_purchase_floors":[14,14,21,37],"current_hp_per_floor":[77,77,77,77,77,77,48,49,49,77,77,75,67,67,67,47,77,77,69,69,69,56,56,37,41,41,64,64,63,63,50,73,22,77,61,61,61,52,52,50,40,40,40,33,56,46,46,24,47,0,0],"gold":200,"neow_bonus":"TEN_PERCENT_HP_BONUS","is_daily":false,"chose_seed":false,"campfire_upgraded":4,"win_rate":0.0,"timestamp":1613098956,"path_taken":["M","M","?","?","M","R","E","M","T","?","R","M","E","$","R","BOSS","M","?","?","$","?","R","E","M","T","R","?","M","?","E","R","BOSS","M","?","$","M","?","E","?","M","T","M","R","M","?","M","R","BOSS"],"items_purchased_type":["Card","Relic","Card","Relic"],"build_version":"2020-12-22","purchased_purges":2,"victory":false,"max_hp_per_floor":[77,77,77,77,77,77,77,77,77,77,77,77,77,77,77,77,77,77,77,77,77,77,77,77,77,77,77,77,77,77,77,77,77,77,77,77,77,77,77,77,77,77,77,77,77,77,77,77,77,77,77],"card_choices":[{"not_picked":["Backflip","Underhanded Strike","Acrobatics"],"picked":"SKIP","floor":1.0},{"not_picked":["Toxin Wave","Poisoned Stab"],"picked":"Sucker Punch","floor":2.0},{"not_picked":["Dodge and Roll","Heel Hook"],"picked":"Bouncing Flask","floor":4.0},{"not_picked":["Choke","Finisher"],"picked":"All Out Attack","floor":5.0},{"not_picked":["Blade Dance","Finisher"],"picked":"ReplayTheSpireMod:Tripwire","floor":7.0},{"not_picked":["Leg Sweep","Acrobatics","Bane"],"picked":"SKIP","floor":8.0},{"not_picked":["Hidden Blade","Blade Dance"],"picked":"Corpse Explosion","floor":12.0},{"not_picked":["Prepared","Backflip","Cloak And Dagger"],"picked":"SKIP","floor":13.0},{"not_picked":["Wraith Form v2","A Thousand Cuts"],"picked":"Unload","floor":16.0},{"not_picked":["Prepared","Crippling Poison","Outmaneuver"],"picked":"SKIP","floor":18.0},{"not_picked":["Blade Dance","Poisoned Stab"],"picked":"Bane","floor":19.0},{"not_picked":["Deflect","Acrobatics+1","Dagger Spray"],"picked":"SKIP","floor":22.0},{"not_picked":["Slice","Choke","Quick Slash+1"],"picked":"SKIP","floor":24.0},{"not_picked":["Sucker Punch","Masterful Stab"],"picked":"Calculated Gamble","floor":25.0},{"not_picked":["Outmaneuver","Dodge and Roll+1"],"picked":"Bane","floor":29.0},{"not_picked":["Outmaneuver","Flechettes","Dagger Throw+1"],"picked":"SKIP","floor":30.0},{"not_picked":["Slice","Eviscerate+1","Crippling Poison"],"picked":"SKIP","floor":31.0},{"not_picked":["Die Die Die","Malaise"],"picked":"Grand Finale","floor":33.0},{"not_picked":["ReplayTheSpireMod:Exploit Weakness","ReplayTheSpireMod:Shiv Toss+1","Cloak And Dagger"],"picked":"SKIP","floor":35.0},{"not_picked":["Underhanded Strike+1","Prepared"],"picked":"Calculated Gamble+1","floor":38.0},{"not_picked":["Underhanded Strike+1","Choke","Outmaneuver"],"picked":"SKIP","floor":40.0},{"not_picked":["Dagger Spray+1","Outmaneuver"],"picked":"Phantasmal Killer","floor":41.0},{"not_picked":["ReplayTheSpireMod:Exploit Weakness+1","Acrobatics"],"picked":"Well Laid Plans","floor":42.0},{"not_picked":["Flying Knee","Dash+1","Replay:Bag of Tricks"],"picked":"SKIP","floor":44.0},{"not_picked":["Finisher","Backflip+1","Setup"],"picked":"SKIP","floor":46.0},{"not_picked":["Blade Dance+1","Flechettes+1","Expertise+1"],"picked":"SKIP","floor":48.0}],"player_experience":101039,"relics_obtained":[{"floor":7.0,"key":"Vajra"},{"floor":9.0,"key":"Omamori"},{"floor":13.0,"key":"Bag of Marbles"},{"floor":24.0,"key":"Nunchaku"},{"floor":26.0,"key":"Centennial Puzzle"},{"floor":31.0,"key":"Happy Flower"},{"floor":40.0,"key":"Mummified Hand"},{"floor":43.0,"key":"Sundial"}],"event_choices":[{"cards_removed":["Sucker Punch"],"damage_healed":0.0,"max_hp_gain":0.0,"max_hp_loss":0.0,"gold_gain":0.0,"event_name":"WeMeetAgain","player_choice":"Gave Card","floor":3.0,"gold_loss":0.0,"damage_taken":0.0,"relics_obtained":["Meat on the Bone"]},{"damage_healed":28.0,"max_hp_gain":0.0,"max_hp_loss":0.0,"gold_gain":0.0,"event_name":"Wheel of Change","player_choice":"Full Heal","floor":10.0,"gold_loss":0.0,"damage_taken":0.0},{"damage_healed":0.0,"max_hp_gain":0.0,"max_hp_loss":0.0,"gold_gain":100.0,"event_name":"Golden Shrine","player_choice":"Pray","floor":28.0,"gold_loss":0.0,"damage_taken":0.0},{"damage_healed":0.0,"max_hp_gain":0.0,"max_hp_loss":0.0,"gold_gain":0.0,"event_name":"Tomb of Lord Red Mask","player_choice":"Ignored","floor":36.0,"gold_loss":0.0,"damage_taken":0.0},{"damage_healed":0.0,"max_hp_gain":0.0,"max_hp_loss":0.0,"gold_gain":0.0,"event_name":"SecretPortal","player_choice":"Ignored","floor":39.0,"gold_loss":0.0,"damage_taken":0.0},{"damage_healed":0.0,"max_hp_gain":0.0,"max_hp_loss":0.0,"gold_gain":0.0,"cards_transformed":["Strike_G"],"event_name":"Transmorgrifier","player_choice":"Transformed","floor":47.0,"gold_loss":0.0,"damage_taken":0.0,"cards_obtained":["Envenom"]}],"is_beta":false,"boss_relics":[{"not_picked":["Coffee Dripper","Painkiller Herb"],"picked":"Empty Cage"},{"not_picked":["Black Star","Honey Jar"],"picked":"Fusion Hammer"}],"items_purged_floors":[14,37],"is_endless":false,"potions_floor_spawned":[4,7,8,16,24,29,31,33,38,41,48],"killed_by":"Awakened One","ascension_level":1}}