{"host":"je4rgfex33y123xe","time":1613118649,"event":{"mods":["BaseMod","Minty Spire (QoL Compilation)","StSLib"],"gold_per_floor":[111,128,128,128,53,53,69,103,128,128,163,163,184,184,184,307,307,331,331,345,389,389,389,409,409,485,525,541,29,29,92,92,212,212,225,225,246,90,312,357,357,397,397,239,266,266,309,642,642,642,642,642,44,82,82],"floor_reached":56,"language":"ENG","playtime":3629,"items_purged":["Strike_P","Writhe"],"score":1690,"play_id":"36142949-d79c-442f-9c1d-2784ed29e482","local_time":"20210212023049","is_ascension_mode":true,"campfire_choices":[{"data":"Eruption","floor":6.0,"key":"SMITH"},{"data":"CutThroughFate","floor":10.0,"key":"SMITH"},{"data":"Vigilance","floor":12.0,"key":"SMITH"},{"floor":15.0,"key":"REST"},{"floor":23.0,"key":"REST"},{"floor":32,"key":"REST"},{"floor":41,"key":"REST"},{"floor":46,"key":"RECALL"},{"floor":49,"key":"REST"},{"floor":52,"key":"REST"}],"circlet_count":0,"master_deck":["Defend_P","Defend_P+1","Defend_P","Eruption+1","Vigilance+1","CutThroughFate+1","FlyingSleeves","FlurryOfBlows","Evaluate","FlurryOfBlows","TalkToTheHand+1","Ragnarok","CrushJoints+1","Consecrate","Wireheading+1","Vault","ConjureBlade+1","Meditate+1","Sanctity+1","FearNoEvil+1","LikeWater+1","Adaptation+1","Wallop","BattleHymn+1","EmptyFist","Adaptation+1","Parasite","Study+1","Nirvana+1"],"relics":["PureWater","Happy Flower","CloakClasp","Ancient Tea Set","Akabeko","Fusion Hammer","Red Mask","Singing Bowl","Bird Faced Urn","Toolbox","Frozen Egg 2","HornCleat","Astrolabe","CeramicFish","Dead Branch","The Courier","Membership Card","Damaru","Mummified Hand","Blue Candle","Strawberry","Centennial Puzzle","Bag of Preparation","Lizard Tail","Mercury Hourglass"],"acts_visited":["TheCity","TheBeyond","TheEnding"],"potions_floor_usage":[33,37,40,47,50,55,55,55,55,55],"damage_taken":[{"damage":1.0,"enemies":"Small Slimes","floor":1.0,"turns":4.0},{"damage":2.0,"enemies":"Jaw Worm","floor":2.0,"turns":3.0},{"damage":0.0,"enemies":"2 Louse","floor":7.0,"turns":3.0},{"damage":0.0,"enemies":"Gremlin Nob","floor":8.0,"turns":2.0},{"damage":10.0,"enemies":"3 Sentries","floor":11.0,"turns":4.0},{"damage":0.0,"enemies":"Exordium Wildlife","floor":13.0,"turns":2.0},{"damage":0.0,"enemies":"Hexaghost","floor":16.0,"turns":11.0},{"damage":0.0,"enemies":"3 Byrds","floor":18.0,"turns":3.0},{"damage":0.0,"enemies":"Spheric Guardian","floor":20.0,"turns":3.0},{"damage":23.0,"enemies":"Masked Bandits","floor":21.0,"turns":4.0},{"damage":1.0,"enemies":"Snecko","floor":24.0,"turns":4.0},{"damage":30.0,"enemies":"Slavers","floor":27.0,"turns":7.0},{"damage":6,"enemies":"Snake Plant","floor":28,"turns":5},{"damage":6,"enemies":"Book of Stabbing","floor":31,"turns":4},{"damage":25,"enemies":"Collector","floor":33,"turns":7},{"damage":0,"enemies":"3 Shapes","floor":35,"turns":3},{"damage":11,"enemies":"3 Darklings","floor":37,"turns":4},{"damage":26,"enemies":"Reptomancer","floor":40,"turns":7},{"damage":0,"enemies":"Giant Head","floor":42,"turns":5},{"damage":13,"enemies":"Writhing Mass","floor":45,"turns":5},{"damage":28,"enemies":"Nemesis","floor":47,"turns":5},{"damage":67,"enemies":"Donu and Deca","floor":50,"turns":10},{"damage":21,"enemies":"Shield and Spear","floor":54,"turns":5},{"damage":34,"enemies":"The Heart","floor":55,"turns":6}],"seed_played":"3466191020865560802","potions_obtained":[{"floor":0.0,"key":"DuplicationPotion"},{"floor":0.0,"key":"BlessingOfTheForge"},{"floor":0.0,"key":"DistilledChaos"},{"floor":11.0,"key":"SkillPotion"},{"floor":16.0,"key":"Regen Potion"},{"floor":18.0,"key":"Explosive Potion"},{"floor":28,"key":"PowerPotion"},{"floor":33,"key":"DuplicationPotion"},{"floor":37,"key":"LiquidMemories"},{"floor":42,"key":"Strength Potion"}],"is_trial":false,"path_per_floor":["M","M","?","?","$","R","M","E","T","R","E","R","M","?","R","B",null,"M","?","M","?","?","R","M","?","T","E","M","$","?","E","R","B",null,"M","?","M","$","?","E","R","E","T","$","M","R","E","?","R","B",null,"R","$","E","B",null],"character_chosen":"WATCHER","items_purchased":["Toolbox","Frozen Egg 2","Adaptation+1","Wallop","Membership Card","SkillPotion","Adaptation+1","Mummified Hand","Blue Candle","Strawberry","Centennial Puzzle","Bag of Preparation","Lizard Tail","Study+1","EntropicBrew","CultistPotion"],"campfire_rested":6,"item_purchase_floors":[29,29,38,38,44,44,44,53,53,53,53,53,53,53,53,53],"current_hp_per_floor":[71,69,57,39,39,39,39,39,39,39,29,29,29,15,36,36,63,63,63,63,40,40,61,62,62,62,49,45,45,45,39,62,41,69,69,69,58,58,58,38,61,67,67,67,67,67,49,49,73,26,68,82,89,68,54],"gold":82,"neow_bonus":"THREE_SMALL_POTIONS","is_daily":false,"chose_seed":false,"campfire_upgraded":3,"win_rate":0.0,"timestamp":1613118649,"path_taken":["M","M","?","?","?","R","M","E","T","R","E","R","M","?","R","BOSS","M","?","?","?","?","R","M","?","T","E","?","$","?","E","R","BOSS","M","?","M","$","?","E","R","E","T","?","M","R","E","?","R","BOSS","R","$","E","BOSS"],"items_purchased_type":["Relic","Relic","Card","Card","Relic","Potion","Card","Relic","Relic","Relic","Relic","Relic","Relic","Card","Potion","Potion"],"build_version":"2020-12-22","purchased_purges":2,"victory":true,"max_hp_per_floor":[72,72,72,72,72,72,72,72,72,72,72,72,72,72,72,72,72,72,72,72,72,72,72,74,74,74,76,78,78,78,78,78,78,78,78,78,78,78,78,78,78,78,78,78,80,80,82,82,82,82,82,82,89,89,89],"card_choices":[{"not_picked":["Perseverance","Wireheading"],"picked":"CutThroughFate","floor":1.0},{"not_picked":["SandsOfTime","ThirdEye"],"picked":"FlyingSleeves","floor":2.0},{"not_picked":["Evaluate","CrushJoints"],"picked":"FlurryOfBlows","floor":7.0},{"not_picked":["EmptyFist","ConjureBlade"],"picked":"Evaluate","floor":8.0},{"not_picked":["FlyingSleeves","SashWhip"],"picked":"FlurryOfBlows","floor":11.0},{"not_picked":["PathToVictory","Halt"],"picked":"TalkToTheHand","floor":13.0},{"not_picked":["DeusExMachina","Brilliance"],"picked":"Ragnarok","floor":16.0},{"not_picked":["Worship+1","FlyingSleeves"],"picked":"CrushJoints+1","floor":18.0},{"not_picked":["FollowUp","JustLucky+1","SashWhip"],"picked":"SKIP","floor":20.0},{"not_picked":["Crescendo","ThirdEye"],"picked":"Consecrate","floor":21.0},{"not_picked":["Indignation","WindmillStrike","FollowUp"],"picked":"Singing Bowl","floor":24.0},{"not_picked":["SignatureMove+1","Judgement","PathToVictory"],"picked":"Singing Bowl","floor":27.0},{"not_picked":["FollowUp","CutThroughFate","ClearTheMind"],"picked":"Singing Bowl","floor":28},{"not_picked":["SandsOfTime","Protect"],"picked":"Wireheading+1","floor":31},{"not_picked":["ConjureBlade","Scrawl"],"picked":"Vault","floor":33},{"not_picked":["Prostrate+1","DeceiveReality"],"picked":"FearNoEvil+1","floor":35},{"not_picked":["FlurryOfBlows+1","Crescendo+1"],"picked":"LikeWater+1","floor":37},{"not_picked":["Swivel","BowlingBash"],"picked":"BattleHymn+1","floor":40},{"not_picked":["JustLucky","PathToVictory+1"],"picked":"EmptyFist","floor":42},{"not_picked":["BowlingBash+1","Sanctity","Perseverance+1"],"picked":"Singing Bowl","floor":45},{"not_picked":["Meditate+1","WheelKick+1","EmptyFist+1"],"picked":"Singing Bowl","floor":47},{"not_picked":["Meditate+1","Swivel"],"picked":"Nirvana+1","floor":54}],"player_experience":437392,"relics_obtained":[{"floor":8.0,"key":"CloakClasp"},{"floor":9.0,"key":"Ancient Tea Set"},{"floor":11.0,"key":"Akabeko"},{"floor":21.0,"key":"Red Mask"},{"floor":27.0,"key":"Bird Faced Urn"},{"floor":31,"key":"HornCleat"},{"floor":40,"key":"CeramicFish"},{"floor":42,"key":"Dead Branch"},{"floor":43,"key":"The Courier"},{"floor":47,"key":"Damaru"},{"floor":54,"key":"Mercury Hourglass"}],"event_choices":[{"damage_healed":0.0,"max_hp_gain":0.0,"max_hp_loss":0.0,"gold_gain":0.0,"event_name":"Scrap Ooze","player_choice":"Success","floor":3.0,"gold_loss":0.0,"damage_taken":12.0,"relics_obtained":["Happy Flower"]},{"damage_healed":0.0,"max_hp_gain":0.0,"max_hp_loss":0.0,"gold_gain":0.0,"event_name":"Golden Idol","player_choice":"Take Damage","floor":4.0,"gold_loss":0.0,"damage_taken":18.0,"relics_obtained":["Golden Idol"]},{"damage_healed":0.0,"max_hp_gain":0.0,"max_hp_loss":0.0,"gold_gain":0.0,"event_name":"Shining Light","player_choice":"Entered Light","floor":14.0,"gold_loss":0.0,"damage_taken":14.0,"cards_upgraded":["Defend_P","TalkToTheHand"]},{"damage_healed":0.0,"max_hp_gain":0.0,"max_hp_loss":0.0,"gold_gain":0.0,"event_name":"The Woman in Blue","player_choice":"Bought 0 Potions","floor":19.0,"gold_loss":0.0,"damage_taken":0.0},{"damage_healed":0.0,"max_hp_gain":0.0,"max_hp_loss":0.0,"gold_gain":0.0,"event_name":"Masked Bandits","player_choice":"Fought Bandits","floor":21.0,"gold_loss":0.0,"damage_taken":0.0},{"damage_healed":0.0,"max_hp_gain":0.0,"max_hp_loss":0.0,"gold_gain":0.0,"event_name":"The Mausoleum","player_choice":"Opened","floor":22.0,"gold_loss":0.0,"damage_taken":0.0,"relics_obtained":["Singing Bowl"],"cards_obtained":["Writhe"]},{"damage_healed":0.0,"max_hp_gain":0.0,"max_hp_loss":0.0,"gold_gain":0.0,"event_name":"Ghosts","player_choice":"Ignored","floor":25.0,"gold_loss":0.0,"damage_taken":0.0},{"cards_removed":["Defend_P"],"damage_healed":0,"gold_gain":0,"player_choice":"Removed Skill","damage_taken":0,"max_hp_gain":0,"max_hp_loss":0,"event_name":"Falling","floor":36,"gold_loss":0},{"damage_healed":0,"gold_gain":222,"player_choice":"Wore Mask","damage_taken":0,"max_hp_gain":0,"max_hp_loss":0,"event_name":"Tomb of Lord Red Mask","floor":39,"gold_loss":0},{"damage_healed":0,"gold_gain":333,"player_choice":"Gave Idol","damage_taken":0,"max_hp_gain":0,"max_hp_loss":0,"event_name":"The Moai Head","floor":48,"relics_lost":["Golden Idol"],"gold_loss":0}],"is_beta":false,"boss_relics":[{"not_picked":["Ectoplasm","HolyWater"],"picked":"Fusion Hammer"},{"not_picked":["Snecko Eye","Cursed Key"],"picked":"Astrolabe"}],"items_purged_floors":[5,29],"is_endless":false,"potions_floor_spawned":[2,11,16,18,24,28,33,37,42,45,54],"ascension_level":5}}