{"host":"ewns8ifhbubwkcum","time":1613097293,"event":{"mods":["BaseMod","Block Reminder","Colored Map","Colored Powertips","Downfall","Highlight Path","Minty Spire (QoL Compilation)","Permanent Neow","Quick Restart","Random Character Button","StSLib"],"gold_per_floor":[99,116,134,309,58,58,58,17,17,17,37,69,85,76,76,76],"floor_reached":14,"language":"ENG","playtime":847,"items_purged":["Doubt"],"score":110,"play_id":"8049b323-851d-4bf4-860a-e1f86865c8de","local_time":"20210211203453","is_ascension_mode":true,"campfire_choices":[{"floor":1,"key":"RECALL"},{"data":"Slimebound:Grow","floor":9,"key":"SMITH"}],"circlet_count":0,"master_deck":["sneckomod:Strike","sneckomod:Strike","sneckomod:Strike","sneckomod:Defend","sneckomod:Defend","sneckomod:Defend","sneckomod:TailWhip","sneckomod:SnekBite","sneckomod:Unknown","sneckomod:Unknown","sneckomod:UnknownDraw","sneckomod:QuickBite","sneckomod:SerpentMind","Slimebound:Grow+1","sneckomod:Unknown3Cost","sneckomod:IronFang","Regret","sneckomod:QuickBite","sneckomod:SerpentMind","sneckomod:UnknownBlock"],"relics":["sneckomod:SneckoSoul","TungstenRod","White Beast Statue","Question Card","Nunchaku"],"acts_visited":["Exordium"],"potions_floor_usage":[8,13,14,14,14],"damage_taken":[{"damage":7,"enemies":"2 Louse","floor":2,"turns":3},{"damage":3,"enemies":"Jaw Worm","floor":3,"turns":4},{"damage":5,"enemies":"downfall:FleeingMerchant","floor":5,"turns":4},{"damage":2,"enemies":"downfall:FleeingMerchant","floor":8,"turns":4},{"damage":11,"enemies":"Small Slimes","floor":11,"turns":2},{"damage":18,"enemies":"3 Sentries","floor":12,"turns":5},{"damage":13,"enemies":"2 Fungi Beasts","floor":13,"turns":3},{"damage":27,"enemies":"Lagavulin","floor":14,"turns":5}],"seed_played":"1522527837916436369","potions_obtained":[{"floor":3,"key":"BlessingOfTheForge"},{"floor":8,"key":"champ:CounterPotion"},{"floor":11,"key":"SteroidPotion"},{"floor":12,"key":"DuplicationPotion"},{"floor":13,"key":"Slimebound:ThreeZeroPotion"}],"is_trial":false,"path_per_floor":["R","M","M","?","$","R","T","$","R","?","M","E","M","E"],"character_chosen":"THE_SNECKO","items_purchased":["sneckomod:SerpentMind","sneckomod:IronFang"],"campfire_rested":0,"item_purchase_floors":[5,8],"current_hp_per_floor":[81,74,71,71,66,66,66,64,64,64,53,35,22,0,0,0],"gold":76,"neow_bonus":"ONE_RARE_RELIC","is_daily":false,"chose_seed":false,"campfire_upgraded":1,"win_rate":0.0,"timestamp":1613097293,"path_taken":["R","M","M","?","$","R","T","$","R","?","M","E","M","E"],"items_purchased_type":["Card","Card"],"build_version":"2020-12-22","purchased_purges":1,"victory":false,"max_hp_per_floor":[81,81,81,81,81,81,81,81,81,81,81,81,81,81,81,81],"card_choices":[{"not_picked":["sneckomod:WideSting","sneckomod:SoulCleanse"],"picked":"sneckomod:UnknownDexterity","floor":2},{"not_picked":["sneckomod:IronFang","sneckomod:Unknown1Cost"],"picked":"sneckomod:UnknownDraw","floor":3},{"not_picked":["sneckomod:Unknown1Cost","sneckomod:UnknownDraw"],"picked":"sneckomod:QuickBite","floor":5},{"not_picked":["sneckomod:WideSting","sneckomod:QuickBite"],"picked":"sneckomod:Unknown3Cost","floor":8},{"not_picked":["sneckomod:SoulDraw","sneckomod:DiceBlock","sneckomod:UnknownDraw"],"picked":"sneckomod:QuickBite","floor":11},{"not_picked":["sneckomod:SoulDraw","sneckomod:RainOfDice","sneckomod:SoulRoll"],"picked":"sneckomod:SerpentMind","floor":12},{"not_picked":["sneckomod:DiceBoulder","sneckomod:DiceBlock","sneckomod:UnknownCommonAttack"],"picked":"sneckomod:UnknownBlock","floor":13}],"player_experience":1191671,"relics_obtained":[{"floor":7,"key":"White Beast Statue"},{"floor":12,"key":"Nunchaku"}],"event_choices":[{"damage_healed":0,"gold_gain":0,"player_choice":"Box","damage_taken":0,"relics_obtained":["Question Card"],"max_hp_gain":0,"max_hp_loss":0,"event_name":"Big Fish","floor":10,"gold_loss":0,"cards_obtained":["Regret"]}],"is_beta":false,"boss_relics":[],"items_purged_floors":[5],"is_endless":false,"potions_floor_spawned":[3,8,11,12,13],"killed_by":"Lagavulin","ascension_level":5}}