{"host":"as9fo7ctujj2pdsp","time":1613114724,"event":{"mods":["BaseMod","Gremlin Mod","Marisa（霧雨　魔理沙）","Minty Spire (QoL Compilation)","StSLib","The Cursed","The Judge","The Senshi","The Servant 0.9.4"],"gold_per_floor":[119,157,157,188,235,260,260,277,330,22,22,112,112,136,136,235,235,257,257,282,361,406,406,406,406,458,548,90,90,128,161,161,284,284,295,295,295,344,190,190,256,306,332,332,383,383,383,7,7,33,33,33,33,62,246],"floor_reached":56,"language":"ENG","playtime":5556,"items_purged":["Strike_MRS","Writhe","Strike_MRS"],"score":1249,"play_id":"71017ca5-0dbd-4da9-858a-77a99276d0ed","local_time":"20210212202524","is_ascension_mode":false,"campfire_choices":[{"data":"OortCloud","floor":7.0,"key":"SMITH"},{"data":"MysteriousBeam","floor":11.0,"key":"SMITH"},{"data":"OortCloud","floor":15.0,"key":"SMITH"},{"data":"MillisecondPulsars","floor":23.0,"key":"SMITH"},{"data":"MasterSpark","floor":25.0,"key":"SMITH"},{"floor":32.0,"key":"REST"},{"data":"BlazeAway","floor":40.0,"key":"SMITH"},{"data":"UnstableBomb","floor":46.0,"key":"SMITH"},{"floor":49.0,"key":"RECALL"},{"data":"OrrerysSun","floor":52.0,"key":"SMITH"}],"circlet_count":0,"master_deck":["Strike_MRS","Defend_MRS","Defend_MRS","MasterSpark+1","UpSweep","Robbery","StarBarrage+1","MilkyWay","MysteriousBeam+1","OortCloud+1","Robbery","StarDustReverie","OortCloud+1","MillisecondPulsars+1","UnstableBomb+1","GravityBeat+1","Acceleration","LuminesStrike","Dramatic Entrance","BlazeAway+1","NonDirectionalLaser+1","StarDustReverie","Blind","SporeBomb","AlicesGift+1","IllusionStar","OrrerysSun+1","SprinkleStarSeal","AsteroidBelt+1"],"relics":["MiniHakkero","Pen Nib","SimpleLauncher","Bottled Flame","Busted Crown","Anchor","Tiny Chest","PreservedInsect","Regal Pillow","MealTicket","Empty Cage","Blood Vial","Bronze Scales","TungstenRod","Ancient Tea Set","Nunchaku","The Courier","Oddly Smooth Stone","Art of War"],"acts_visited":["Exordium","TheCity","TheBeyond","TheEnding"],"potions_floor_usage":[55,55],"damage_taken":[{"damage":0.0,"enemies":"2 Louse","floor":1.0,"turns":3.0},{"damage":3.0,"enemies":"Small Slimes","floor":2.0,"turns":3.0},{"damage":6.0,"enemies":"Jaw Worm","floor":4.0,"turns":4.0},{"damage":8.0,"enemies":"2 Fungi Beasts","floor":5.0,"turns":3.0},{"damage":13.0,"enemies":"3 Sentries","floor":6.0,"turns":6.0},{"damage":5.0,"enemies":"3 Louse","floor":8.0,"turns":2.0},{"damage":5.0,"enemies":"Lagavulin","floor":12.0,"turns":8.0},{"damage":0.0,"enemies":"Looter","floor":14.0,"turns":1.0},{"damage":5.0,"enemies":"Slime Boss","floor":16.0,"turns":9.0},{"damage":2.0,"enemies":"Shell Parasite","floor":18.0,"turns":6.0},{"damage":7.0,"enemies":"2 Thieves","floor":20.0,"turns":5.0},{"damage":12.0,"enemies":"Centurion and Healer","floor":21.0,"turns":5.0},{"damage":2.0,"enemies":"Cultist and Chosen","floor":22.0,"turns":6.0},{"damage":14.0,"enemies":"Book of Stabbing","floor":27.0,"turns":6.0},{"damage":6.0,"enemies":"Shelled Parasite and Fungi","floor":30.0,"turns":3.0},{"damage":16.0,"enemies":"Slavers","floor":31.0,"turns":2.0},{"damage":25.0,"enemies":"Collector","floor":33.0,"turns":7.0},{"damage":0.0,"enemies":"Orb Walker","floor":35.0,"turns":2.0},{"damage":6.0,"enemies":"Giant Head","floor":41.0,"turns":3.0},{"damage":0.0,"enemies":"Mind Bloom Boss Battle","floor":42.0,"turns":3.0},{"damage":24.0,"enemies":"Reptomancer","floor":45.0,"turns":3.0},{"damage":19.0,"enemies":"Time Eater","floor":50.0,"turns":8.0},{"damage":0.0,"enemies":"Shield and Spear","floor":54.0,"turns":3.0},{"damage":67,"enemies":"The Heart","floor":55,"turns":8}],"seed_played":"-8070576441303707781","potions_obtained":[{"floor":4.0,"key":"PowerPotion"},{"floor":5.0,"key":"EssenceOfSteel"},{"floor":6.0,"key":"BlessingOfTheForge"},{"floor":16.0,"key":"Fire Potion"},{"floor":31.0,"key":"BlessingOfTheForge"},{"floor":54.0,"key":"CultistPotion"}],"is_trial":false,"path_per_floor":["M","M","?","M","M","E","R","M","T","$","R","E","?","M","R","B",null,"M","?","M","M","M","R","?","R","T","E","$","?","M","E","R","B",null,"M","?","?","T","$","R","E","?","T","$","E","R","?","$","R","B",null,"R","$","E","B",null],"character_chosen":"MARISA","items_purchased":["SimpleLauncher","PreservedInsect","Acceleration","LuminesStrike","Dramatic Entrance","BlazeAway","SporeBomb","Oddly Smooth Stone","OrrerysSun","SprinkleStarSeal","EssenceOfSteel"],"campfire_rested":1,"item_purchase_floors":[10,28,28,28,28,28,39,48,48,48,48],"current_hp_per_floor":[82,79,79,73,65,52,52,47,47,47,47,42,42,42,42,37,82,80,64,57,45,43,43,43,43,43,29,29,29,23,7,48,23,87,87,87,87,87,87,87,81,83,83,87,63,63,63,78,78,61,87,87,87,87,20],"gold":246,"neow_bonus":"TEN_PERCENT_HP_BONUS","is_daily":false,"chose_seed":false,"campfire_upgraded":8,"win_rate":0.0,"timestamp":1613114724,"path_taken":["M","M","?","M","M","E","R","M","T","$","R","E","?","M","R","BOSS","M","?","M","M","M","R","?","R","T","E","$","?","M","E","R","BOSS","M","?","?","?","$","R","E","?","T","?","E","R","?","$","R","BOSS","R","$","E","BOSS"],"items_purchased_type":["Relic","Relic","Card","Card","Card","Card","Card","Relic","Card","Card","Potion"],"build_version":"2020-12-22","purchased_purges":3,"victory":true,"max_hp_per_floor":[82,82,82,82,82,82,82,82,82,82,82,82,82,82,82,82,82,82,87,87,87,87,87,87,87,87,87,87,87,87,87,87,87,87,87,87,87,87,87,87,87,87,87,87,87,87,87,87,87,87,87,87,87,87,87],"card_choices":[{"not_picked":["AsteroidBelt","PowerUp"],"picked":"Robbery","floor":1.0},{"not_picked":["MilkyWay","PowerUp"],"picked":"StarBarrage","floor":2.0},{"not_picked":["NonDirectionalLaser","GrandCross"],"picked":"MilkyWay","floor":4.0},{"not_picked":["SprinkleStarSeal","WitchLeyline"],"picked":"MysteriousBeam","floor":5.0},{"not_picked":["MilkyWay","AsteroidBelt"],"picked":"OortCloud","floor":6.0},{"not_picked":["MeteoricShower","Acceleration"],"picked":"Robbery","floor":8.0},{"not_picked":["Acceleration","GasGiant"],"picked":"StarDustReverie","floor":12.0},{"not_picked":["MagicAbsorber","BlazeAway"],"picked":"OortCloud","floor":14.0},{"not_picked":["EscapeVelocity","SatelliteIllusion"],"picked":"MillisecondPulsars","floor":16.0},{"not_picked":["StarlightTyphoon"],"picked":"SKIP","floor":18.0},{"not_picked":[],"picked":"UnstableBomb","floor":20.0},{"not_picked":["Occultation"],"picked":"SKIP","floor":21.0},{"not_picked":["GasGiant"],"picked":"SKIP","floor":22.0},{"not_picked":[],"picked":"GravityBeat+1","floor":27.0},{"not_picked":[],"picked":"NonDirectionalLaser+1","floor":30.0},{"not_picked":["StarlightTyphoon"],"picked":"SKIP","floor":31.0},{"not_picked":[],"picked":"StarDustReverie","floor":33.0},{"not_picked":["RefractionSpark+1"],"picked":"SKIP","floor":35.0},{"not_picked":[],"picked":"Blind","floor":36.0},{"not_picked":[],"picked":"AlicesGift+1","floor":41.0},{"not_picked":[],"picked":"IllusionStar","floor":45.0},{"not_picked":[],"picked":"AsteroidBelt+1","floor":54.0}],"player_experience":195721,"relics_obtained":[{"floor":6.0,"key":"Pen Nib"},{"floor":12.0,"key":"Bottled Flame"},{"floor":26.0,"key":"Anchor"},{"floor":27.0,"key":"Tiny Chest"},{"floor":31.0,"key":"MealTicket"},{"floor":38.0,"key":"Blood Vial"},{"floor":41.0,"key":"Bronze Scales"},{"floor":42.0,"key":"TungstenRod"},{"floor":43.0,"key":"Ancient Tea Set"},{"floor":45.0,"key":"Nunchaku"},{"floor":47.0,"key":"The Courier"},{"floor":54.0,"key":"Art of War"}],"event_choices":[{"damage_healed":0.0,"max_hp_gain":0.0,"max_hp_loss":0.0,"gold_gain":0.0,"event_name":"Living Wall","player_choice":"Grow","floor":3.0,"gold_loss":0.0,"damage_taken":0.0,"cards_upgraded":["StarBarrage"]},{"damage_healed":0.0,"max_hp_gain":0.0,"max_hp_loss":0.0,"gold_gain":0.0,"event_name":"Liars Game","player_choice":"Ignored","floor":13.0,"gold_loss":0.0,"damage_taken":0.0},{"damage_healed":0.0,"max_hp_gain":5.0,"max_hp_loss":0.0,"gold_gain":0.0,"event_name":"Forgotten Altar","player_choice":"Shed Blood","floor":19.0,"gold_loss":0.0,"damage_taken":21.0},{"damage_healed":0.0,"max_hp_gain":0.0,"max_hp_loss":0.0,"gold_gain":0.0,"event_name":"Ghosts","player_choice":"Ignored","floor":24.0,"gold_loss":0.0,"damage_taken":0.0},{"damage_healed":0.0,"max_hp_gain":0.0,"max_hp_loss":0.0,"gold_gain":0.0,"event_name":"The Mausoleum","player_choice":"Opened","floor":29.0,"gold_loss":0.0,"damage_taken":0.0,"relics_obtained":["Regal Pillow"],"cards_obtained":["Writhe"]},{"damage_healed":0.0,"max_hp_gain":0.0,"max_hp_loss":0.0,"gold_gain":0.0,"event_name":"SensoryStone","player_choice":"Memory 1","floor":36.0,"gold_loss":0.0,"damage_taken":0.0},{"cards_removed":["Defend_MRS"],"damage_healed":0.0,"max_hp_gain":0.0,"max_hp_loss":0.0,"gold_gain":0.0,"event_name":"Falling","player_choice":"Removed Skill","floor":37.0,"gold_loss":0.0,"damage_taken":0.0},{"damage_healed":0.0,"max_hp_gain":0.0,"max_hp_loss":0.0,"gold_gain":0.0,"event_name":"MindBloom","player_choice":"Fight","floor":42.0,"gold_loss":0.0,"damage_taken":0.0},{"damage_healed":0.0,"max_hp_gain":0.0,"max_hp_loss":0.0,"gold_gain":0.0,"event_name":"Wheel of Change","player_choice":"Relic","floor":47.0,"gold_loss":0.0,"damage_taken":0.0}],"is_beta":false,"boss_relics":[{"not_picked":["Runic Pyramid","SacredBark"],"picked":"Busted Crown"},{"not_picked":["Velvet Choker","Calling Bell"],"picked":"Empty Cage"}],"items_purged_floors":[28,39,48],"is_endless":false,"potions_floor_spawned":[4,5,6,14,16,21,31,35,54],"ascension_level":0}}