{"host":"prxrhpgaxnj4om9r","time":1613099936,"event":{"mods":["AchievementEnabler","BaseMod","DeckTracker","Keyboard Shortcuts","Minty Spire (QoL Compilation)"],"gold_per_floor":[115,115,133,146,158,158,191,83,83,100,127,153,153,228,228,329,329,348,348,332,50,50,50,75,75,75,87,87,114,114,114,114,114,114],"floor_reached":33,"language":"KOR","playtime":1560,"items_purged":[],"score":316,"play_id":"4b98a041-bb43-4fea-bf4d-4db032a4cfa0","local_time":"20210212121856","is_ascension_mode":false,"campfire_choices":[{"data":"Dagger Spray","floor":6,"key":"SMITH"},{"floor":13,"key":"REST"},{"data":"Blur","floor":15,"key":"SMITH"},{"floor":23,"key":"RECALL"},{"data":"Accuracy","floor":25,"key":"SMITH"},{"data":"Envenom","floor":32,"key":"SMITH"}],"circlet_count":0,"master_deck":["Defend_G","Defend_G","Defend_G","Defend_G","Survivor","Neutralize","Dagger Throw","Backflip","Prepared","Predator","Dagger Spray+1","Leg Sweep","Bouncing Flask","Escape Plan","Crippling Poison","Blur+1","Glass Knife","CurseOfTheBell","Quick Slash+1","Bite","Bite","Bite","Bite","Bite","Heel Hook","Eviscerate","Blade Dance","Adrenaline","Accuracy+1","Acrobatics+1","Envenom+1","Die Die Die","RitualDagger"],"relics":["Ring of the Snake","Shuriken","Odd Mushroom","Eternal Feather","Calling Bell","Dream Catcher","Kunai","Peace Pipe","InkBottle","Vajra","Matryoshka","Pantograph"],"acts_visited":["Exordium","TheCity"],"potions_floor_usage":[4,11,16,24,29],"damage_taken":[{"damage":2,"enemies":"2 Louse","floor":1,"turns":3},{"damage":4,"enemies":"Cultist","floor":3,"turns":4},{"damage":0,"enemies":"Jaw Worm","floor":4,"turns":4},{"damage":4,"enemies":"3 Louse","floor":5,"turns":3},{"damage":20,"enemies":"Gremlin Nob","floor":7,"turns":4},{"damage":0,"enemies":"Exordium Wildlife","floor":10,"turns":2},{"damage":8,"enemies":"The Mushroom Lair","floor":11,"turns":3},{"damage":16,"enemies":"3 Sentries","floor":12,"turns":6},{"damage":39,"enemies":"Hexaghost","floor":16,"turns":13},{"damage":14,"enemies":"3 Byrds","floor":18,"turns":5},{"damage":15,"enemies":"2 Thieves","floor":20,"turns":4},{"damage":27,"enemies":"Slavers","floor":24,"turns":3},{"damage":11,"enemies":"Centurion and Healer","floor":27,"turns":6},{"damage":18,"enemies":"Gremlin Leader","floor":29,"turns":4},{"damage":78,"enemies":"Collector","floor":33,"turns":10}],"seed_played":"-4082148604050039782","potions_obtained":[{"floor":3,"key":"DuplicationPotion"},{"floor":4,"key":"EssenceOfSteel"},{"floor":12,"key":"Swift Potion"},{"floor":20,"key":"DuplicationPotion"},{"floor":27,"key":"Explosive Potion"}],"is_trial":false,"path_per_floor":["M","?","M","M","M","R","E","$","T","M","?","E","R","?","R","B",null,"M","?","M","$","?","R","E","R","T","M","?","E","?","?","R","B"],"character_chosen":"THE_SILENT","items_purchased":["Bouncing Flask","Escape Plan","InkBottle","Eviscerate"],"campfire_rested":1,"item_purchase_floors":[8,8,21,21],"current_hp_per_floor":[68,68,64,64,60,60,40,40,40,40,32,16,49,38,50,11,70,56,49,42,42,42,49,28,43,43,36,36,24,24,18,36,0,0],"gold":114,"neow_bonus":"THREE_CARDS","is_daily":false,"chose_seed":false,"campfire_upgraded":4,"win_rate":0.0,"timestamp":1613099936,"path_taken":["M","?","M","?","M","R","E","?","T","M","?","E","R","?","R","BOSS","M","?","M","$","?","R","E","R","T","M","?","E","?","?","R","BOSS"],"items_purchased_type":["Card","Card","Relic","Card"],"build_version":"2020-12-22","purchased_purges":0,"victory":false,"max_hp_per_floor":[70,70,70,70,70,70,70,70,70,70,70,70,70,70,70,70,70,70,49,49,49,49,49,49,49,49,49,49,49,49,49,49,49,49],"card_choices":[{"not_picked":["Deflect","Dodge and Roll"],"picked":"Dagger Throw","floor":0},{"not_picked":["Deadly Poison","Slice"],"picked":"Backflip","floor":1},{"not_picked":["Expertise","Dodge and Roll"],"picked":"Prepared","floor":3},{"not_picked":["Quick Slash","Outmaneuver"],"picked":"Predator","floor":4},{"not_picked":["Footwork","Flying Knee"],"picked":"Dagger Spray","floor":5},{"not_picked":["Endless Agony","Flying Knee"],"picked":"Leg Sweep","floor":7},{"not_picked":["Night Terror","Flying Knee"],"picked":"Crippling Poison","floor":10},{"not_picked":["Prepared","Skewer"],"picked":"Eviscerate","floor":11},{"not_picked":["Blade Dance","Dodge and Roll"],"picked":"Blur","floor":12},{"not_picked":["Venomology","Tools of the Trade"],"picked":"Glass Knife","floor":16},{"not_picked":["Deflect","Dodge and Roll"],"picked":"Quick Slash+1","floor":18},{"not_picked":["Tactician","Quick Slash"],"picked":"Heel Hook","floor":20},{"not_picked":["Bane+1","Sucker Punch"],"picked":"Accuracy","floor":24},{"not_picked":["Bane","Slice"],"picked":"Acrobatics+1","floor":27},{"not_picked":["Eviscerate","Flying Knee"],"picked":"Die Die Die","floor":29}],"player_experience":394174,"relics_obtained":[{"floor":7,"key":"Shuriken"},{"floor":11,"key":"Odd Mushroom"},{"floor":12,"key":"Eternal Feather"},{"floor":17,"key":"Dream Catcher"},{"floor":17,"key":"Kunai"},{"floor":17,"key":"Peace Pipe"},{"floor":24,"key":"Vajra"},{"floor":26,"key":"Matryoshka"},{"floor":29,"key":"Pantograph"}],"event_choices":[{"damage_healed":0,"gold_gain":0,"player_choice":"Ignored","damage_taken":0,"max_hp_gain":0,"max_hp_loss":0,"event_name":"NoteForYourself","floor":2,"gold_loss":0},{"damage_healed":0,"gold_gain":0,"player_choice":"Fought Mushrooms","damage_taken":0,"max_hp_gain":0,"max_hp_loss":0,"event_name":"Mushrooms","floor":11,"gold_loss":0},{"damage_healed":0,"gold_gain":75,"player_choice":"Gather Gold","damage_taken":11,"max_hp_gain":0,"max_hp_loss":0,"event_name":"World of Goop","floor":14,"gold_loss":0},{"damage_healed":0,"gold_gain":0,"player_choice":"Became a vampire","damage_taken":0,"max_hp_gain":0,"max_hp_loss":21,"event_name":"Vampires","floor":19,"gold_loss":0,"cards_obtained":["Bite","Bite","Bite","Bite","Bite"]},{"damage_healed":0,"gold_gain":0,"cards_transformed":["Defend_G","Eviscerate"],"player_choice":"Became Test Subject","damage_taken":0,"max_hp_gain":0,"max_hp_loss":0,"event_name":"Drug Dealer","floor":22,"gold_loss":0,"cards_obtained":["Blade Dance","Adrenaline"]},{"damage_healed":0,"gold_gain":0,"player_choice":"Read","damage_taken":0,"max_hp_gain":0,"max_hp_loss":0,"event_name":"The Library","floor":28,"gold_loss":0,"cards_obtained":["Envenom"]},{"damage_healed":0,"gold_gain":0,"player_choice":"Ignored","damage_taken":0,"max_hp_gain":0,"max_hp_loss":0,"event_name":"Ghosts","floor":30,"gold_loss":0},{"damage_healed":0,"gold_gain":0,"player_choice":"Joined the Cult","damage_taken":6,"max_hp_gain":0,"max_hp_loss":0,"event_name":"Nest","floor":31,"gold_loss":0,"cards_obtained":["RitualDagger"]}],"is_beta":false,"boss_relics":[{"not_picked":["Philosopher\u0027s Stone","Astrolabe"],"picked":"Calling Bell"}],"items_purged_floors":[],"is_endless":false,"potions_floor_spawned":[3,4,12,20,27],"killed_by":"Collector","ascension_level":0}}