{"host":"wha9hktbkslqvblg","time":1613133989,"event":{"mods":["BaseMod","Colored Map","Minty Spire (QoL Compilation)","Relic Stats","SuperFastMode","everything is the same but u backflip on backflip"],"gold_per_floor":[112,112,122,43,43,84,9,9,36,72,96,111,111,140,140,235,235,253,277,277,277,297,297,324,224,270,298,131,131,147,163,163,240,240,252,271,1270,1283,713,713,713,728,754,786,786,786,283,65,65,65,65,65,65,9,38,38],"floor_reached":57,"language":"KOR","playtime":1512,"items_purged":["Strike_R","Strike_R","Strike_R","Strike_R","Bash"],"score":3177,"play_id":"688244cc-491f-4018-b84e-39a8ef41a492","local_time":"20210212214629","is_ascension_mode":true,"campfire_choices":[{"data":"Body Slam","floor":13.0,"key":"SMITH"},{"data":"Barricade","floor":15.0,"key":"SMITH"},{"data":"Shrug It Off","floor":23.0,"key":"SMITH"},{"floor":32.0,"key":"DIG"},{"data":"Dark Embrace","floor":40,"key":"SMITH"},{"floor":41,"key":"RECALL"},{"floor":49,"key":"DIG"},{"floor":53,"key":"DIG"}],"circlet_count":0,"master_deck":["AscendersBane","Defend_R+1","Defend_R","Defend_R+1","Defend_R","Battle Trance+1","Shrug It Off+1","Fire Breathing","Body Slam+1","Barricade+1","Armaments+1","Second Wind+1","Flame Barrier+1","Sentinel+1","True Grit+1","Dark Embrace+1","Sentinel+1","Shrug It Off+1"],"relics":["Burning Blood","NeowsBlessing","Bloody Idol","Unceasing Top","Toxic Egg 2","Red Skull","Odd Mushroom","Runic Pyramid","Shovel","MealTicket","Juzu Bracelet","Omamori","Coffee Dripper","WingedGreaves","Nunchaku","Pear","War Paint","Art of War","TheAbacus","Bag of Preparation","Blue Candle","Lantern"],"acts_visited":["Exordium","TheCity","TheBeyond","TheEnding"],"potions_floor_usage":[42,44,50,55,56],"damage_taken":[{"damage":0.0,"enemies":"Small Slimes","floor":1.0,"turns":1.0},{"damage":0.0,"enemies":"Cultist","floor":3.0,"turns":1.0},{"damage":0.0,"enemies":"Lagavulin","floor":6.0,"turns":1.0},{"damage":7.0,"enemies":"3 Sentries","floor":10.0,"turns":5.0},{"damage":4.0,"enemies":"Jaw Worm","floor":11.0,"turns":3.0},{"damage":0.0,"enemies":"2 Fungi Beasts","floor":12.0,"turns":3.0},{"damage":8.0,"enemies":"The Mushroom Lair","floor":14.0,"turns":4.0},{"damage":0.0,"enemies":"Slime Boss","floor":16.0,"turns":8.0},{"damage":0.0,"enemies":"3 Byrds","floor":18.0,"turns":4.0},{"damage":6.0,"enemies":"Chosen","floor":19.0,"turns":5.0},{"damage":21.0,"enemies":"Snake Plant","floor":22.0,"turns":5.0},{"damage":26.0,"enemies":"Slavers","floor":24.0,"turns":5.0},{"damage":3.0,"enemies":"Book of Stabbing","floor":27.0,"turns":3.0},{"damage":0.0,"enemies":"Cultist and Chosen","floor":30.0,"turns":5.0},{"damage":0.0,"enemies":"Snecko","floor":31.0,"turns":5.0},{"damage":43,"enemies":"Automaton","floor":33,"turns":10},{"damage":0,"enemies":"Orb Walker","floor":35,"turns":4},{"damage":0,"enemies":"3 Shapes","floor":36,"turns":5},{"damage":18,"enemies":"Spire Growth","floor":38,"turns":6},{"damage":0,"enemies":"4 Shapes","floor":42,"turns":5},{"damage":31,"enemies":"Reptomancer","floor":44,"turns":5},{"damage":0,"enemies":"Donu and Deca","floor":50,"turns":5},{"damage":0,"enemies":"Time Eater","floor":51,"turns":3},{"damage":1,"enemies":"Shield and Spear","floor":55,"turns":3},{"damage":5,"enemies":"The Heart","floor":56,"turns":7}],"seed_played":"-3125084550481103591","potions_obtained":[{"floor":3.0,"key":"SteroidPotion"},{"floor":10.0,"key":"DistilledChaos"},{"floor":11.0,"key":"Swift Potion"},{"floor":14.0,"key":"Fire Potion"},{"floor":22.0,"key":"DistilledChaos"},{"floor":24.0,"key":"FearPotion"},{"floor":27.0,"key":"Fruit Juice"},{"floor":35,"key":"DistilledChaos"},{"floor":42,"key":"LiquidBronze"}],"is_trial":false,"path_per_floor":["M","?","M","$","?","E","$","?","T","E","M","M","R","?","R","B",null,"M","M","?","?","M","R","E","$","T","E","$","?","M","M","R","B",null,"M","M","?","M","$","R","R","M","T","E","?","?","$","$","R","B","B",null,"R","$","E","B",null],"character_chosen":"IRONCLAD","items_purchased":["Fire Breathing","Sentinel+1","WingedGreaves","Dark Embrace","War Paint","Art of War","TheAbacus","Swift Potion","Energy Potion"],"campfire_rested":0,"item_purchase_floors":[4,28,39,39,47,47,48,48,54],"current_hp_per_floor":[74,74,75,75,49,55,55,37,37,36,38,44,44,42,42,48,68,74,74,74,74,64,64,49,49,54,62,75,75,75,75,75,43,67,75,75,75,68,75,75,75,80,80,70,70,70,85,90,90,90,90,90,90,90,90,90],"gold":38,"neow_bonus":"THREE_ENEMY_KILL","is_daily":false,"chose_seed":false,"campfire_upgraded":4,"win_rate":0.0,"timestamp":1613133989,"path_taken":["M","?","M","?","?","E","$","?","T","E","?","M","R","?","R","BOSS","M","M","?","?","M","R","E","$","T","E","$","?","M","M","R","BOSS","M","M","?","M","$","R","R","M","T","E","?","?","?","$","R","BOSS","BOSS","R","$","E","BOSS"],"items_purchased_type":["Card","Card","Relic","Card","Relic","Relic","Relic","Potion","Potion"],"build_version":"2020-12-22","purchased_purges":5,"victory":true,"max_hp_per_floor":[75,75,75,75,75,75,75,75,75,75,75,75,75,75,75,75,75,75,75,75,75,75,75,75,75,75,75,75,75,75,75,75,75,75,75,75,75,75,75,75,75,80,80,90,90,90,90,90,90,90,90,90,90,90,90,90],"relic_stats":{"counters":[25,111],"Blue Candle":[1],"Juzu Bracelet":1,"Bag of Preparation":[8],"War Paint":["Defend_R","Defend_R"],"Burning Blood":103,"Nunchaku":[3],"Shovel":3,"TheAbacus":[210],"Bloody Idol":37,"MealTicket":40,"Art of War":[4],"obtain_stats":[{"Lantern":55,"Pear":44,"NeowsBlessing":0,"Golden Idol":5,"Blue Candle":53,"Juzu Bracelet":27,"Omamori":32,"Bag of Preparation":49,"Odd Mushroom":14,"War Paint":47,"Burning Blood":0,"Nunchaku":43,"Shovel":24,"TheAbacus":48,"Bloody Idol":21,"MealTicket":26,"WingedGreaves":39,"Coffee Dripper":34,"Art of War":47,"Toxic Egg 2":8,"Unceasing Top":6,"Red Skull":10,"Runic Pyramid":17},{"Lantern":24,"Pear":21,"NeowsBlessing":0,"Golden Idol":2,"Blue Candle":23,"Juzu Bracelet":13,"Omamori":15,"Bag of Preparation":21,"Odd Mushroom":7,"War Paint":21,"Burning Blood":0,"Nunchaku":20,"Shovel":12,"TheAbacus":21,"Bloody Idol":10,"MealTicket":12,"WingedGreaves":19,"Coffee Dripper":16,"Art of War":21,"Toxic Egg 2":3,"Unceasing Top":3,"Red Skull":4,"Runic Pyramid":8},{"Lantern":104,"Pear":93,"NeowsBlessing":0,"Golden Idol":2,"Blue Candle":101,"Juzu Bracelet":48,"Omamori":58,"Bag of Preparation":93,"Odd Mushroom":18,"War Paint":93,"Burning Blood":0,"Nunchaku":88,"Shovel":45,"TheAbacus":93,"Bloody Idol":35,"MealTicket":45,"WingedGreaves":83,"Coffee Dripper":68,"Art of War":93,"Toxic Egg 2":3,"Unceasing Top":3,"Red Skull":8,"Runic Pyramid":26}],"Unceasing Top":[10]},"card_choices":[{"not_picked":["Armaments","Shockwave"],"picked":"Battle Trance","floor":1.0},{"not_picked":["Bloodletting","Sword Boomerang"],"picked":"Shrug It Off","floor":3.0},{"not_picked":["Entrench","Sever Soul"],"picked":"Body Slam","floor":6.0},{"not_picked":["Cleave","Clash"],"picked":"Barricade","floor":10.0},{"not_picked":["Anger","Cleave"],"picked":"Armaments+1","floor":11.0},{"not_picked":["Perfected Strike","Flex+1"],"picked":"Second Wind+1","floor":12.0},{"not_picked":["Reckless Charge","Iron Wave"],"picked":"Flame Barrier+1","floor":14.0},{"not_picked":["Body Slam","Anger","Clash"],"picked":"SKIP","floor":18.0},{"not_picked":["Armaments+1","Anger","Thunderclap"],"picked":"SKIP","floor":19.0},{"not_picked":["Twin Strike","Rampage","Flex+1"],"picked":"SKIP","floor":22.0},{"not_picked":["Second Wind+1","Barricade","Perfected Strike"],"picked":"SKIP","floor":24.0},{"not_picked":["Dropkick","Metallicize","Pummel"],"picked":"SKIP","floor":27.0},{"not_picked":["Flex+1","Headbutt+1"],"picked":"True Grit+1","floor":30.0},{"not_picked":["Spot Weakness+1","Pommel Strike","Demon Form"],"picked":"SKIP","floor":31.0},{"not_picked":["Iron Wave","Clash","Armaments+1"],"picked":"SKIP","floor":35},{"not_picked":["Combust","Body Slam","Twin Strike+1"],"picked":"SKIP","floor":36},{"not_picked":["Disarm+1","Inflame","Heavy Blade+1"],"picked":"SKIP","floor":38},{"not_picked":["Second Wind+1","Armaments+1","Shrug It Off+1"],"picked":"SKIP","floor":42},{"not_picked":["Demon Form","Shrug It Off+1","Body Slam+1"],"picked":"SKIP","floor":44},{"not_picked":["Spot Weakness+1","Perfected Strike","Immolate"],"picked":"SKIP","floor":55}],"player_experience":995480,"relics_obtained":[{"floor":6.0,"key":"Unceasing Top"},{"floor":10.0,"key":"Red Skull"},{"floor":14.0,"key":"Odd Mushroom"},{"floor":24.0,"key":"Shovel"},{"floor":26.0,"key":"MealTicket"},{"floor":27.0,"key":"Juzu Bracelet"},{"floor":32.0,"key":"Omamori"},{"floor":43,"key":"Nunchaku"},{"floor":44,"key":"Pear"},{"floor":49,"key":"Bag of Preparation"},{"floor":53,"key":"Blue Candle"},{"floor":55,"key":"Lantern"}],"event_choices":[{"damage_healed":0.0,"max_hp_gain":0.0,"max_hp_loss":0.0,"gold_gain":0.0,"event_name":"Accursed Blacksmith","player_choice":"Forge","floor":2.0,"gold_loss":0.0,"damage_taken":0.0,"cards_upgraded":["Battle Trance"]},{"damage_healed":0.0,"max_hp_gain":0.0,"max_hp_loss":0.0,"gold_gain":0.0,"event_name":"Golden Idol","player_choice":"Take Damage","floor":5.0,"gold_loss":0.0,"damage_taken":26.0,"relics_obtained":["Golden Idol"]},{"damage_healed":0.0,"max_hp_gain":0.0,"max_hp_loss":0.0,"gold_gain":0.0,"event_name":"Scrap Ooze","player_choice":"Success","floor":8.0,"gold_loss":0.0,"damage_taken":18.0,"relics_obtained":["Toxic Egg 2"]},{"damage_healed":0.0,"max_hp_gain":0.0,"max_hp_loss":0.0,"gold_gain":0.0,"event_name":"Mushrooms","player_choice":"Fought Mushrooms","floor":14.0,"gold_loss":0.0,"damage_taken":0.0},{"damage_healed":0.0,"max_hp_gain":0.0,"max_hp_loss":0.0,"gold_gain":0.0,"event_name":"Cursed Tome","player_choice":"Ignored","floor":20.0,"gold_loss":0.0,"damage_taken":0.0},{"damage_healed":0.0,"max_hp_gain":0.0,"max_hp_loss":0.0,"gold_gain":0.0,"event_name":"Forgotten Altar","player_choice":"Gave Idol","floor":21.0,"relics_lost":["Golden Idol"],"gold_loss":0.0,"damage_taken":0.0,"relics_obtained":["Bloody Idol"]},{"damage_healed":0.0,"max_hp_gain":0.0,"max_hp_loss":0.0,"gold_gain":0.0,"event_name":"The Mausoleum","player_choice":"Ignored","floor":29.0,"gold_loss":0.0,"damage_taken":0.0},{"damage_healed":0,"gold_gain":999,"player_choice":"Gold","damage_taken":0,"max_hp_gain":0,"max_hp_loss":0,"event_name":"MindBloom","floor":37,"gold_loss":0,"cards_obtained":["Normality","Normality"]},{"damage_healed":0,"gold_gain":0,"cards_transformed":["Strike_R"],"player_choice":"Transformed","damage_taken":0,"max_hp_gain":0,"max_hp_loss":0,"event_name":"Transmorgrifier","floor":45,"gold_loss":0,"cards_obtained":["Sentinel"]},{"damage_healed":0,"gold_gain":0,"player_choice":"Copied","damage_taken":0,"max_hp_gain":0,"max_hp_loss":0,"event_name":"Duplicator","floor":46,"gold_loss":0,"cards_obtained":["Shrug It Off"]}],"is_beta":false,"boss_relics":[{"not_picked":["Snecko Eye","Runic Cube"],"picked":"Runic Pyramid"},{"not_picked":["Tiny House","Mark of Pain"],"picked":"Coffee Dripper"}],"items_purged_floors":[7,25,28,39,47],"is_endless":false,"potions_floor_spawned":[3,10,11,14,22,24,27,35,38,42],"ascension_level":20}}