{"host":"xo0glkmxta74xh34","time":1613151936,"event":{"mods":["BaseMod","Downfall","Minty Spire (QoL Compilation)","Reliquary","Replay The Spire","StSLib"],"gold_per_floor":[99,110,123,273,273,307,355,380,380,380,380,407,423,423,437,534,534,534,550,562,562,574,574,598,611,626,640,640,186,219,219,232,329,329,329,339,339,339,339,339,339,81,100,179,189,189,189,205,221,221],"floor_reached":51,"language":"ENG","playtime":3940,"items_purged":["Pain","downfall:Bewildered"],"score":715,"play_id":"36756cf9-00ba-49e4-8dab-6afad80f08c4","local_time":"20210212114536","is_ascension_mode":true,"campfire_choices":[{"floor":1.0,"key":"REST"},{"floor":9.0,"key":"REST"},{"data":"The Bomb","floor":18.0,"key":"SMITH"},{"floor":35.0,"key":"DIG"},{"data":"bronze:Verify","floor":47.0,"key":"SMITH"}],"circlet_count":0,"master_deck":["bronze:Strike","bronze:Strike","bronze:Strike","bronze:Defend","bronze:Defend","bronze:Defend","bronze:Defend+1","bronze:Replicate+1","bronze:Goto+1","The Bomb+1","bronze:Repair","bronze:Repair","downfall:Icky","bronze:BronzeOrb","Pot Of Greed","Pot Of Greed","bronze:Verify","bronze:DarkDash+1","bronze:Verify+1","CurseOfTheBell","CurseOfTheBell","Writhe","Pot Of Greed","bronze:Repair","bronze:Repulsor","bronze:Optimize","bronze:ClassDefault+1","bronze:InfiniteLoop","expansioncontent:GuardianWhirl","bronze:BronzeOrb+1"],"relics":["bronze:BronzeCore","Pet Ghost","Replay:Mystery Machine","Grinning Jar","bronze:BottledCode","Odd Mushroom","Runic Pyramid","sneckomod:BabySnecko","downfall:ExtraCursedBell","Juzu Bracelet","Darkstone Periapt","Incense Burner","Tiny Chest","reliquary:Knoch","reliquary:HotPoker","reliquary:PorcupineQuills","Velvet Choker","Strawberry","reliquary:BoilingFlask","ReplayTheSpireMod:Shallot","Letter Opener","reliquary:BallBearing","reliquary:Bookmark","reliquary:TridentHead"],"acts_visited":["Exordium","TheCity","TheBeyond"],"potions_floor_usage":[50,50,50],"damage_taken":[{"damage":2.0,"enemies":"2 Louse","floor":2.0,"turns":3.0},{"damage":5.0,"enemies":"Jaw Worm","floor":3.0,"turns":4.0},{"damage":26.0,"enemies":"Replay:BlueRogue","floor":6.0,"turns":6.0},{"damage":23.0,"enemies":"3 Sentries","floor":8.0,"turns":4.0},{"damage":16.0,"enemies":"The Mushroom Lair","floor":12.0,"turns":4.0},{"damage":0.0,"enemies":"Small Slimes","floor":13.0,"turns":2.0},{"damage":0.0,"enemies":"Exordium Wildlife","floor":15.0,"turns":3.0},{"damage":9.0,"enemies":"SI_SHIV_ARCHETYPE","floor":16.0,"turns":6.0},{"damage":11.0,"enemies":"Spheric Guardian","floor":19.0,"turns":5.0},{"damage":16.0,"enemies":"Snake Plant","floor":20.0,"turns":4.0},{"damage":19.0,"enemies":"Centurion and Healer","floor":22.0,"turns":5.0},{"damage":12.0,"enemies":"Shelled Parasite and Fungi","floor":25.0,"turns":6.0},{"damage":12.0,"enemies":"Snake Plant","floor":26.0,"turns":3.0},{"damage":19.0,"enemies":"Snecko","floor":27.0,"turns":4.0},{"damage":4.0,"enemies":"downfall:FleeingMerchant","floor":29.0,"turns":4.0},{"damage":37.0,"enemies":"Slavers","floor":30.0,"turns":7.0},{"damage":31.0,"enemies":"Sentry and Sphere","floor":32.0,"turns":6.0},{"damage":45.0,"enemies":"IC_MUSHROOM_ARCHETYPE","floor":33.0,"turns":11.0},{"damage":0.0,"enemies":"Orb Walker","floor":36.0,"turns":3.0},{"damage":0.0,"enemies":"downfall:FleeingMerchant","floor":42.0,"turns":4.0},{"damage":6.0,"enemies":"3 Darklings","floor":43.0,"turns":3.0},{"damage":0.0,"enemies":"Jaw Worm Horde","floor":45.0,"turns":3.0},{"damage":16.0,"enemies":"Sphere and 2 Shapes","floor":48.0,"turns":4.0},{"damage":0,"enemies":"4 Shapes","floor":49,"turns":3},{"damage":76,"enemies":"WA_ARCHETYPE_DIVINITY","floor":50,"turns":16}],"seed_played":"-3152055644787384440","potions_obtained":[{"floor":3.0,"key":"Ancient Potion"},{"floor":8.0,"key":"PowerPotion"},{"floor":12.0,"key":"Energy Potion"},{"floor":20.0,"key":"SpeedPotion"},{"floor":26.0,"key":"Venom Potion"},{"floor":30.0,"key":"ColorlessPotion"},{"floor":36.0,"key":"FearPotion"},{"floor":43.0,"key":"Adrenaline Potion"},{"floor":48.0,"key":"Energy Potion"}],"is_trial":false,"path_per_floor":["R","M","M","?","?","E","T","E","R","?","?","?","M","?","M","B",null,"R","M","M","?","M","?","T","M","M","M","?","$","E","?","M","B",null,"R","M","T","T","T","?","T","$","M","T","M","?","R","M","M","B",null],"character_chosen":"THE_AUTOMATON","items_purchased":["reliquary:HotPoker","bronze:Repair","bronze:Repulsor","reliquary:Bookmark"],"campfire_rested":2,"item_purchase_floors":[29,29,29,42],"current_hp_per_floor":[70,68,70,70,70,58,58,47,68,68,60,58,60,60,60,58,60,60,56,51,51,39,50,50,52,54,49,55,65,40,40,36,25,77,84,84,84,84,84,84,84,84,84,84,84,84,84,68,84,15],"gold":221,"neow_bonus":"RANDOM_COLORLESS_2","is_daily":false,"chose_seed":false,"campfire_upgraded":2,"win_rate":0.0,"timestamp":1613151936,"path_taken":["R","M","M","?","?","E","T","E","R","?","?","?","?","?","M","BOSS","R","M","M","?","M","?","T","M","M","M","?","?","E","?","M","BOSS","R","M","?","?","?","?","T","$","M","?","M","?","R","M","M","BOSS"],"items_purchased_type":["Relic","Card","Card","Relic"],"build_version":"2020-12-22","purchased_purges":2,"victory":true,"max_hp_per_floor":[70,70,70,70,70,70,70,70,70,70,60,60,60,60,60,60,60,60,60,60,60,60,71,71,71,71,71,77,77,77,77,77,77,77,84,84,84,84,84,84,84,84,84,84,84,84,84,84,84,84],"card_choices":[{"not_picked":["Magnetism","Thinking Ahead"],"picked":"The Bomb","floor":0.0},{"not_picked":["bronze:Separator","bronze:FineTuning"],"picked":"bronze:Repair","floor":2.0},{"not_picked":["bronze:Overheat","bronze:CutThrough"],"picked":"bronze:Repair","floor":3.0},{"not_picked":["bronze:Branch","bronze:MaxOutput"],"picked":"bronze:BronzeOrb","floor":6.0},{"not_picked":["bronze:DelayedGuard","bronze:Constructor","bronze:CutThrough"],"picked":"SKIP","floor":8.0},{"not_picked":["bronze:Separator","bronze:OilSpill"],"picked":"bronze:Verify","floor":12.0},{"not_picked":["bronze:Deprecate","bronze:BronzeArmor","bronze:Overload"],"picked":"SKIP","floor":13.0},{"not_picked":["bronze:Branch","bronze:Separator","bronze:Shield"],"picked":"SKIP","floor":15.0},{"not_picked":["bronze:Assembly","bronze:TinkerersToolbox"],"picked":"bronze:Verify","floor":16.0},{"not_picked":["bronze:Branch","bronze:Iterate","bronze:Turbo"],"picked":"SKIP","floor":19.0},{"not_picked":["bronze:ChosenStrike","bronze:MaxOutput+1","bronze:NullPointer"],"picked":"SKIP","floor":20.0},{"not_picked":["bronze:Refactor","bronze:BuggyMess","bronze:Frontload+1"],"picked":"SKIP","floor":22.0},{"not_picked":["bronze:WhirlingStrike","bronze:OilSpill+1","bronze:Branch"],"picked":"SKIP","floor":25.0},{"not_picked":["bronze:OilSpill+1","bronze:DarkDash","bronze:Refactor"],"picked":"SKIP","floor":26.0},{"not_picked":["bronze:Iterate+1","bronze:DelayedGuard","bronze:ChosenStrike"],"picked":"SKIP","floor":27.0},{"not_picked":["bronze:Assembly","bronze:Turbo","bronze:CutThrough"],"picked":"SKIP","floor":29.0},{"not_picked":["bronze:FineTuning","bronze:Separator+1"],"picked":"bronze:Optimize","floor":30.0},{"not_picked":["bronze:Shell","bronze:Refactor+1"],"picked":"bronze:ClassDefault+1","floor":32.0},{"not_picked":["bronze:Hardcode","bronze:TinkerersToolbox"],"picked":"bronze:InfiniteLoop","floor":33.0},{"not_picked":["bronze:BitShift","bronze:ItsAFeature","bronze:Deprecate+1"],"picked":"SKIP","floor":36.0},{"not_picked":["expansioncontent:InvincibleStrength","expansioncontent:PrepareCrush"],"picked":"expansioncontent:GuardianWhirl","floor":40.0},{"not_picked":["bronze:Frontload","bronze:ForceShield+1","bronze:GetLatest+1"],"picked":"SKIP","floor":42.0},{"not_picked":["bronze:DelayedSlice+1","bronze:BronzeArmor","bronze:Boost"],"picked":"SKIP","floor":43.0},{"not_picked":["bronze:Branch","bronze:OilSpill+1"],"picked":"bronze:BronzeOrb+1","floor":45.0},{"not_picked":["bronze:Invalidate+1","bronze:Backtrace","bronze:CloningBeam+1"],"picked":"SKIP","floor":48.0},{"not_picked":["bronze:Iterate","bronze:FollowUp+1","bronze:DelayedSlice"],"picked":"SKIP","floor":49}],"player_experience":472354,"relics_obtained":[{"floor":6.0,"key":"Pet Ghost"},{"floor":7.0,"key":"Replay:Mystery Machine"},{"floor":8.0,"key":"Grinning Jar"},{"floor":12.0,"key":"Odd Mushroom"},{"floor":23.0,"key":"Juzu Bracelet"},{"floor":23.0,"key":"Darkstone Periapt"},{"floor":23.0,"key":"Incense Burner"},{"floor":24.0,"key":"Tiny Chest"},{"floor":30.0,"key":"reliquary:PorcupineQuills"},{"floor":35.0,"key":"Strawberry"},{"floor":37.0,"key":"reliquary:BoilingFlask"},{"floor":38.0,"key":"ReplayTheSpireMod:Shallot"},{"floor":39.0,"key":"Letter Opener"},{"floor":41.0,"key":"reliquary:BallBearing"},{"floor":44.0,"key":"reliquary:TridentHead"}],"event_choices":[{"cards_removed":["downfall:Malfunctioning"],"damage_healed":0.0,"max_hp_gain":0.0,"max_hp_loss":0.0,"gold_gain":0.0,"event_name":"Living Wall","player_choice":"Forget","floor":10.0,"gold_loss":0.0,"damage_taken":0.0},{"damage_healed":0.0,"max_hp_gain":0.0,"max_hp_loss":0.0,"gold_gain":0.0,"event_name":"Mushrooms","player_choice":"Fought Mushrooms","floor":12.0,"gold_loss":0.0,"damage_taken":0.0}],"is_beta":false,"boss_relics":[{"not_picked":["SacredBark","Runic Dome"],"picked":"Runic Pyramid"},{"not_picked":["Fusion Hammer","Replay:Drink Me"],"picked":"Velvet Choker"}],"items_purged_floors":[29,42],"is_endless":false,"potions_floor_spawned":[3,8,12,20,26,27,30,36,43,48,49],"ascension_level":2}}