{"host":"1t7ylsixd2on64xs","time":1613112091,"event":{"mods":["BaseMod","Minty Spire (QoL Compilation)","StSLib","SuperFastMode"],"gold_per_floor":[17,30,42,42,42,71,71,106,106,106,136,154,173,185,185,262,262,275,275,288,288,91,91,91,91,171,185,185,237,36,50,50,50,50],"floor_reached":33,"language":"KOR","playtime":3458,"items_purged":[],"score":555,"play_id":"25b2e332-bacb-493d-8bf8-b6527144db2b","local_time":"20210212154131","is_ascension_mode":true,"campfire_choices":[{"data":"Neutralize","floor":7,"key":"SMITH"},{"data":"Well Laid Plans","floor":15,"key":"SMITH"},{"data":"Wraith Form v2","floor":23,"key":"SMITH"},{"data":"Footwork","floor":32,"key":"SMITH"}],"circlet_count":0,"master_deck":["AscendersBane","Defend_G+1","Defend_G+1","Defend_G+1","Defend_G+1","Defend_G+1","Survivor","Neutralize+1","Corpse Explosion","Well Laid Plans+1","Footwork+1","Poisoned Stab","Underhanded Strike","Dagger Spray","Wraith Form v2+1","Underhanded Strike","Prepared","Blur","Adrenaline","Bite","Bite","Bite","Bite","Bite","Acrobatics","Backflip","Acrobatics+1"],"relics":["Ring of the Snake","Pocketwatch","Pear","Mercury Hourglass","MealTicket","Busted Crown","Enchiridion","Tiny Chest","Letter Opener","Potion Belt","Lee\u0027s Waffle"],"acts_visited":["Exordium","TheCity"],"potions_floor_usage":[16,33],"damage_taken":[{"damage":1,"enemies":"Cultist","floor":1,"turns":5},{"damage":0,"enemies":"2 Louse","floor":2,"turns":2},{"damage":8,"enemies":"Small Slimes","floor":3,"turns":3},{"damage":18,"enemies":"Lagavulin","floor":6,"turns":9},{"damage":6,"enemies":"3 Sentries","floor":8,"turns":6},{"damage":1,"enemies":"Lagavulin","floor":11,"turns":8},{"damage":0,"enemies":"3 Louse","floor":12,"turns":2},{"damage":0,"enemies":"2 Fungi Beasts","floor":13,"turns":2},{"damage":0,"enemies":"Large Slime","floor":14,"turns":4},{"damage":6,"enemies":"The Guardian","floor":16,"turns":10},{"damage":7,"enemies":"Spheric Guardian","floor":18,"turns":7},{"damage":9,"enemies":"Chosen","floor":20,"turns":5},{"damage":21,"enemies":"Snake Plant","floor":27,"turns":4},{"damage":6,"enemies":"Shelled Parasite and Fungi","floor":31,"turns":6},{"damage":109,"enemies":"Champ","floor":33,"turns":20}],"seed_played":"1559527254929997738","potions_obtained":[{"floor":3,"key":"Explosive Potion"},{"floor":6,"key":"LiquidMemories"},{"floor":8,"key":"ColorlessPotion"},{"floor":13,"key":"CultistPotion"},{"floor":27,"key":"Fire Potion"}],"is_trial":false,"path_per_floor":["M","M","M","?","$","E","R","E","T","?","E","M","M","M","R","B",null,"M","?","M","?","$","R","?","?","T","M","?","T","$","M","R","B"],"character_chosen":"THE_SILENT","items_purchased":["Tiny Chest","Acrobatics","Lee\u0027s Waffle","Backflip"],"campfire_rested":0,"item_purchase_floors":[22,22,30,30],"current_hp_per_floor":[58,58,50,50,50,32,32,36,36,36,35,35,35,35,35,29,64,57,36,27,27,42,42,42,42,42,27,13,13,65,65,65,0,0],"gold":50,"neow_bonus":"THREE_RARE_CARDS","is_daily":false,"chose_seed":false,"campfire_upgraded":4,"win_rate":0.0,"timestamp":1613112091,"path_taken":["M","M","M","?","?","E","R","E","T","?","E","M","M","M","R","BOSS","M","?","M","?","$","R","?","?","T","M","?","?","?","M","R","BOSS"],"items_purchased_type":["Relic","Card","Relic","Card"],"build_version":"2020-12-22","purchased_purges":0,"victory":false,"max_hp_per_floor":[66,66,66,66,66,66,66,76,76,76,76,76,76,76,76,76,76,76,76,76,53,53,53,53,53,53,53,58,58,65,65,65,65,65],"card_choices":[{"not_picked":["Venomology","Glass Knife"],"picked":"Corpse Explosion","floor":0},{"not_picked":["Backflip","Quick Slash"],"picked":"Well Laid Plans","floor":1},{"not_picked":["Deadly Poison","Cloak And Dagger"],"picked":"Footwork","floor":2},{"not_picked":["Calculated Gamble","Underhanded Strike"],"picked":"Poisoned Stab","floor":3},{"not_picked":["Poisoned Stab","Quick Slash"],"picked":"Dagger Spray","floor":6},{"not_picked":["Expertise","Noxious Fumes"],"picked":"Wraith Form v2","floor":8},{"not_picked":["Acrobatics","Infinite Blades"],"picked":"Underhanded Strike","floor":11},{"not_picked":["Finisher","Riddle With Holes"],"picked":"Prepared","floor":12},{"not_picked":["Reflex","Dagger Throw","Poisoned Stab"],"picked":"SKIP","floor":13},{"not_picked":["Accuracy","Cloak And Dagger"],"picked":"Blur","floor":14},{"not_picked":["Glass Knife","Burst"],"picked":"Adrenaline","floor":16},{"not_picked":["Skewer"],"picked":"SKIP","floor":18},{"not_picked":["Slice"],"picked":"SKIP","floor":20},{"not_picked":["Dagger Throw"],"picked":"SKIP","floor":27},{"not_picked":[],"picked":"Acrobatics+1","floor":31}],"player_experience":666356,"relics_obtained":[{"floor":6,"key":"Pocketwatch"},{"floor":8,"key":"Pear"},{"floor":9,"key":"Mercury Hourglass"},{"floor":11,"key":"MealTicket"},{"floor":19,"key":"Enchiridion"},{"floor":26,"key":"Letter Opener"},{"floor":29,"key":"Potion Belt"}],"event_choices":[{"damage_healed":0,"gold_gain":0,"cards_transformed":["Strike_G"],"player_choice":"Transformed","damage_taken":0,"max_hp_gain":0,"max_hp_loss":0,"event_name":"Transmorgrifier","floor":4,"gold_loss":0,"cards_obtained":["Underhanded Strike"]},{"damage_healed":0,"gold_gain":0,"player_choice":"Ignored","damage_taken":0,"max_hp_gain":0,"max_hp_loss":0,"event_name":"Shining Light","floor":10,"gold_loss":0},{"damage_healed":0,"gold_gain":0,"player_choice":"Obtained Book","damage_taken":21,"max_hp_gain":0,"max_hp_loss":0,"event_name":"Cursed Tome","floor":19,"gold_loss":0},{"damage_healed":0,"gold_gain":0,"player_choice":"Became a vampire","damage_taken":0,"max_hp_gain":0,"max_hp_loss":23,"event_name":"Vampires","floor":21,"gold_loss":0,"cards_obtained":["Bite","Bite","Bite","Bite","Bite"]},{"damage_healed":0,"gold_gain":0,"player_choice":"Ignored","damage_taken":0,"max_hp_gain":0,"max_hp_loss":0,"event_name":"Ghosts","floor":24,"gold_loss":0},{"damage_healed":0,"gold_gain":0,"player_choice":"Simplicity","damage_taken":0,"max_hp_gain":0,"max_hp_loss":0,"event_name":"Back to Basics","floor":25,"gold_loss":0,"cards_upgraded":["Defend_G","Defend_G","Defend_G","Defend_G","Defend_G"]},{"damage_healed":0,"gold_gain":0,"player_choice":"Shed Blood","damage_taken":19,"max_hp_gain":5,"max_hp_loss":0,"event_name":"Forgotten Altar","floor":28,"gold_loss":0}],"is_beta":false,"boss_relics":[{"not_picked":["Cursed Key","Runic Dome"],"picked":"Busted Crown"}],"items_purged_floors":[],"is_endless":false,"potions_floor_spawned":[3,6,8,13,27],"killed_by":"Champ","ascension_level":20}}