{"host":"7qoz5gmva6til3yp","time":1613119475,"event":{"mods":["2.2 Compatiblity","Astrologer","BaseMod","Minty Spire (QoL Compilation)","StSLib","SuperFastMode","The Poker Player"],"gold_per_floor":[110,110,185,205,221,221,240,240,310,310,325,335,335,353,353,456,456,472,492,520,128,146,180,180,180],"floor_reached":24,"language":"KOR","playtime":1498,"items_purged":["astrologer:Defend"],"score":242,"play_id":"25fcfb47-2637-4c87-a0e1-1f8e67925858","local_time":"20210212174435","is_ascension_mode":true,"campfire_choices":[{"data":"astrologer:Strike","floor":6.0,"key":"SMITH"},{"data":"astrologer:CometStrike","floor":8.0,"key":"SMITH"},{"data":"astrologer:Fireball","floor":13.0,"key":"SMITH"},{"data":"astrologer:Radiance","floor":15.0,"key":"SMITH"}],"circlet_count":0,"master_deck":["astrologer:Strike","astrologer:Strike","astrologer:Strike","astrologer:Strike+1","astrologer:Defend","astrologer:Defend","astrologer:NorthStar","astrologer:TheFool","astrologer:DarkMatter","astrologer:CometStrike+1","astrologer:Fireball+1","astrologer:Radiance+1","astrologer:Wish","astrologer:FadingStar","astrologer:TheChariot","astrologer:Moonlight+1","astrologer:LonelyStar","Finesse"],"relics":["astrologer:SkyMirror","Bottled Flame","Runic Pyramid","Red Mask","Vajra","Boot"],"acts_visited":["Exordium","TheCity"],"potions_floor_usage":[],"damage_taken":[{"damage":0.0,"enemies":"Small Slimes","floor":1.0,"turns":3.0},{"damage":2.0,"enemies":"Jaw Worm","floor":4.0,"turns":3.0},{"damage":1.0,"enemies":"Cultist","floor":5.0,"turns":4.0},{"damage":3.0,"enemies":"3 Louse","floor":7.0,"turns":3.0},{"damage":0.0,"enemies":"Looter","floor":11.0,"turns":2.0},{"damage":0.0,"enemies":"2 Fungi Beasts","floor":12.0,"turns":2.0},{"damage":2.0,"enemies":"Red Slaver","floor":14.0,"turns":2.0},{"damage":37.0,"enemies":"The Guardian","floor":16.0,"turns":8.0},{"damage":2.0,"enemies":"Chosen","floor":18.0,"turns":4.0},{"damage":39.0,"enemies":"3 Byrds","floor":19.0,"turns":6.0},{"damage":66.0,"enemies":"Masked Bandits","floor":20.0,"turns":6.0},{"damage":11.0,"enemies":"Shelled Parasite and Fungi","floor":22.0,"turns":6.0},{"damage":3.0,"enemies":"Book of Stabbing","floor":23.0,"turns":5.0},{"damage":22,"enemies":"Sentry and Sphere","floor":24,"turns":3}],"seed_played":"-3550247408333219265","potions_obtained":[{"floor":1.0,"key":"CultistPotion"},{"floor":7.0,"key":"Strength Potion"},{"floor":11.0,"key":"FearPotion"},{"floor":20.0,"key":"DistilledChaos"},{"floor":23.0,"key":"DuplicationPotion"}],"is_trial":false,"path_per_floor":["M","?","?","M","M","R","M","R","T","?","M","M","R","M","R","B",null,"M","M","?","$","M","E","M"],"character_chosen":"ASTROLOGER","items_purchased":["astrologer:LonelyStar","Vajra","Finesse"],"campfire_rested":0,"item_purchase_floors":[21,21,21],"current_hp_per_floor":[77,70,59,57,56,56,53,53,53,53,53,53,53,51,51,14,77,75,36,35,35,24,21,0,0],"gold":180,"neow_bonus":"TEN_PERCENT_HP_BONUS","is_daily":false,"chose_seed":false,"campfire_upgraded":4,"win_rate":0.0,"timestamp":1613119475,"path_taken":["M","?","?","M","M","R","M","R","T","?","M","?","R","M","R","BOSS","M","M","?","$","M","E","M"],"items_purchased_type":["Card","Relic","Card"],"build_version":"2020-12-22","purchased_purges":1,"victory":false,"max_hp_per_floor":[77,77,77,77,77,77,77,77,77,77,77,77,77,77,77,77,77,77,77,77,77,77,77,77,77],"card_choices":[{"not_picked":["astrologer:LonelyStar","astrologer:ReadTheStars","astrologer:SolarFlare"],"picked":"SKIP","floor":1.0},{"not_picked":["astrologer:TheStar","astrologer:SpaceDust","astrologer:Eclipse"],"picked":"SKIP","floor":4.0},{"not_picked":["astrologer:SpaceDust","astrologer:NeutronStar"],"picked":"astrologer:DarkMatter","floor":5.0},{"not_picked":["astrologer:FrozenStar","astrologer:Still"],"picked":"astrologer:CometStrike","floor":7.0},{"not_picked":["astrologer:TheHierophant","astrologer:FadingStar"],"picked":"astrologer:Fireball","floor":11.0},{"not_picked":["astrologer:Eclipse","astrologer:Conjunction","astrologer:FrozenStar"],"picked":"SKIP","floor":12.0},{"not_picked":["astrologer:Prismatic","astrologer:SolarFlare"],"picked":"astrologer:Radiance","floor":14.0},{"not_picked":["astrologer:Alignment","astrologer:DarkMatter"],"picked":"astrologer:Wish","floor":16.0},{"not_picked":["astrologer:Conjunction+1","astrologer:SolarFlare"],"picked":"astrologer:FadingStar","floor":18.0},{"not_picked":["astrologer:Conjunction+1","astrologer:Still"],"picked":"astrologer:TheChariot","floor":19.0},{"not_picked":["astrologer:Strength","astrologer:Eclipse+1"],"picked":"astrologer:Moonlight+1","floor":20.0},{"not_picked":["astrologer:TheHangedMan","astrologer:TheHighPriestess","astrologer:Radiance"],"picked":"SKIP","floor":22.0},{"not_picked":["astrologer:TheLovers","astrologer:Eclipse","astrologer:MeteorShower"],"picked":"SKIP","floor":23.0}],"player_experience":498488,"relics_obtained":[{"floor":9.0,"key":"Bottled Flame"},{"floor":20.0,"key":"Red Mask"},{"floor":23.0,"key":"Boot"}],"event_choices":[{"cards_removed":["astrologer:Defend"],"damage_healed":0.0,"max_hp_gain":0.0,"max_hp_loss":0.0,"gold_gain":0.0,"event_name":"Golden Wing","player_choice":"Card Removal","floor":2.0,"gold_loss":0.0,"damage_taken":7.0},{"damage_healed":0.0,"max_hp_gain":0.0,"max_hp_loss":0.0,"gold_gain":75.0,"event_name":"World of Goop","player_choice":"Gather Gold","floor":3.0,"gold_loss":0.0,"damage_taken":11.0},{"damage_healed":0.0,"max_hp_gain":0.0,"max_hp_loss":0.0,"gold_gain":0.0,"event_name":"Dead Adventurer","player_choice":"Searched \u00270\u0027 times","floor":10.0,"gold_loss":0.0,"damage_taken":0.0},{"damage_healed":0.0,"max_hp_gain":0.0,"max_hp_loss":0.0,"gold_gain":0.0,"event_name":"Masked Bandits","player_choice":"Fought Bandits","floor":20.0,"gold_loss":0.0,"damage_taken":0.0}],"is_beta":false,"boss_relics":[{"not_picked":["Ectoplasm","Tiny House"],"picked":"Runic Pyramid"}],"items_purged_floors":[21],"is_endless":false,"potions_floor_spawned":[1,7,11,12,20,23],"killed_by":"Sentry and Sphere","ascension_level":3}}