{"host":"pj7egx7jkoz18hom","time":1613102864,"event":{"mods":["AchievementEnabler","BaseMod","Keyboard Shortcuts","Minty Spire (QoL Compilation)","SuperFastMode"],"gold_per_floor":[116,132,148,158,178,188,200,231,231,243,343,38,54,69,69,167,167,186,186,202,117,117,117,127,127,151,182,194,213,213,232,232,334,334,347,247,258,258,277,309,324,324,348,0,27,27,27,44,44,44],"floor_reached":51,"language":"KOR","playtime":2497,"items_purged":["Defend_R","Strike_R"],"score":762,"play_id":"f4a2798c-d78d-4c75-89db-8bebd5653e77","local_time":"20210212130744","is_ascension_mode":false,"campfire_choices":[{"data":"Heavy Blade","floor":15,"key":"SMITH"},{"data":"1","floor":23,"key":"LIFT"},{"data":"2","floor":25,"key":"LIFT"},{"data":"3","floor":30,"key":"LIFT"},{"data":"Heavy Blade","floor":32,"key":"SMITH"},{"data":"Demon Form","floor":42,"key":"SMITH"},{"data":"Madness","floor":49,"key":"SMITH"}],"circlet_count":0,"master_deck":["Strike_R","Strike_R","Strike_R","Defend_R","Anger","Pommel Strike","Armaments+1","Heavy Blade+1","Spot Weakness","Ghostly Armor","Shrug It Off","Thunderclap","Anger","Inflame","Ghostly Armor","Double Tap","Twin Strike+1","Offering+1","Flame Barrier+1","Anger+1","Shrug It Off+1","Heavy Blade+1","Demon Form+1","Bandage Up","Panacea","Secret Weapon","Madness+1","Madness"],"relics":["Black Blood","FossilizedHelix","Oddly Smooth Stone","Happy Flower","Astrolabe","Gremlin Horn","Girya","Nunchaku","Bag of Marbles","Blood Vial","Potion Belt","Red Mask","Kunai"],"acts_visited":["Exordium","TheCity","TheBeyond"],"potions_floor_usage":[8,8,16,29,33,33,41,45,48,50],"damage_taken":[{"damage":13,"enemies":"2 Louse","floor":1,"turns":3},{"damage":1,"enemies":"Cultist","floor":2,"turns":4},{"damage":10,"enemies":"Small Slimes","floor":3,"turns":3},{"damage":9,"enemies":"Gremlin Gang","floor":4,"turns":4},{"damage":10,"enemies":"Looter","floor":5,"turns":3},{"damage":0,"enemies":"Blue Slaver","floor":6,"turns":3},{"damage":13,"enemies":"3 Louse","floor":7,"turns":3},{"damage":7,"enemies":"Gremlin Nob","floor":8,"turns":5},{"damage":0,"enemies":"Looter","floor":10,"turns":2},{"damage":0,"enemies":"Gremlin Gang","floor":13,"turns":4},{"damage":0,"enemies":"2 Fungi Beasts","floor":14,"turns":2},{"damage":42,"enemies":"Hexaghost","floor":16,"turns":8},{"damage":28,"enemies":"2 Thieves","floor":18,"turns":4},{"damage":0,"enemies":"Shell Parasite","floor":20,"turns":3},{"damage":0,"enemies":"Chosen and Byrds","floor":24,"turns":3},{"damage":21,"enemies":"Slavers","floor":27,"turns":4},{"damage":0,"enemies":"Sentry and Sphere","floor":28,"turns":3},{"damage":0,"enemies":"Shelled Parasite and Fungi","floor":29,"turns":2},{"damage":7,"enemies":"Cultist and Chosen","floor":31,"turns":5},{"damage":41,"enemies":"Automaton","floor":33,"turns":6},{"damage":0,"enemies":"3 Shapes","floor":35,"turns":3},{"damage":0,"enemies":"Orb Walker","floor":37,"turns":4},{"damage":0,"enemies":"Sphere and 2 Shapes","floor":39,"turns":4},{"damage":12,"enemies":"Giant Head","floor":40,"turns":6},{"damage":10,"enemies":"Transient","floor":41,"turns":5},{"damage":42,"enemies":"Reptomancer","floor":45,"turns":3},{"damage":9,"enemies":"Jaw Worm Horde","floor":48,"turns":3},{"damage":54,"enemies":"Donu and Deca","floor":50,"turns":8}],"seed_played":"4065309973877599158","potions_obtained":[{"floor":3,"key":"Weak Potion"},{"floor":6,"key":"PowerPotion"},{"floor":8,"key":"Block Potion"},{"floor":14,"key":"SteroidPotion"},{"floor":16,"key":"Dexterity Potion"},{"floor":20,"key":"Weak Potion"},{"floor":27,"key":"ColorlessPotion"},{"floor":28,"key":"PowerPotion"},{"floor":29,"key":"Fruit Juice"},{"floor":35,"key":"Block Potion"},{"floor":39,"key":"DuplicationPotion"},{"floor":40,"key":"LiquidBronze"},{"floor":45,"key":"Fruit Juice"}],"is_trial":false,"path_per_floor":["M","M","M","M","M","M","M","E","T","M","?","$","M","M","R","B",null,"M","T","M","?","?","R","M","R","T","E","M","M","R","M","R","B",null,"M","$","M","?","M","E","M","R","T","?","E","?","$","M","R","B",null],"character_chosen":"IRONCLAD","items_purchased":["Inflame","Happy Flower"],"campfire_rested":0,"item_purchase_floors":[12,12],"current_hp_per_floor":[73,78,74,71,67,73,66,65,65,71,71,71,77,80,80,44,80,58,58,64,64,64,64,70,70,70,55,61,72,72,71,71,36,85,85,85,85,75,85,85,85,85,85,85,59,48,48,62,62,26],"gold":44,"neow_bonus":"TRANSFORM_CARD","is_daily":false,"chose_seed":false,"campfire_upgraded":4,"win_rate":0.0,"timestamp":1613102864,"path_taken":["M","M","M","M","M","M","M","E","T","M","?","$","?","M","R","BOSS","M","?","M","?","?","R","M","R","T","E","M","?","R","M","R","BOSS","M","$","M","?","M","E","M","R","T","?","E","?","?","?","R","BOSS"],"items_purchased_type":["Card","Relic"],"build_version":"2020-12-22","purchased_purges":2,"victory":true,"max_hp_per_floor":[80,80,80,80,80,80,80,80,80,80,80,80,80,80,80,80,80,80,80,80,80,80,80,80,80,80,80,80,85,85,85,85,85,85,85,85,85,85,85,85,85,85,85,85,85,85,85,90,90,90],"card_choices":[{"not_picked":["Shockwave","Rage"],"picked":"Pommel Strike","floor":1},{"not_picked":["Reckless Charge","True Grit"],"picked":"Armaments","floor":2},{"not_picked":["Twin Strike","True Grit"],"picked":"Heavy Blade","floor":3},{"not_picked":["Intimidate","Seeing Red"],"picked":"Spot Weakness","floor":4},{"not_picked":["Twin Strike","Disarm"],"picked":"Ghostly Armor","floor":5},{"not_picked":["Sever Soul","Offering"],"picked":"Shrug It Off","floor":6},{"not_picked":["Metallicize","Disarm"],"picked":"Thunderclap","floor":7},{"not_picked":["Thunderclap","Headbutt"],"picked":"Anger","floor":8},{"not_picked":["Flame Barrier","Reckless Charge","Thunderclap"],"picked":"SKIP","floor":10},{"not_picked":["Clothesline","Shockwave","Hemokinesis"],"picked":"SKIP","floor":13},{"not_picked":["Sever Soul","Clash"],"picked":"Ghostly Armor","floor":14},{"not_picked":["Berserk","Corruption"],"picked":"Double Tap","floor":16},{"not_picked":["Warcry","Disarm"],"picked":"Anger+1","floor":18},{"not_picked":["Warcry","Intimidate","Thunderclap"],"picked":"SKIP","floor":20},{"not_picked":["Rampage","Battle Trance+1"],"picked":"Shrug It Off+1","floor":24},{"not_picked":["Body Slam","Intimidate","Anger"],"picked":"SKIP","floor":27},{"not_picked":["Perfected Strike","Thunderclap","Body Slam+1"],"picked":"SKIP","floor":28},{"not_picked":["Headbutt","Thunderclap+1"],"picked":"Heavy Blade","floor":29},{"not_picked":["Whirlwind","Offering","Spot Weakness"],"picked":"SKIP","floor":31},{"not_picked":["Brutality","Feed"],"picked":"Demon Form","floor":33},{"not_picked":["Dual Wield+1","Heavy Blade+1","Shrug It Off"],"picked":"SKIP","floor":35},{"not_picked":["Headbutt+1","Cleave+1","Pommel Strike"],"picked":"SKIP","floor":37},{"not_picked":["Chrysalis","Panache"],"picked":"Bandage Up","floor":38},{"not_picked":["Deep Breath","Dark Shackles"],"picked":"Panacea","floor":38},{"not_picked":["Dark Shackles","Finesse"],"picked":"Secret Weapon","floor":38},{"not_picked":["Twin Strike","Rupture+1","Searing Blow"],"picked":"SKIP","floor":39},{"not_picked":["Twin Strike+1","Clash+1","Infernal Blade+1"],"picked":"SKIP","floor":40},{"not_picked":["Perfected Strike+1","Feel No Pain","Ghostly Armor+1"],"picked":"SKIP","floor":41},{"not_picked":["Combust+1","Uppercut","Warcry+1"],"picked":"SKIP","floor":45},{"not_picked":["Heavy Blade","Sever Soul+1","Iron Wave+1"],"picked":"SKIP","floor":48}],"player_experience":2636,"relics_obtained":[{"floor":8,"key":"FossilizedHelix"},{"floor":9,"key":"Oddly Smooth Stone"},{"floor":19,"key":"Gremlin Horn"},{"floor":26,"key":"Nunchaku"},{"floor":27,"key":"Bag of Marbles"},{"floor":40,"key":"Blood Vial"},{"floor":43,"key":"Potion Belt"},{"floor":45,"key":"Kunai"}],"event_choices":[{"damage_healed":0,"gold_gain":100,"player_choice":"Gold","damage_taken":0,"max_hp_gain":0,"max_hp_loss":0,"event_name":"Wheel of Change","floor":11,"gold_loss":0},{"damage_healed":0,"gold_gain":0,"player_choice":"Obtained Relic","damage_taken":0,"relics_obtained":["Girya"],"max_hp_gain":0,"max_hp_loss":0,"event_name":"Addict","floor":21,"gold_loss":85},{"damage_healed":0,"gold_gain":0,"player_choice":"Forge","damage_taken":0,"max_hp_gain":0,"max_hp_loss":0,"event_name":"Accursed Blacksmith","floor":22,"gold_loss":0,"cards_upgraded":["Armaments"]},{"damage_healed":0,"gold_gain":0,"player_choice":"Memory 3","damage_taken":10,"max_hp_gain":0,"max_hp_loss":0,"event_name":"SensoryStone","floor":38,"gold_loss":0},{"damage_healed":0,"gold_gain":0,"player_choice":"Paid","damage_taken":0,"relics_obtained":["Red Mask"],"max_hp_gain":0,"max_hp_loss":0,"event_name":"Tomb of Lord Red Mask","floor":44,"gold_loss":348},{"damage_healed":0,"gold_gain":0,"player_choice":"Embrace Madness","damage_taken":11,"max_hp_gain":0,"max_hp_loss":0,"event_name":"Winding Halls","floor":46,"gold_loss":0,"cards_obtained":["Madness","Madness"]}],"is_beta":false,"boss_relics":[{"not_picked":["Runic Pyramid","Coffee Dripper"],"picked":"Astrolabe"},{"not_picked":["Busted Crown","Mark of Pain"],"picked":"Black Blood"}],"items_purged_floors":[12,36],"is_endless":false,"potions_floor_spawned":[3,6,8,14,16,20,27,28,29,35,39,40,45],"ascension_level":0}}