{"host":"Jinnai","time":1613155970,"event":{"mods":["BaseMod","Block Reminder","Colored Map","Colored Powertips","Curses Come First","Highlight Path","Minty Spire (QoL Compilation)","Permanent Neow","Potion Indicator Mod","Quick Restart","Relic Stats","StSLib","ojb\u0027s Info Mod"],"gold_per_floor":[118,132,142,217,234,263,282,19,19,19,19,32,51,71,71,71,71],"floor_reached":16,"language":"ENG","playtime":506,"items_purged":[],"score":212,"play_id":"f2e8f84d-652c-4bbb-956f-7dd2f7c6f648","local_time":"20210212135250","is_ascension_mode":true,"campfire_choices":[{"floor":11.0,"key":"REST"},{"floor":15,"key":"REST"}],"circlet_count":0,"master_deck":["AscendersBane","Strike_B","Strike_B","Strike_B","Strike_B","Defend_B","Defend_B","Defend_B","Defend_B","Zap","Dualcast","Seek","Sweeping Beam","Static Discharge","Sunder","Beam Cell","Ball Lightning","Rebound","Reinforced Body","Coolheaded"],"relics":["Cracked Core","InkBottle","Cables","Mummified Hand","Golden Idol"],"acts_visited":["Exordium"],"potions_floor_usage":[16],"damage_taken":[{"damage":7.0,"enemies":"Jaw Worm","floor":1.0,"turns":3.0},{"damage":5.0,"enemies":"2 Louse","floor":2.0,"turns":2.0},{"damage":1.0,"enemies":"Cultist","floor":3.0,"turns":3.0},{"damage":5.0,"enemies":"Lots of Slimes","floor":5.0,"turns":3.0},{"damage":30.0,"enemies":"Lagavulin","floor":6.0,"turns":6.0},{"damage":0.0,"enemies":"3 Louse","floor":7.0,"turns":2.0},{"damage":7.0,"enemies":"Exordium Wildlife","floor":12.0,"turns":2.0},{"damage":0,"enemies":"2 Fungi Beasts","floor":13,"turns":2},{"damage":15,"enemies":"Lots of Slimes","floor":14,"turns":3},{"damage":24,"enemies":"Slime Boss","floor":16,"turns":4}],"seed_played":"-8547862952891174036","potions_obtained":[{"floor":1.0,"key":"Dexterity Potion"},{"floor":6.0,"key":"Explosive Potion"},{"floor":7.0,"key":"SteroidPotion"},{"floor":13,"key":"BlessingOfTheForge"}],"is_trial":false,"path_per_floor":["M","M","M","?","M","E","M","$","T","?","R","M","M","M","R","B"],"character_chosen":"DEFECT","items_purchased":["Cables"],"campfire_rested":2,"item_purchase_floors":[8],"current_hp_per_floor":[57,52,51,40,35,5,5,5,5,5,24,17,17,2,21,0,0],"gold":71,"neow_bonus":"ONE_RANDOM_RARE_CARD","is_daily":false,"chose_seed":false,"campfire_upgraded":0,"win_rate":0.0,"timestamp":1613155970,"path_taken":["M","M","M","?","M","E","M","$","T","?","R","M","M","M","R","BOSS"],"items_purchased_type":["Relic"],"build_version":"2020-12-18","purchased_purges":0,"victory":false,"max_hp_per_floor":[71,71,71,71,71,71,71,71,71,64,64,64,64,64,64,64,64],"relic_stats":{"counters":[10,30],"Mummified Hand":[3],"Golden Idol":11,"obtain_stats":[{"Mummified Hand":9,"Golden Idol":10,"Cracked Core":0,"InkBottle":6,"Cables":8},{"Mummified Hand":6,"Golden Idol":6,"Cracked Core":0,"InkBottle":5,"Cables":6},{"Mummified Hand":19,"Golden Idol":19,"Cracked Core":0,"InkBottle":17,"Cables":19}],"InkBottle":[3],"Cables":[8,7,1,0,0]},"card_choices":[{"not_picked":["Undo","Conserve Battery"],"picked":"Sweeping Beam","floor":1.0},{"not_picked":["Tempest","Barrage"],"picked":"Static Discharge","floor":2.0},{"not_picked":["Redo","Reprogram"],"picked":"Sunder","floor":3.0},{"not_picked":["Go for the Eyes","Streamline"],"picked":"Beam Cell","floor":5.0},{"not_picked":["Stack","Steam"],"picked":"Ball Lightning","floor":6.0},{"not_picked":["Conserve Battery","Chill"],"picked":"Rebound","floor":7.0},{"not_picked":["Blizzard","Rip and Tear","All For One"],"picked":"SKIP","floor":12.0},{"not_picked":["Conserve Battery","Gash"],"picked":"Reinforced Body","floor":13},{"not_picked":["Lockon","Rip and Tear"],"picked":"Coolheaded","floor":14}],"player_experience":1723917,"relics_obtained":[{"floor":6.0,"key":"InkBottle"},{"floor":9.0,"key":"Mummified Hand"}],"event_choices":[{"damage_healed":0.0,"max_hp_gain":0.0,"max_hp_loss":0.0,"gold_gain":75.0,"event_name":"World of Goop","player_choice":"Gather Gold","floor":4.0,"gold_loss":0.0,"damage_taken":11.0},{"damage_healed":0.0,"max_hp_gain":0.0,"max_hp_loss":7.0,"gold_gain":0.0,"event_name":"Golden Idol","player_choice":"Lose Max HP","floor":10.0,"gold_loss":0.0,"damage_taken":0.0,"relics_obtained":["Golden Idol"]}],"is_beta":true,"boss_relics":[],"items_purged_floors":[],"is_endless":false,"potions_floor_spawned":[1,6,7,13],"killed_by":"Slime Boss","ascension_level":20}}