{"host":"zwb5naz29bygj01b","time":1613142976,"event":{"mods":["2.2 Compatiblity","AchievementEnabler","BaseMod","Bestiary","Better Altar","Better Match","Better Note","Better Sensory Stone","Better Skull","Better Third Choice","Better-Laid Plans","BetterRewards","Block Reminder","Colored Map","Colored Powertips","Custom Start","Dark Map","DeckTracker","Downfall","Filter the Spire","Hermit","Highlight Path","Minty Spire (QoL Compilation)","Practice Mode","Quick Restart","Random Character Button","Rare Cards Sparkle","Shade Mod","Spicy Shops","StSLib","The Bug Knight","The Cursed","The Disciple","The Hierophant","The IronCluck","Transform Curses"],"gold_per_floor":[113,188,188,188,35,35,70,84,84,84,84,101,101,114,114,219,219,203,128,128,128,6,37,47,47,47,76,4,4,22,22,22,125,125,144,144,36,46,8,8,8],"floor_reached":40,"language":"ENG","playtime":3207,"items_purged":["Writhe"],"score":707,"play_id":"c774dbaf-2ba1-4d5b-8b92-62d5c023a39c","local_time":"20210212091616","is_ascension_mode":true,"campfire_choices":[{"floor":6,"key":"REST"},{"floor":15,"key":"REST"},{"floor":25,"key":"REST"},{"floor":32,"key":"REST"}],"circlet_count":0,"master_deck":["Strike_P+1","Strike_P+1","Strike_P+1","Strike_P+1","Defend_P+1","Defend_P+1","Defend_P+1","Defend_P+1","Eruption+1","Vigilance","Apotheosis+1","Indignation","Worship","DeusExMachina","DeusExMachina","ReachHeaven","Protect","ThirdEye","Crescendo+1","Indignation+1","SpiritShield+1","CurseOfTheBell","Protect+1","ClearTheMind+1","ForeignInfluence+1","FlurryOfBlows","CutThroughFate","Slimebound:CheckThePlaybook+1","Alpha+1","Vault+1","Halt+1","Indignation+1","Prostrate+1","Adaptation+1","Meditate+1","Consecrate+1","LikeWater+1"],"relics":["PureWater","Yang","Toolbox","Thread and Needle","Bird Faced Urn","Orrery","Oddly Smooth Stone","Toxic Egg 2","Ornamental Fan","Calling Bell","Damaru","HollowMod:StagPassRelic","CaptainsWheel","Bag of Preparation","Sundial","Calipers","Happy Flower","Toy Ornithopter","Astrolabe"],"acts_visited":["Exordium","TheCity","TheBeyond"],"potions_floor_usage":[16,30,30,30],"damage_taken":[{"damage":2,"enemies":"2 Louse","floor":1,"turns":3},{"damage":35,"enemies":"Gremlin Nob","floor":7,"turns":5},{"damage":0,"enemies":"Jaw Worm","floor":8,"turns":3},{"damage":0,"enemies":"Small Slimes","floor":12,"turns":2},{"damage":0,"enemies":"Looter","floor":14,"turns":1},{"damage":1,"enemies":"Hexaghost","floor":16,"turns":8},{"damage":12,"enemies":"2 Thieves","floor":18,"turns":4},{"damage":26,"enemies":"Book of Stabbing","floor":23,"turns":4},{"damage":29,"enemies":"3 Byrds","floor":24,"turns":8},{"damage":0,"enemies":"HollowMod:Nosk","floor":27,"turns":3},{"damage":9,"enemies":"Centurion and Healer","floor":30,"turns":2},{"damage":7,"enemies":"Collector","floor":33,"turns":7},{"damage":20,"enemies":"Orb Walker","floor":35,"turns":2},{"damage":1,"enemies":"3 Darklings","floor":38,"turns":4},{"damage":83,"enemies":"Reptomancer","floor":40,"turns":2}],"seed_played":"-4437881211213362029","potions_obtained":[{"floor":7,"key":"ColorlessPotion"},{"floor":12,"key":"SpeedPotion"},{"floor":21,"key":"EntropicBrew"},{"floor":38,"key":"GamblersBrew"}],"is_trial":false,"path_per_floor":["M","?","?","?","$","R","E","M","T","?","?","M","T","M","R","B",null,"M","?","?","?","$","E","M","R","T","E","$","?","M","?","R","B",null,"M","?","$","M","$","E"],"character_chosen":"WATCHER","items_purchased":["Yang","Apotheosis","ThirdEye","Toolbox","Thread and Needle","Orrery","Evaluate+1","Toy Ornithopter","Adaptation","Meditate+1","LikeWater"],"campfire_rested":4,"item_purchase_floors":[0,0,0,0,0,5,22,28,37,37,39],"current_hp_per_floor":[37,26,31,16,16,39,4,4,4,4,4,4,4,4,27,26,77,65,65,65,65,65,39,10,33,33,33,33,33,39,39,60,53,70,50,50,50,51,51,0,0],"gold":8,"neow_bonus":"","is_daily":false,"chose_seed":false,"campfire_upgraded":0,"win_rate":0.0,"timestamp":1613142976,"path_taken":["M","?","?","?","$","R","E","M","T","?","?","M","?","M","R","BOSS","M","?","?","?","$","E","?","R","T","E","$","?","M","?","R","BOSS","M","?","$","M","$","E"],"items_purchased_type":["Relic","Card","Card","Relic","Relic","Relic","Card","Relic","Card","Card","Card"],"build_version":"2020-12-22","purchased_purges":1,"victory":false,"max_hp_per_floor":[72,72,77,77,77,77,77,77,77,77,77,77,77,77,77,77,77,77,77,77,77,77,77,77,77,77,77,77,77,77,70,70,70,70,70,70,70,70,70,70,70],"card_choices":[{"not_picked":["Evaluate","WaveOfTheHand"],"picked":"Indignation","floor":1},{"not_picked":["FlyingSleeves","JustLucky"],"picked":"Worship","floor":5},{"not_picked":["CrushJoints","MentalFortress"],"picked":"ForeignInfluence","floor":5},{"not_picked":["DeceiveReality","FlyingSleeves"],"picked":"DeusExMachina","floor":5},{"not_picked":["Halt","CarveReality"],"picked":"DeusExMachina","floor":5},{"not_picked":["PathToVictory","BattleHymn"],"picked":"ReachHeaven","floor":5},{"not_picked":["CutThroughFate","Consecrate"],"picked":"Protect","floor":7},{"not_picked":["Nirvana","WreathOfFlame"],"picked":"ThirdEye","floor":8},{"not_picked":["Impatience+1","Deep Breath+1"],"picked":"Secret Weapon+1","floor":11},{"not_picked":["JustLucky","FlyingSleeves"],"picked":"Crescendo+1","floor":12},{"not_picked":["FlyingSleeves","FollowUp"],"picked":"Indignation+1","floor":14},{"not_picked":["Judgement+1","Omniscience+1"],"picked":"SpiritShield+1","floor":16},{"not_picked":["FlyingSleeves","ClearTheMind+1"],"picked":"Protect+1","floor":18},{"not_picked":["MasterReality","Protect+1"],"picked":"ClearTheMind+1","floor":23},{"not_picked":["SashWhip+1","CrushJoints"],"picked":"ForeignInfluence+1","floor":24},{"not_picked":["LessonLearned","ThirdEye+1"],"picked":"FlurryOfBlows","floor":27},{"not_picked":["Consecrate","Weave+1"],"picked":"CutThroughFate","floor":30},{"not_picked":["Devotion","Omniscience+1"],"picked":"Alpha+1","floor":33},{"not_picked":["SashWhip","JustLucky+1"],"picked":"Prostrate+1","floor":35},{"not_picked":["Wireheading","Halt+1"],"picked":"Consecrate+1","floor":38}],"player_experience":50619,"relics_obtained":[{"floor":7,"key":"Oddly Smooth Stone"},{"floor":9,"key":"Toxic Egg 2"},{"floor":13,"key":"Ornamental Fan"},{"floor":17,"key":"Damaru"},{"floor":17,"key":"HollowMod:StagPassRelic"},{"floor":17,"key":"CaptainsWheel"},{"floor":23,"key":"Sundial"},{"floor":26,"key":"Calipers"},{"floor":27,"key":"Happy Flower"}],"event_choices":[{"damage_healed":0,"gold_gain":75,"player_choice":"Gold","damage_taken":11,"max_hp_gain":0,"max_hp_loss":0,"event_name":"betterThird:BetterGoop","floor":2,"gold_loss":0},{"damage_healed":0,"gold_gain":0,"player_choice":"Donut","damage_taken":0,"max_hp_gain":5,"max_hp_loss":0,"event_name":"Big Fish","floor":3,"gold_loss":0},{"damage_healed":31,"gold_gain":0,"player_choice":"Upgrade","damage_taken":15,"max_hp_gain":0,"max_hp_loss":77,"event_name":"betterThird:BetterShining","floor":4,"gold_loss":0,"cards_upgraded":["Strike_P","Eruption"]},{"damage_healed":0,"gold_gain":0,"player_choice":"Grow","damage_taken":0,"max_hp_gain":0,"max_hp_loss":0,"event_name":"Living Wall","floor":10,"gold_loss":0,"cards_upgraded":["Apotheosis"]},{"damage_healed":0,"gold_gain":1,"player_choice":"1","damage_taken":0,"max_hp_gain":0,"max_hp_loss":0,"event_name":"betterStone:BetterStone","floor":11,"gold_loss":0},{"cards_removed":["Secret Weapon"],"damage_healed":0,"gold_gain":0,"player_choice":"Gave Gold","damage_taken":0,"max_hp_gain":0,"max_hp_loss":0,"event_name":"Beggar","floor":19,"gold_loss":75},{"damage_healed":0,"gold_gain":0,"player_choice":"Opened","damage_taken":0,"relics_obtained":["Bag of Preparation"],"max_hp_gain":0,"max_hp_loss":0,"event_name":"The Mausoleum","floor":20,"gold_loss":0,"cards_obtained":["Writhe"]},{"damage_healed":0,"gold_gain":0,"player_choice":"Got Potions","damage_taken":0,"max_hp_gain":0,"max_hp_loss":0,"event_name":"Lab","floor":21,"gold_loss":0},{"damage_healed":0,"gold_gain":0,"player_choice":"Simplicity","damage_taken":0,"max_hp_gain":0,"max_hp_loss":7,"event_name":"betterThird:BetterWriting","floor":29,"gold_loss":0},{"damage_healed":0,"gold_gain":0,"player_choice":"Ignored","damage_taken":0,"max_hp_gain":0,"max_hp_loss":0,"event_name":"Tomb of Lord Red Mask","floor":36,"gold_loss":0}],"is_beta":false,"boss_relics":[{"not_picked":["Velvet Choker","Ectoplasm"],"picked":"Calling Bell"},{"not_picked":["Coffee Dripper","Runic Dome"],"picked":"Astrolabe"}],"items_purged_floors":[22],"is_endless":false,"potions_floor_spawned":[7,12,24,38],"killed_by":"Reptomancer","ascension_level":3}}