{"host":"36t3qd3wjvajtu1z","time":1613107756,"event":{"mods":["2.2 Compatiblity","AchievementEnabler","BaseMod","Bestiary","Block Reminder","Colored Powertips","Curses Come First","Highlight Path","Minty Spire (QoL Compilation)","Permanent Neow","Quick Restart","Random Character Button","Rare Cards Sparkle","Relic Stats","Slay-I","StSLib","Unknown Chances"],"gold_per_floor":[111,121,121,17,37,37,64,81,81,107,121,153,153,173,173,250,250,268,283,296,101,111,140,155,155,182,215,226,255,255,288,288,362,362,380,45,98,109,121,154,154,181,181,200,0,0,16,16,16,16],"floor_reached":51,"language":"ENG","playtime":4500,"items_purged":["Writhe","Strike_R"],"score":1546,"play_id":"464fcefc-cb48-414c-becc-6bebc9a5fe06","local_time":"20210211212916","is_ascension_mode":true,"campfire_choices":[{"data":"Bash","floor":6.0,"key":"SMITH"},{"data":"1","floor":13.0,"key":"LIFT"},{"data":"2","floor":15.0,"key":"LIFT"},{"data":"Armaments","floor":25.0,"key":"SMITH"},{"data":"3","floor":30.0,"key":"LIFT"},{"data":"Berserk","floor":32.0,"key":"SMITH"},{"data":"Demon Form","floor":41,"key":"SMITH"},{"floor":46,"key":"REST"},{"floor":49,"key":"REST"}],"circlet_count":0,"master_deck":["AscendersBane","Strike_R+1","Strike_R+1","Strike_R+1","Strike_R+1","Defend_R+1","Defend_R+1","Defend_R+1","Defend_R+1","Bash+1","Feed+1","Thunderclap+1","Cleave+1","Flex+1","Clothesline+1","Reaper+1","Carnage+1","Intimidate+1","Blood for Blood+1","Shockwave+1","Heavy Blade+1","Demon Form+1","Armaments+1","Headbutt+1","Brutality+1","Dark Embrace+1","True Grit+1","Heavy Blade+1","Berserk+1","Pummel+1","Fiend Fire+1","Demon Form+1","Brutality+1","CurseOfTheBell","Shrug It Off+1","True Grit+1","Metallicize+1","Shrug It Off+1","Shrug It Off+1","Sentinel+1","Feel No Pain+1","Combust+1","Dual Wield+1","Headbutt+1","Sword Boomerang+1","Metallicize+1"],"relics":["Burning Blood","Blue Candle","TungstenRod","Girya","Odd Mushroom","Ginger","Snecko Eye","Dream Catcher","Boot","Vajra","Bag of Preparation","Prayer Wheel","Calling Bell","Art of War","Pocketwatch","Question Card","Membership Card","Lantern","Magic Flower","Omamori","Happy Flower","Mummified Hand","Red Mask","Mark of the Bloom"],"acts_visited":["Exordium","TheCity","TheBeyond"],"potions_floor_usage":[33,40,50,50],"damage_taken":[{"damage":11.0,"enemies":"Jaw Worm","floor":1.0,"turns":4.0},{"damage":12.0,"enemies":"Small Slimes","floor":2.0,"turns":2.0},{"damage":4.0,"enemies":"2 Louse","floor":5.0,"turns":3.0},{"damage":36.0,"enemies":"Lagavulin","floor":7.0,"turns":7.0},{"damage":6.0,"enemies":"Large Slime","floor":8.0,"turns":6.0},{"damage":21.0,"enemies":"The Mushroom Lair","floor":10.0,"turns":4.0},{"damage":10.0,"enemies":"Looter","floor":11.0,"turns":2.0},{"damage":52.0,"enemies":"Gremlin Nob","floor":12.0,"turns":5.0},{"damage":10.0,"enemies":"Exordium Wildlife","floor":14.0,"turns":4.0},{"damage":33.0,"enemies":"The Guardian","floor":16.0,"turns":12.0},{"damage":9.0,"enemies":"2 Thieves","floor":18.0,"turns":4.0},{"damage":20.0,"enemies":"Spheric Guardian","floor":19.0,"turns":4.0},{"damage":10.0,"enemies":"Chosen and Byrds","floor":20.0,"turns":4.0},{"damage":0.0,"enemies":"Snecko","floor":22.0,"turns":2.0},{"damage":4.0,"enemies":"Gremlin Leader","floor":23.0,"turns":4.0},{"damage":43.0,"enemies":"Cultist and Chosen","floor":24.0,"turns":6.0},{"damage":10.0,"enemies":"Book of Stabbing","floor":27.0,"turns":3.0},{"damage":18.0,"enemies":"Snake Plant","floor":28.0,"turns":3.0},{"damage":33.0,"enemies":"Gremlin Leader","floor":29.0,"turns":5.0},{"damage":12.0,"enemies":"Slavers","floor":31.0,"turns":4.0},{"damage":63,"enemies":"Champ","floor":33,"turns":8},{"damage":41,"enemies":"3 Darklings","floor":35,"turns":7},{"damage":30,"enemies":"2 Orb Walkers","floor":37,"turns":4},{"damage":11,"enemies":"3 Shapes","floor":38,"turns":6},{"damage":6,"enemies":"Transient","floor":39,"turns":6},{"damage":6,"enemies":"Nemesis","floor":40,"turns":3},{"damage":72,"enemies":"Reptomancer","floor":42,"turns":3},{"damage":13,"enemies":"Maw","floor":44,"turns":4},{"damage":5,"enemies":"Writhing Mass","floor":47,"turns":3},{"damage":99,"enemies":"Time Eater","floor":50,"turns":14}],"seed_played":"8281805333908909907","potions_obtained":[{"floor":5.0,"key":"Strength Potion"},{"floor":11.0,"key":"FairyPotion"},{"floor":12.0,"key":"Ancient Potion"},{"floor":14.0,"key":"Swift Potion"},{"floor":16.0,"key":"AttackPotion"},{"floor":19.0,"key":"ElixirPotion"},{"floor":20.0,"key":"DistilledChaos"},{"floor":22.0,"key":"SpeedPotion"},{"floor":24.0,"key":"Strength Potion"},{"floor":31.0,"key":"BlessingOfTheForge"},{"floor":35,"key":"DuplicationPotion"},{"floor":44,"key":"PowerPotion"}],"is_trial":false,"path_per_floor":["M","M","?","$","M","R","E","M","T","?","M","E","R","M","R","B",null,"M","M","M","$","M","E","M","R","T","E","M","E","R","E","R","B",null,"M","$","?","M","M","E","R","E","T","M","?","R","M","?","R","B",null],"character_chosen":"IRONCLAD","items_purchased":["Flex","Dark Embrace","True Grit","Membership Card","Lantern","PowerPotion","True Grit","Metallicize"],"campfire_rested":2,"item_purchase_floors":[4,21,21,36,36,36,36,36],"current_hp_per_floor":[66,63,52,52,57,57,30,39,39,41,40,34,34,50,50,35,83,95,88,105,105,109,112,90,90,90,94,82,94,94,93,93,80,112,109,109,88,125,125,128,128,65,65,61,61,99,128,128,128,29],"gold":16,"neow_bonus":"THREE_RARE_CARDS","is_daily":false,"chose_seed":false,"campfire_upgraded":4,"win_rate":0.0,"timestamp":1613107756,"path_taken":["M","M","?","$","M","R","E","M","T","?","M","E","R","M","R","BOSS","M","M","M","$","M","E","M","R","T","E","M","E","R","E","R","BOSS","M","$","?","M","M","E","R","E","T","M","?","R","M","?","R","BOSS"],"items_purchased_type":["Card","Card","Card","Relic","Relic","Potion","Card","Card"],"build_version":"2020-12-22","purchased_purges":2,"victory":true,"max_hp_per_floor":[78,81,81,81,84,84,87,90,90,93,96,96,96,96,96,99,99,102,102,105,105,109,112,115,115,115,115,115,118,118,118,118,122,122,122,122,125,125,125,128,128,128,128,128,128,128,128,128,128,128],"relic_stats":{"Mark of the Bloom":229,"Happy Flower":[7],"counters":[30,146],"Blue Candle":[0],"Magic Flower":[34],"Bag of Preparation":[22],"Ginger":[22],"Boot":[9],"Question Card":15,"Burning Blood":165,"Dream Catcher":2,"Mummified Hand":[47],"Snecko Eye":[197,221,166,208],"Prayer Wheel":5,"Art of War":[12],"obtain_stats":[{"Girya":9,"Lantern":36,"Mark of the Bloom":48,"Happy Flower":42,"Blue Candle":3,"Vajra":27,"Magic Flower":37,"Bag of Preparation":29,"Omamori":40,"Ginger":12,"Odd Mushroom":10,"Boot":26,"Question Card":34,"Burning Blood":0,"Calling Bell":34,"Dream Catcher":23,"Mummified Hand":43,"Snecko Eye":17,"Prayer Wheel":31,"Art of War":34,"Red Mask":45,"Membership Card":36,"TungstenRod":7,"Pocketwatch":34},{"Girya":5,"Lantern":22,"Mark of the Bloom":29,"Happy Flower":27,"Blue Candle":2,"Vajra":17,"Magic Flower":23,"Bag of Preparation":19,"Omamori":26,"Ginger":8,"Odd Mushroom":6,"Boot":16,"Question Card":21,"Burning Blood":0,"Calling Bell":21,"Dream Catcher":15,"Mummified Hand":27,"Snecko Eye":10,"Prayer Wheel":20,"Art of War":21,"Red Mask":28,"Membership Card":22,"TungstenRod":4,"Pocketwatch":21},{"Girya":22,"Lantern":103,"Mark of the Bloom":132,"Happy Flower":125,"Blue Candle":6,"Vajra":76,"Magic Flower":107,"Bag of Preparation":84,"Omamori":122,"Ginger":33,"Odd Mushroom":26,"Boot":73,"Question Card":96,"Burning Blood":0,"Calling Bell":96,"Dream Catcher":67,"Mummified Hand":125,"Snecko Eye":49,"Prayer Wheel":88,"Art of War":96,"Red Mask":129,"Membership Card":103,"TungstenRod":16,"Pocketwatch":96}],"TungstenRod":144,"Pocketwatch":[53]},"card_choices":[{"not_picked":["Offering","Corruption"],"picked":"Feed","floor":0.0},{"not_picked":["True Grit","Power Through"],"picked":"Thunderclap","floor":1.0},{"not_picked":["Shrug It Off","Dropkick"],"picked":"Cleave","floor":2.0},{"not_picked":["Thunderclap","Flame Barrier"],"picked":"Clothesline","floor":5.0},{"not_picked":["Clash","Sword Boomerang"],"picked":"Reaper","floor":7.0},{"not_picked":["Thunderclap","Perfected Strike"],"picked":"Carnage","floor":8.0},{"not_picked":["Sword Boomerang","Thunderclap"],"picked":"Intimidate","floor":10.0},{"not_picked":["Reckless Charge","Warcry"],"picked":"Blood for Blood","floor":11.0},{"not_picked":["Bloodletting","Cleave"],"picked":"Shockwave","floor":12.0},{"not_picked":["Reckless Charge","Wild Strike"],"picked":"Heavy Blade","floor":14.0},{"not_picked":["Bludgeon","Feed"],"picked":"Demon Form","floor":16.0},{"not_picked":["Blood for Blood","Cleave"],"picked":"Armaments","floor":18.0},{"not_picked":["Wild Strike","Dropkick"],"picked":"Headbutt","floor":19.0},{"not_picked":["Pommel Strike","Iron Wave"],"picked":"Brutality","floor":20.0},{"not_picked":["Intimidate","Sword Boomerang"],"picked":"Heavy Blade+1","floor":22.0},{"not_picked":["Searing Blow","Pommel Strike","Rage"],"picked":"SKIP","floor":23.0},{"not_picked":["Sword Boomerang","True Grit","Dropkick"],"picked":"SKIP","floor":24.0},{"not_picked":["Heavy Blade","Intimidate"],"picked":"Berserk","floor":27.0},{"not_picked":["Clash","Sever Soul"],"picked":"Pummel","floor":28.0},{"not_picked":["Flex","Armaments+1"],"picked":"Fiend Fire","floor":29.0},{"not_picked":["Entrench","Infernal Blade"],"picked":"Demon Form","floor":31.0},{"not_picked":["Fiend Fire","Immolate"],"picked":"Brutality","floor":33},{"not_picked":["Iron Wave","Hemokinesis","Brutality"],"picked":"Shrug It Off","floor":35},{"not_picked":["Perfected Strike","Iron Wave","Entrench","Seeing Red"],"picked":"SKIP","floor":35},{"not_picked":["Perfected Strike","Seeing Red+1","Rage"],"picked":"Shrug It Off+1","floor":37},{"not_picked":["Anger","Flame Barrier","Whirlwind+1"],"picked":"Shrug It Off+1","floor":38},{"not_picked":["Clash+1","Havoc","Body Slam"],"picked":"Sentinel","floor":38},{"not_picked":["Reckless Charge","Rage","Wild Strike"],"picked":"Feel No Pain","floor":39},{"not_picked":["Wild Strike","Thunderclap+1","Demon Form"],"picked":"Combust+1","floor":39},{"not_picked":["Shrug It Off","Warcry","Heavy Blade","Perfected Strike"],"picked":"SKIP","floor":40},{"not_picked":["Havoc","Reckless Charge+1","Fiend Fire"],"picked":"Dual Wield","floor":42},{"not_picked":["Power Through","Whirlwind+1","Infernal Blade"],"picked":"Headbutt","floor":44},{"not_picked":["Combust","Armaments","Flex","Hemokinesis"],"picked":"SKIP","floor":44},{"not_picked":["Rampage","Spot Weakness","Battle Trance"],"picked":"Sword Boomerang+1","floor":46},{"not_picked":["Ghostly Armor","Bloodletting","Searing Blow+1"],"picked":"Metallicize+1","floor":47},{"not_picked":["True Grit","Armaments","Warcry+1","Iron Wave+1"],"picked":"SKIP","floor":47}],"player_experience":501570,"relics_obtained":[{"floor":7.0,"key":"TungstenRod"},{"floor":9.0,"key":"Girya"},{"floor":10.0,"key":"Odd Mushroom"},{"floor":12.0,"key":"Ginger"},{"floor":23.0,"key":"Dream Catcher"},{"floor":26.0,"key":"Boot"},{"floor":27.0,"key":"Vajra"},{"floor":29.0,"key":"Bag of Preparation"},{"floor":31.0,"key":"Prayer Wheel"},{"floor":34,"key":"Art of War"},{"floor":34,"key":"Pocketwatch"},{"floor":34,"key":"Question Card"},{"floor":37,"key":"Magic Flower"},{"floor":40,"key":"Omamori"},{"floor":42,"key":"Happy Flower"},{"floor":43,"key":"Mummified Hand"}],"event_choices":[{"damage_healed":0.0,"max_hp_gain":0.0,"max_hp_loss":0.0,"gold_gain":0.0,"event_name":"Scrap Ooze","player_choice":"Success","floor":3.0,"gold_loss":0.0,"damage_taken":11.0,"relics_obtained":["Blue Candle"]},{"damage_healed":0.0,"max_hp_gain":0.0,"max_hp_loss":0.0,"gold_gain":0.0,"event_name":"Mushrooms","player_choice":"Fought Mushrooms","floor":10.0,"gold_loss":0.0,"damage_taken":0.0},{"damage_healed":0,"gold_gain":0,"player_choice":"Fight","damage_taken":0,"max_hp_gain":0,"max_hp_loss":0,"event_name":"Mysterious Sphere","floor":37,"gold_loss":0},{"damage_healed":0,"gold_gain":0,"player_choice":"Paid","damage_taken":0,"relics_obtained":["Red Mask"],"max_hp_gain":0,"max_hp_loss":0,"event_name":"Tomb of Lord Red Mask","floor":45,"gold_loss":200},{"damage_healed":0,"gold_gain":0,"player_choice":"Upgrade","damage_taken":0,"relics_obtained":["Mark of the Bloom"],"max_hp_gain":0,"max_hp_loss":0,"event_name":"MindBloom","floor":48,"gold_loss":0,"cards_upgraded":["Strike_R","Strike_R","Strike_R","Strike_R","Defend_R","Defend_R","Defend_R","Defend_R","Feed","Thunderclap","Cleave","Flex","Clothesline","Reaper","Carnage","Intimidate","Blood for Blood","Shockwave","Heavy Blade","Demon Form","Headbutt","Brutality","Dark Embrace","True Grit","Pummel","Fiend Fire","Brutality","Shrug It Off","True Grit","Metallicize","Sentinel","Feel No Pain","Dual Wield","Headbutt"]}],"is_beta":false,"boss_relics":[{"not_picked":["Coffee Dripper","Empty Cage"],"picked":"Snecko Eye"},{"not_picked":["Fusion Hammer","Busted Crown"],"picked":"Calling Bell"}],"items_purged_floors":[4,21],"is_endless":false,"potions_floor_spawned":[5,11,12,14,16,19,20,22,24,31,35,44,47],"ascension_level":18}}