{"host":"6zxkll9nensv7d24","time":1613137730,"event":{"mods":["2.2 Compatiblity","AchievementEnabler","Act Like it!","Arknights","Bard","BaseMod","Better Match","Better Note","Better Third Choice","Better Vampires","BetterRewards","Conspire","Curses Come First","Displayed Cursed Tome","Dota2Spire","Downfall","Duelist Mod","Hallownest","HololiveMod","Hubris","Hyrulean Relics","Infinite Spire","Minty Spire (QoL Compilation)","Reliquary","Replay The Spire","Small Relic Pack","StS++","StSLib","The Animator","The Bug Knight","The Dragon Tamer","The Exalted","The Mystic","TheSwordswoman","Transform Curses"],"gold_per_floor":[81,81,102,102,127,127,127,127,153,187,112,180,233,271,271,384,384,407,425,425,425,425,440,151,151,186,186,186,186,219,261,0,56,56,198,198,217,241,241,261,186,229,229,270,270,270,284,314,496,516,516,536,536],"floor_reached":52,"language":"ENG","playtime":5571,"items_purged":[],"score":1156,"play_id":"5ff7e57b-6398-4851-8d33-4919fad62bc2","local_time":"20210212074850","is_ascension_mode":true,"campfire_choices":[{"data":"Hololive_CallUruhaRushia","floor":6,"key":"SMITH"},{"data":"Hololive_OvertimeWork","floor":8,"key":"SMITH"},{"data":"Hololive_StrengthChampion","floor":15,"key":"SMITH"},{"floor":25,"key":"REST"},{"floor":29,"key":"REST"},{"floor":34,"key":"REST"},{"data":"Hololive_ScarfAndHalo","floor":43,"key":"SMITH"}],"circlet_count":0,"master_deck":["Hololive_Strike","Hololive_Strike","Hololive_Defend","Hololive_Defend","Hololive_Sequa","Hololive_CallSakuraMiko","Hololive_CallDoris","Hololive_CallHimemoriLuna","Hololive_CallAkiRosenthal","Hololive_CallUruhaRushia","Hololive_Rebound","Hololive_CocoNews","Hololive_ScarfAndHalo+1","Hololive_CallSpadeEcho","Hololive_ILoveYou","Hololive_DevilCharm","Hololive_Trident","Hololive_CallUruhaRushia+1","Good Instincts","Hololive_OvertimeWork+1","Hololive_Drill","Hololive_Rebound","Hololive_CallAyundaRisu","Hololive_StrengthChampion+1","Hololive_FlyingPonyTail","Hololive_CallFriendA","Hololive_Breathe","Hololive_CallManoAloe","Hololive_WolfAndLamb","Hololive_CallYozoraMel","Hololive_Spy","CurseOfTheBell","Hololive_RevenueBasedLive+1","Hololive_CocoNews+1","Hololive_Watashimo+1","Hololive_CallMomosuzuNene+9","Hololive_Psychosis+1","Hololive_Sequa+1","Hololive_Nanodesu+1","Hololive_CallAyundaRisu+1","Hololive_StrengthChampion+1","Hololive_AWSL","Hololive_CallNekomataOkayu","Hololive_CallAkaiHaato","Hololive_CallKiryuuCoco","Hololive_DevilCharm","Hololive_DurableLive","Forethought","Hololive_CallDoris+1","Hololive_CallInugamiKorone+1","infinitespire:NeuralNetwork","Hololive_HuntDinosaur+1","Hololive_FlyingPonyTail+1","Hololive_OvertimeWork+1","Hololive_CallArtia"],"relics":["Hololive_TheStar","Meat on the Bone","Lizard Tail","conspire:TreasureMap","hubris:BundleOfHerbs","Anchor","StSpp:GiftCard","Potion Belt","Dota2Spire:PhaseBoots","Hololive_ChaosS","Calling Bell","Pet Ghost","Molten Egg 2","Replay:Kaleidoscope","Sling","reliquary:Knoch","reliquary:QuartzCube","conspire:DeflatedDodgeball","Hololive_LightStick","Bromod:ArcaneGrace","infinitespire:BottledMercury","Bromod:ArcaneAvenger","Replay:Bottled Snecko","Bromod:ArcaneNullifier","Tiny Chest","Hallownest:GodTamersBeastRelic"],"acts_visited":["Exordium","TheCity","TheCity"],"potions_floor_usage":[10,10,10,16,16,18,26,26,33,33,38,38,49,49],"damage_taken":[{"damage":0,"enemies":"ats:Genji","floor":1,"turns":3},{"damage":0,"enemies":"infinitespire:Voidling","floor":3,"turns":3},{"damage":5,"enemies":"Jaw Worm","floor":5,"turns":5},{"damage":0,"enemies":"3 Sentries","floor":10,"turns":5},{"damage":0,"enemies":"conspire:MimicChest","floor":12,"turns":4},{"damage":0,"enemies":"Lots of Slimes","floor":13,"turns":4},{"damage":0,"enemies":"HollowMod:MossKnight","floor":14,"turns":6},{"damage":0,"enemies":"Slime Boss","floor":16,"turns":6},{"damage":0,"enemies":"3 Byrds","floor":18,"turns":5},{"damage":0,"enemies":"Chosen","floor":19,"turns":4},{"damage":7,"enemies":"Snake Plant","floor":23,"turns":5},{"damage":10,"enemies":"theDuelist:KaibaA2","floor":26,"turns":4},{"damage":0,"enemies":"Cultist and Chosen","floor":30,"turns":5},{"damage":10,"enemies":"Nightmare","floor":33,"turns":8},{"damage":0,"enemies":"hubris:MusketHawk","floor":35,"turns":6},{"damage":7,"enemies":"Hallownest:3_Siblings","floor":37,"turns":14},{"damage":6,"enemies":"Hallownest:Shield_Heavy","floor":38,"turns":5},{"damage":0,"enemies":"Hallownest:2_Great","floor":40,"turns":6},{"damage":0,"enemies":"Hallownest:eliteHiveKnight","floor":42,"turns":7},{"damage":0,"enemies":"Hallownest:eliteCollector","floor":44,"turns":6},{"damage":0,"enemies":"Hallownest:Shield_Sturdy","floor":47,"turns":1},{"damage":0,"enemies":"Hallownest:eliteHiveKnight","floor":48,"turns":5},{"damage":1,"enemies":"Hallownest:eliteHiveKnight","floor":49,"turns":6},{"damage":0,"enemies":"Hallownest:eliteHiveKnight","floor":49,"turns":4},{"damage":0,"enemies":"Hallownest:eliteHiveKnight","floor":49,"turns":6},{"damage":0,"enemies":"Hallownest:eliteHiveKnight","floor":49,"turns":2},{"damage":0,"enemies":"Hallownest:2_Soldiers_and_1_Guardian","floor":50,"turns":6},{"damage":108,"enemies":"Hallownest:BossHollowKnight","floor":52,"turns":9}],"seed_played":"-3104377796923519797","potions_obtained":[{"floor":1,"key":"StSpp:ScatteredPotion"},{"floor":10,"key":"BlessingOfTheForge"},{"floor":12,"key":"Block Potion"},{"floor":14,"key":"Dota2Spire:Clarity"},{"floor":23,"key":"hexamod:SoulburnPotion"},{"floor":30,"key":"sneckomod:MuddlingPotion"},{"floor":33,"key":"Fire Potion"},{"floor":35,"key":"Toxic Potion"},{"floor":38,"key":"Adrenaline Potion"},{"floor":42,"key":"ColorlessPotion"},{"floor":47,"key":"Explosive Potion"},{"floor":50,"key":"Elixir"}],"is_trial":false,"path_per_floor":["M","?","M","$","M","R","$","R","T","E","$","?","M","E","R","B",null,"M","M","AVR","PTL","PTL","M","$","R","E","?","T","R","M","?","?","NM","R","B",null,"M","M","?","M","?","E","R","E","T","AVR","M","E","?","M","R","B"],"character_chosen":"Hololive_HololiveCharacter","items_purchased":["Meat on the Bone","Hololive_Rebound","Hololive_CocoNews","Hololive_ScarfAndHalo","Hololive_CallSpadeEcho","Hololive_ILoveYou","conspire:TreasureMap","Hololive_CallAyundaRisu","Hololive_StrengthChampion","Hololive_FlyingPonyTail","SteroidPotion","Hololive_CocoNews+1","Sling","SteroidPotion","Hololive_Watashimo+1","Hololive_CallMomosuzuNene"],"campfire_rested":3,"item_purchase_floors":[0,0,0,0,0,0,0,11,11,11,11,24,24,24,24,24],"current_hp_per_floor":[35,35,35,35,35,35,35,35,35,35,35,35,35,35,35,35,35,35,35,35,35,35,28,28,35,25,25,25,35,35,35,35,25,35,35,35,36,37,37,38,38,39,39,40,40,40,41,42,46,47,47,0,0],"gold":536,"neow_bonus":"","is_daily":false,"chose_seed":false,"campfire_upgraded":4,"win_rate":0.0,"timestamp":1613137730,"path_taken":["M","?","?","?","?","R","$","R","T","E","$","?","M","E","R","BOSS","M","M","AVR","PTL","PTL","M","$","R","E","?","T","R","M","?","?","NM","R","BOSS","M","M","?","M","?","E","R","E","T","AVR","M","E","?","M","R","BOSS"],"items_purchased_type":["Relic","Card","Card","Card","Card","Card","Relic","Card","Card","Card","Potion","Card","Relic","Potion","Card","Card"],"build_version":"2020-12-22","purchased_purges":0,"victory":false,"max_hp_per_floor":[35,35,35,35,35,35,35,35,35,35,35,35,35,35,35,35,35,35,35,35,35,35,35,35,35,35,35,35,35,35,35,35,35,35,35,35,36,37,37,38,38,39,39,40,40,40,41,42,46,47,47,48,48],"card_choices":[{"not_picked":["Hololive_LuckPotion","Hololive_CallRosalyn","Hololive_Breathe"],"picked":"Hololive_DevilCharm","floor":1},{"not_picked":["Hololive_HuntDinosaur","Hololive_Sequa","Hololive_CocoNews"],"picked":"Hololive_Trident","floor":2},{"not_picked":["Hololive_CallShiranuiFlare","Hololive_CallOkamiMio","Hololive_CallNakiriAyame"],"picked":"Hololive_CallUruhaRushia","floor":2},{"not_picked":["StSpp:MindBarrier","Finesse","Madness"],"picked":"Good Instincts","floor":2},{"not_picked":["Hololive_Sequa","Hololive_FlyingPonyTail","Hololive_CallInugamiKorone"],"picked":"Hololive_OvertimeWork","floor":3},{"not_picked":["Hololive_MaximGun","Hololive_RevenueBasedLive","Hololive_CallHoshimachiSuisei"],"picked":"Hololive_Drill","floor":5},{"not_picked":["Hololive_OvertimeWork","Hololive_CallRoboco","Hololive_RevenueBasedLive"],"picked":"Hololive_Rebound","floor":10},{"not_picked":["Hololive_CallManoAloe","Hololive_CocoNews","Hololive_Sequa"],"picked":"Hololive_CallFriendA","floor":12},{"not_picked":["Hololive_FlyingPonyTail","Hololive_CallInugamiKorone","Hololive_StarCraft"],"picked":"Hololive_Breathe","floor":13},{"not_picked":["Hololive_Drill","Hololive_RevenueBasedLive","Hololive_Breathe"],"picked":"Hololive_CallManoAloe","floor":14},{"not_picked":["Hololive_BeCareful","Hololive_ASMR","Hololive_ScarfAndHalo"],"picked":"Hololive_WolfAndLamb","floor":16},{"not_picked":["Hololive_OvertimeWork","Hololive_HuntDinosaur","Hololive_StrengthChampion"],"picked":"Hololive_CallYozoraMel","floor":18},{"not_picked":["Hololive_CallSpadeEcho","Hololive_CallArtia","Hololive_CallHoshimachiSuisei+1"],"picked":"Hololive_Spy","floor":19},{"not_picked":["Hololive_Teleport","Hololive_FlyingPonyTail","Hololive_CocoNews+1"],"picked":"Hololive_RevenueBasedLive+1","floor":23},{"not_picked":["Hololive_Rebound","Hololive_Sequa+1","Hololive_Drill+1"],"picked":"Hololive_Psychosis+1","floor":26},{"not_picked":["Hololive_OvertimeWork+1","Hololive_DevilCharm","Hololive_HuntDinosaur"],"picked":"Hololive_Sequa+1","floor":30},{"not_picked":["Hololive_Rebound","Hololive_OvertimeWork+1","Hololive_CallDoris"],"picked":"Hololive_Nanodesu+1","floor":31},{"not_picked":["Hololive_LuckPotion","Hololive_Trident+1","Hololive_Watashimo"],"picked":"Hololive_CallAyundaRisu+1","floor":31},{"not_picked":["Hololive_CallAyundaRisu+1","Hololive_CallDoris","Hololive_CallAkaiHaato"],"picked":"Hololive_StrengthChampion+1","floor":33},{"not_picked":["Hololive_HighAtkLowDef","Hololive_WolfAndLamb","Hololive_MaximGun+1"],"picked":"Hololive_AWSL","floor":35},{"not_picked":["Hololive_CallAZKi","Hololive_Drill+1","Hololive_CocoNews+1"],"picked":"Hololive_CallNekomataOkayu","floor":37},{"not_picked":["Hololive_Rebound","Hololive_FlyingPonyTail+1","Hololive_OvertimeWork+1"],"picked":"Hololive_CallAkaiHaato","floor":38},{"not_picked":["Hololive_Sequa+1","Hololive_CallNakiriAyame","Hololive_RevenueBasedLive"],"picked":"Hololive_CallKiryuuCoco","floor":40},{"not_picked":["Hololive_CallUsadaPekora","Hololive_CallAkiRosenthal","Hololive_CallShirakamiFubuki"],"picked":"Hololive_DevilCharm","floor":41},{"not_picked":["Hololive_Nanodesu","Hololive_StarCraft","Hololive_MaximGun"],"picked":"Hololive_DurableLive","floor":41},{"not_picked":["Discovery","hubris:Ssssneak","hubris:Insight"],"picked":"Forethought","floor":41},{"not_picked":["Hololive_HuntDinosaur","Hololive_Trident+1","Hololive_CallAiraniIofifteen"],"picked":"Hololive_CallDoris+1","floor":42},{"not_picked":["Hololive_DiamondStrike+1","Hololive_Sequa+1","Hololive_FlyingPonyTail+1"],"picked":"Hololive_CallInugamiKorone+1","floor":44},{"not_picked":["Hololive_LuckPotion","Hololive_Trident+1","Hololive_Watashimo+1"],"picked":"Hololive_HuntDinosaur+1","floor":47},{"not_picked":["Hololive_Rebound","Hololive_CocoNews+1","Hololive_CallUruhaRushia"],"picked":"Hololive_FlyingPonyTail+1","floor":48},{"not_picked":["Hololive_CocoNews+1","Hololive_HuntDinosaur","Hololive_CandyCastle+1"],"picked":"Hololive_OvertimeWork+1","floor":50}],"player_experience":151379,"relics_obtained":[{"floor":9,"key":"Anchor"},{"floor":10,"key":"StSpp:GiftCard"},{"floor":12,"key":"Potion Belt"},{"floor":14,"key":"Dota2Spire:PhaseBoots"},{"floor":20,"key":"Pet Ghost"},{"floor":20,"key":"Molten Egg 2"},{"floor":20,"key":"Replay:Kaleidoscope"},{"floor":26,"key":"reliquary:Knoch"},{"floor":28,"key":"reliquary:QuartzCube"},{"floor":31,"key":"conspire:DeflatedDodgeball"},{"floor":33,"key":"Hololive_LightStick"},{"floor":42,"key":"infinitespire:BottledMercury"},{"floor":44,"key":"Bromod:ArcaneAvenger"},{"floor":45,"key":"Replay:Bottled Snecko"},{"floor":48,"key":"Tiny Chest"}],"event_choices":[{"damage_healed":0,"gold_gain":0,"player_choice":"1","damage_taken":0,"max_hp_gain":0,"max_hp_loss":0,"event_name":"betterMatch:BetterMatch","floor":2,"gold_loss":0,"cards_obtained":["betterMatch:CommonCard","betterMatch:UncommonCard","betterMatch:ColorlessUncommonCard"]},{"damage_healed":0,"gold_gain":0,"player_choice":"Ignored","damage_taken":0,"max_hp_gain":0,"max_hp_loss":0,"event_name":"betterNote:BetterNote","floor":27,"gold_loss":0,"cards_obtained":["Catalyst"]},{"damage_healed":0,"gold_gain":0,"player_choice":"Paid Fearfully","damage_taken":0,"max_hp_gain":0,"max_hp_loss":0,"event_name":"Masked Bandits","floor":32,"gold_loss":261},{"damage_healed":0,"gold_gain":0,"player_choice":"Leave","damage_taken":0,"max_hp_gain":0,"max_hp_loss":0,"event_name":"conspire:Investor","floor":39,"gold_loss":0},{"damage_healed":0,"gold_gain":0,"player_choice":"1","damage_taken":0,"max_hp_gain":0,"max_hp_loss":0,"event_name":"betterMatch:BetterMatch","floor":41,"gold_loss":0,"cards_obtained":["betterMatch:UncommonCard","betterMatch:RareCard","betterMatch:ColorlessUncommonCard"]}],"is_beta":false,"boss_relics":[{"not_picked":["Black Star","hubris:ScarierMask"],"picked":"Hololive_ChaosS"},{"not_picked":["conspire:SlowCooker","hubris:VirtuousBlindfold"],"picked":"Bromod:ArcaneGrace"}],"items_purged_floors":[],"is_endless":true,"potions_floor_spawned":[1,10,12,14,23,30,33,35,38,42,47,49,50],"killed_by":"Hallownest:BossHollowKnight","ascension_level":1}}