{"host":"7sni158j623xchr2","time":1613109885,"event":{"mods":["BaseMod","Colored Map","Highlight Path","Minty Spire (QoL Compilation)","Permanent Neow","Potion Indicator Mod","Rare Cards Sparkle","Relic Sorter","Relic Stats","StSLib","everything is the same but u backflip on backflip"],"gold_per_floor":[114,74,24,34,34,69,244,259,259,259,280,314,314,350,350,350,350],"floor_reached":16,"language":"ENG","playtime":296,"items_purged":[],"score":150,"play_id":"b5fa439f-cd5c-470e-992d-b29a2f7f43ed","local_time":"20210212000445","is_ascension_mode":true,"campfire_choices":[{"data":"Dagger Spray","floor":10,"key":"SMITH"},{"data":"Poisoned Stab","floor":13,"key":"SMITH"},{"data":"Bouncing Flask","floor":15,"key":"SMITH"}],"circlet_count":0,"master_deck":["Strike_G","Strike_G","Strike_G","Strike_G","Strike_G","Defend_G","Defend_G","Defend_G","Defend_G","Defend_G","Survivor","Neutralize","Poisoned Stab+1","Dagger Spray+1","Bouncing Flask+1","Doubt","Backflip"],"relics":["Ring of the Snake","NeowsBlessing","Golden Idol","Ginger","Peace Pipe","StoneCalendar","White Beast Statue"],"acts_visited":["Exordium"],"potions_floor_usage":[11,12,14],"damage_taken":[{"damage":0,"enemies":"2 Louse","floor":1,"turns":1},{"damage":0,"enemies":"Cultist","floor":4,"turns":1},{"damage":0,"enemies":"Gremlin Nob","floor":6,"turns":1},{"damage":2,"enemies":"Jaw Worm","floor":8,"turns":4},{"damage":7,"enemies":"Blue Slaver","floor":11,"turns":4},{"damage":13,"enemies":"Lagavulin","floor":12,"turns":7},{"damage":13,"enemies":"3 Sentries","floor":14,"turns":7},{"damage":30,"enemies":"Slime Boss","floor":16,"turns":6}],"seed_played":"-8223363939495182726","potions_obtained":[{"floor":2,"key":"Poison Potion"},{"floor":2,"key":"Block Potion"},{"floor":2,"key":"SkillPotion"},{"floor":11,"key":"Fruit Juice"}],"is_trial":false,"path_per_floor":["M","?","$","M","?","E","?","M","T","R","M","E","R","E","R","B"],"character_chosen":"THE_SILENT","items_purchased":["Dagger Spray"],"campfire_rested":0,"item_purchase_floors":[3],"current_hp_per_floor":[70,70,70,70,53,53,53,51,51,51,49,36,36,23,23,0,0],"gold":350,"neow_bonus":"THREE_ENEMY_KILL","is_daily":false,"chose_seed":false,"campfire_upgraded":3,"win_rate":0.0,"timestamp":1613109885,"path_taken":["M","?","$","?","?","E","?","M","T","R","M","E","R","E","R","BOSS"],"items_purchased_type":["Card"],"build_version":"2020-12-22","purchased_purges":0,"victory":false,"max_hp_per_floor":[70,70,70,70,70,70,70,70,70,70,75,75,75,75,75,75,75],"relic_stats":{"Peace Pipe":0,"counters":[8,31],"Golden Idol":28,"StoneCalendar":[38],"Ginger":[8],"obtain_stats":[{"Peace Pipe":9,"NeowsBlessing":0,"Golden Idol":5,"StoneCalendar":12,"Ginger":6,"White Beast Statue":14,"Ring of the Snake":0},{"Peace Pipe":4,"NeowsBlessing":0,"Golden Idol":2,"StoneCalendar":6,"Ginger":3,"White Beast Statue":7,"Ring of the Snake":0},{"Peace Pipe":7,"NeowsBlessing":0,"Golden Idol":2,"StoneCalendar":18,"Ginger":3,"White Beast Statue":25,"Ring of the Snake":0}],"Ring of the Snake":[16]},"card_choices":[{"not_picked":["Slice","Prepared"],"picked":"Poisoned Stab","floor":1},{"not_picked":["Distraction","Riddle With Holes"],"picked":"Bouncing Flask","floor":4},{"not_picked":["Caltrops","Backflip","Envenom"],"picked":"SKIP","floor":6},{"not_picked":["Sucker Punch","Cloak And Dagger","Choke"],"picked":"SKIP","floor":8},{"not_picked":["Escape Plan","Predator","Dodge and Roll"],"picked":"SKIP","floor":11},{"not_picked":["Acrobatics","Dodge and Roll"],"picked":"Backflip","floor":12},{"not_picked":["Poisoned Stab","Storm of Steel","Sucker Punch"],"picked":"SKIP","floor":14}],"player_experience":1783721,"relics_obtained":[{"floor":6,"key":"Ginger"},{"floor":9,"key":"Peace Pipe"},{"floor":12,"key":"StoneCalendar"},{"floor":14,"key":"White Beast Statue"}],"event_choices":[{"damage_healed":0,"gold_gain":0,"player_choice":"Bought 3 Potions","damage_taken":0,"max_hp_gain":0,"max_hp_loss":0,"event_name":"The Woman in Blue","floor":2,"gold_loss":0},{"damage_healed":0,"gold_gain":0,"player_choice":"Take Damage","damage_taken":17,"relics_obtained":["Golden Idol"],"max_hp_gain":0,"max_hp_loss":0,"event_name":"Golden Idol","floor":5,"gold_loss":0},{"damage_healed":0,"gold_gain":175,"player_choice":"AGREE","damage_taken":0,"max_hp_gain":0,"max_hp_loss":0,"event_name":"Liars Game","floor":7,"gold_loss":0,"cards_obtained":["Doubt"]}],"is_beta":false,"boss_relics":[],"items_purged_floors":[],"is_endless":false,"potions_floor_spawned":[6,8,11],"killed_by":"Slime Boss","ascension_level":1}}