{"host":"p7cjtxxrilhp4dw7","time":1613158058,"event":{"mods":["BaseMod","Block Reminder","Colored Map","Curses Come First","Highlight Path","Minty Spire (QoL Compilation)","Replay The Spire","StSLib"],"gold_per_floor":[113,113,125,125,75,104,179,215,238,238,289,289,329,350,350,431,531,559,603,612,631,643,643,668,668,694,694,708,708,708,723,723,723,723],"floor_reached":33,"language":"ENG","playtime":2599,"items_purged":[],"score":605,"play_id":"a5e96bce-8551-41d6-890a-56b582bf6d3c","local_time":"20210212122737","is_ascension_mode":true,"campfire_choices":[{"floor":12,"key":"REST"},{"floor":15,"key":"REST"},{"floor":23,"key":"REST"},{"floor":25,"key":"REST"},{"floor":27,"key":"REST"},{"data":"Fission","floor":30,"key":"SMITH"},{"data":"Hologram","floor":32,"key":"SMITH"}],"circlet_count":0,"master_deck":["AscendersBane","Strike_B","Strike_B","Defend_B","Defend_B","Defend_B","Defend_B","Dualcast","Ball Lightning","Hologram+1","Electrodynamics+1","Panic Button","Chill","Conserve Battery","Ball Lightning","Fission+1","Sweeping Beam","Redo","Zap","BasicCrystalCard"],"relics":["Cracked Core","NeowsBlessing","Replay:Wax Seal","CeramicFish","Vajra","Mirror","Boot","Omamori","Replay:Wanted Poster","Red Mask","Nunchaku","ReplayTheSpireMod:TigerMarble"],"acts_visited":["Exordium","TheCity"],"potions_floor_usage":[16,16,19,33],"damage_taken":[{"damage":0,"enemies":"Jaw Worm","floor":1,"turns":1},{"damage":0,"enemies":"Small Slimes","floor":3,"turns":1},{"damage":0,"enemies":"Gremlin Nob","floor":6,"turns":1},{"damage":20,"enemies":"3 Sentries","floor":8,"turns":4},{"damage":32,"enemies":"Gremlin Nob","floor":13,"turns":4},{"damage":0,"enemies":"2 Louse","floor":14,"turns":1},{"damage":2,"enemies":"Fading Forest","floor":16,"turns":11},{"damage":23,"enemies":"Shell Parasite","floor":18,"turns":5},{"damage":10,"enemies":"Masked Bandits","floor":19,"turns":3},{"damage":0,"enemies":"Spheric Guardian","floor":21,"turns":3},{"damage":15,"enemies":"Snake Plant","floor":22,"turns":3},{"damage":14,"enemies":"Slavers","floor":24,"turns":6},{"damage":0,"enemies":"3 Cultists","floor":28,"turns":3},{"damage":3,"enemies":"Chosen and Byrds","floor":31,"turns":3},{"damage":91,"enemies":"Champ","floor":33,"turns":11}],"seed_played":"6342704131882078367","potions_obtained":[{"floor":13,"key":"SkillPotion"},{"floor":14,"key":"Weak Potion"},{"floor":18,"key":"Block Potion"},{"floor":19,"key":"Energy Potion"},{"floor":24,"key":"LiquidMemories"},{"floor":28,"key":"BlessingOfTheForge"}],"is_trial":false,"path_per_floor":["M","?","M","?","?","E","?","E","T","?","T","R","E","M","R","B",null,"M","?","?","M","M","R","E","R","T","R","M","?","R","M","R_BF","B"],"character_chosen":"DEFECT","items_purchased":[],"campfire_rested":5,"item_purchase_floors":[],"current_hp_per_floor":[64,64,64,64,64,64,53,33,33,33,33,54,22,22,43,57,68,45,35,35,35,20,41,27,48,48,69,69,69,69,66,66,0,0],"gold":723,"neow_bonus":"THREE_ENEMY_KILL","is_daily":false,"chose_seed":false,"campfire_upgraded":2,"win_rate":0.0,"timestamp":1613158057,"path_taken":["M","?","M","?","?","E","?","E","T","?","?","R","E","M","R","BOSS","M","?","?","?","M","R","E","R","T","R","M","?","R","M","R_BF","BOSS"],"items_purchased_type":[],"build_version":"2020-12-22","purchased_purges":0,"victory":false,"max_hp_per_floor":[71,71,71,71,71,71,71,71,71,71,71,71,71,71,71,71,71,71,71,71,71,71,71,71,71,71,71,71,71,71,71,71,71,71],"card_choices":[{"not_picked":["Hologram","Sunder"],"picked":"Ball Lightning","floor":1},{"not_picked":["Coolheaded","Scrape"],"picked":"Hologram","floor":3},{"not_picked":["Amplify","Streamline"],"picked":"Panic Button","floor":6},{"not_picked":["Gash","Panic Button"],"picked":"Chill","floor":8},{"not_picked":["BasicCrystalCard","Coolheaded"],"picked":"Conserve Battery","floor":13},{"not_picked":["Rip and Tear","Steam"],"picked":"Ball Lightning","floor":14},{"not_picked":["ReplayRNGCard","ReplayTheSpireMod:Fabricate Wheel"],"picked":"Fission","floor":16},{"not_picked":["Go for the Eyes","Compile Driver"],"picked":"Sweeping Beam","floor":18},{"not_picked":["Reprogram+1","Recycle"],"picked":"Redo","floor":19},{"not_picked":["Conserve Battery","Compile Driver"],"picked":"BasicCrystalCard","floor":21},{"not_picked":["ReplayTheSpireMod:System Scan","Compile Driver","ReplaySort+1"],"picked":"SKIP","floor":22},{"not_picked":["Turbo+1","Panic Button+1","Fission"],"picked":"SKIP","floor":24},{"not_picked":["Leap","Streamline","ReplayTheSpireMod:GoodbyeWorld"],"picked":"SKIP","floor":28},{"not_picked":["Sweeping Beam","Doom and Gloom","Genetic Algorithm+1"],"picked":"SKIP","floor":31}],"player_experience":645580,"relics_obtained":[{"floor":6,"key":"Replay:Wax Seal"},{"floor":8,"key":"CeramicFish"},{"floor":9,"key":"Vajra"},{"floor":11,"key":"Boot"},{"floor":13,"key":"Omamori"},{"floor":19,"key":"Red Mask"},{"floor":24,"key":"Nunchaku"},{"floor":26,"key":"ReplayTheSpireMod:TigerMarble"}],"event_choices":[{"damage_healed":0,"gold_gain":0,"player_choice":"Ignored","damage_taken":0,"max_hp_gain":0,"max_hp_loss":0,"event_name":"Golden Wing","floor":2,"gold_loss":0},{"cards_removed":["Strike_B"],"damage_healed":0,"gold_gain":0,"player_choice":"Card Removal","damage_taken":0,"max_hp_gain":0,"max_hp_loss":0,"event_name":"The Cleric","floor":5,"gold_loss":50},{"damage_healed":0,"gold_gain":75,"player_choice":"Gather Gold","damage_taken":11,"max_hp_gain":0,"max_hp_loss":0,"event_name":"World of Goop","floor":7,"gold_loss":0},{"damage_healed":0,"gold_gain":0,"player_choice":"Searched \u00271\u0027 times","damage_taken":0,"relics_obtained":["Mirror"],"max_hp_gain":0,"max_hp_loss":0,"event_name":"Dead Adventurer","floor":10,"gold_loss":0},{"damage_healed":0,"gold_gain":0,"player_choice":"Fought Bandits","damage_taken":0,"max_hp_gain":0,"max_hp_loss":0,"event_name":"Masked Bandits","floor":19,"gold_loss":0},{"damage_healed":0,"gold_gain":0,"player_choice":"1 cards matched","damage_taken":0,"max_hp_gain":0,"max_hp_loss":0,"event_name":"Match and Keep!","floor":20,"gold_loss":0,"cards_obtained":["Zap"]},{"cards_removed":["Strike_B"],"damage_healed":0,"gold_gain":0,"player_choice":"Purged","damage_taken":0,"max_hp_gain":0,"max_hp_loss":0,"event_name":"Purifier","floor":29,"gold_loss":0}],"is_beta":false,"boss_relics":[{"not_picked":["Abe\u0027s Treasure","Pandora\u0027s Box"],"picked":"Replay:Wanted Poster"}],"items_purged_floors":[],"is_endless":false,"potions_floor_spawned":[13,14,18,19,24,28],"killed_by":"Champ","ascension_level":14}}