{"host":"avjwtc49fhlk6kym","time":1613172435,"event":{"mods":["AchievementEnabler","BaseMod","Better Match","Better Note","Better Third Choice","Colored Map","Colored Powertips","Displayed Cursed Tome","Highlight Path","Minty Spire (QoL Compilation)","Permanent Neow","Quick Restart","StSLib"],"gold_per_floor":[114,42,42,61,14,14,44,44,112,132,144,170,182,182,182,279,279,291,291,251,266,107,141,141,157,180,180,198,198,216,251,263,373,685,709,721,67,0,17,17,17,17],"floor_reached":41,"language":"ENG","playtime":1476,"items_purged":["Writhe","Strike_P"],"score":489,"play_id":"e83b110e-ae14-4d74-99e6-ea4554fd542a","local_time":"20210212182715","is_ascension_mode":true,"campfire_choices":[{"data":"Apotheosis","floor":6.0,"key":"SMITH"},{"data":"CrushJoints","floor":8.0,"key":"SMITH"},{"floor":15.0,"key":"REST"},{"floor":24.0,"key":"REST"},{"floor":27.0,"key":"REST"},{"floor":29.0,"key":"REST"},{"floor":32.0,"key":"REST"},{"data":"Establishment","floor":40,"key":"SMITH"}],"circlet_count":0,"master_deck":["Strike_P+1","Strike_P+1","Strike_P","Defend_P","Defend_P","Defend_P","Defend_P+1","Eruption","Vigilance","Apotheosis+1","CrushJoints+1","LikeWater","CrushJoints+1","FlurryOfBlows","Establishment+1","Protect","FlurryOfBlows","BattleHymn+1","ForeignInfluence","LessonLearned+1","SandsOfTime+1","ThirdEye","Consecrate+1","ForeignInfluence","FlyingSleeves+1","CutThroughFate+1","Ragnarok+1","ThirdEye","LikeWater","DevaForm","CurseOfTheBell","CutThroughFate+1","Nirvana+1","CutThroughFate+1"],"relics":["PureWater","Meat on the Bone","Bottled Flame","Molten Egg 2","StrikeDummy","SlaversCollar","Blood Vial","MawBank","Calling Bell","Damaru","Frozen Egg 2","Old Coin","White Beast Statue","Unceasing Top"],"acts_visited":["Exordium","TheCity","TheBeyond"],"potions_floor_usage":[39],"damage_taken":[{"damage":0.0,"enemies":"Cultist","floor":1.0,"turns":3.0},{"damage":0.0,"enemies":"Jaw Worm","floor":4.0,"turns":2.0},{"damage":3.0,"enemies":"Lagavulin","floor":7.0,"turns":4.0},{"damage":0.0,"enemies":"Small Slimes","floor":10.0,"turns":2.0},{"damage":0.0,"enemies":"Exordium Wildlife","floor":11.0,"turns":3.0},{"damage":0.0,"enemies":"Gremlin Nob","floor":12.0,"turns":2.0},{"damage":12.0,"enemies":"Gremlin Gang","floor":13.0,"turns":4.0},{"damage":19.0,"enemies":"Slime Boss","floor":16.0,"turns":5.0},{"damage":0.0,"enemies":"Spheric Guardian","floor":18.0,"turns":2.0},{"damage":0.0,"enemies":"3 Byrds","floor":19.0,"turns":1.0},{"damage":29.0,"enemies":"3 Cultists","floor":21.0,"turns":6.0},{"damage":41.0,"enemies":"Gremlin Leader","floor":23.0,"turns":7.0},{"damage":7.0,"enemies":"Chosen and Byrds","floor":25.0,"turns":4.0},{"damage":30.0,"enemies":"Snecko","floor":28.0,"turns":4.0},{"damage":8.0,"enemies":"Centurion and Healer","floor":30.0,"turns":7.0},{"damage":24.0,"enemies":"Book of Stabbing","floor":31.0,"turns":4.0},{"damage":23.0,"enemies":"Champ","floor":33.0,"turns":8.0},{"damage":15,"enemies":"Orb Walker","floor":35,"turns":4},{"damage":22,"enemies":"3 Darklings","floor":39,"turns":6},{"damage":45,"enemies":"Giant Head","floor":41,"turns":6}],"seed_played":"-8603372879152961101","potions_obtained":[{"floor":4.0,"key":"Swift Potion"},{"floor":10.0,"key":"SmokeBomb"},{"floor":12.0,"key":"DuplicationPotion"},{"floor":16.0,"key":"SneckoOil"},{"floor":18.0,"key":"SteroidPotion"},{"floor":23.0,"key":"PowerPotion"},{"floor":25.0,"key":"ColorlessPotion"},{"floor":30.0,"key":"Fruit Juice"},{"floor":35,"key":"SkillPotion"},{"floor":39,"key":"Dexterity Potion"}],"is_trial":false,"path_per_floor":["M","$","?","M","$","R","E","R","T","M","M","E","M","?","R","B",null,"M","M","?","M","$","E","R","M","T","R","M","R","M","E","R","B",null,"M","?","$","?","M","R","E"],"character_chosen":"WATCHER","items_purchased":["LikeWater","FlurryOfBlows","Consecrate+1","ForeignInfluence","White Beast Statue","Unceasing Top"],"campfire_rested":5,"item_purchase_floors":[2,5,22,22,37,37],"current_hp_per_floor":[72,72,58,58,58,58,55,55,55,55,55,55,43,25,46,39,72,72,72,72,43,43,14,35,42,42,63,47,68,62,45,68,47,77,62,62,62,62,42,42,0,0],"gold":17,"neow_bonus":"RANDOM_COLORLESS_2","is_daily":false,"chose_seed":false,"campfire_upgraded":3,"win_rate":0.0,"timestamp":1613172435,"path_taken":["M","$","?","M","?","R","E","R","T","?","M","E","M","?","R","BOSS","M","M","?","M","$","E","R","?","T","R","M","R","M","E","R","BOSS","M","?","$","?","M","R","E"],"items_purchased_type":["Card","Card","Card","Card","Relic","Relic"],"build_version":"2020-12-22","purchased_purges":2,"victory":false,"max_hp_per_floor":[72,72,72,72,72,72,72,72,72,72,72,72,72,72,72,72,72,72,72,72,72,72,72,72,72,72,72,72,72,72,77,77,77,77,77,77,77,77,77,77,77,77],"card_choices":[{"not_picked":["Secret Technique","The Bomb"],"picked":"Apotheosis","floor":0.0},{"not_picked":["Pray","TalkToTheHand"],"picked":"CrushJoints","floor":1.0},{"not_picked":["Nirvana","Evaluate"],"picked":"CrushJoints","floor":4.0},{"not_picked":["FollowUp","DeceiveReality"],"picked":"Establishment","floor":7.0},{"not_picked":["FlurryOfBlows","BowlingBash"],"picked":"Protect","floor":10.0},{"not_picked":["EmptyBody","JustLucky"],"picked":"FlurryOfBlows","floor":11.0},{"not_picked":["Meditate","Pray"],"picked":"BattleHymn","floor":12.0},{"not_picked":["MentalFortress","BowlingBash+1"],"picked":"ForeignInfluence","floor":13.0},{"not_picked":["Vault","Devotion"],"picked":"LessonLearned+1","floor":16.0},{"not_picked":["CarveReality+1","FlurryOfBlows+1"],"picked":"SandsOfTime+1","floor":18.0},{"not_picked":["Halt+1","PathToVictory"],"picked":"ThirdEye","floor":21.0},{"not_picked":["EmptyBody","EmptyMind"],"picked":"FlyingSleeves+1","floor":23.0},{"not_picked":["MentalFortress","Crescendo"],"picked":"CutThroughFate+1","floor":25.0},{"not_picked":["Collect","SashWhip+1"],"picked":"Ragnarok+1","floor":28.0},{"not_picked":["Protect+1","PathToVictory"],"picked":"ThirdEye","floor":30.0},{"not_picked":["ThirdEye","BowlingBash+1"],"picked":"LikeWater","floor":31.0},{"not_picked":["DeusExMachina","Ragnarok+1"],"picked":"DevaForm","floor":33.0},{"not_picked":["Indignation+1","JustLucky+1"],"picked":"CutThroughFate+1","floor":35},{"not_picked":["MentalFortress+1","Vengeance+1"],"picked":"Nirvana+1","floor":38},{"not_picked":["Halt+1","ThirdEye"],"picked":"CutThroughFate+1","floor":39}],"player_experience":445679,"relics_obtained":[{"floor":7.0,"key":"Meat on the Bone"},{"floor":9.0,"key":"Bottled Flame"},{"floor":12.0,"key":"Molten Egg 2"},{"floor":23.0,"key":"Blood Vial"},{"floor":31.0,"key":"MawBank"},{"floor":34,"key":"Damaru"},{"floor":34,"key":"Frozen Egg 2"},{"floor":34,"key":"Old Coin"}],"event_choices":[{"damage_healed":72.0,"max_hp_gain":0.0,"max_hp_loss":72.0,"gold_gain":0.0,"event_name":"betterThird:BetterShining","player_choice":"Upgrade","floor":3.0,"gold_loss":0.0,"damage_taken":14.0,"cards_upgraded":["CrushJoints","Strike_P"]},{"damage_healed":0.0,"max_hp_gain":0.0,"max_hp_loss":0.0,"gold_gain":1.0,"event_name":"betterThird:BetterScrap","player_choice":"Relic ","floor":14.0,"gold_loss":0.0,"damage_taken":18.0,"cards_obtained":["Tactician"]},{"damage_healed":0.0,"max_hp_gain":0.0,"max_hp_loss":0.0,"gold_gain":0.0,"event_name":"Designer","player_choice":"Upgraded Two","floor":20.0,"gold_loss":40.0,"damage_taken":0.0,"cards_upgraded":["Strike_P","BattleHymn"]},{"damage_healed":0,"gold_gain":0,"player_choice":"Ignored","damage_taken":0,"max_hp_gain":0,"max_hp_loss":0,"event_name":"Tomb of Lord Red Mask","floor":36,"gold_loss":0},{"damage_healed":0,"gold_gain":0,"player_choice":"Random: Orange","damage_taken":0,"max_hp_gain":0,"max_hp_loss":0,"event_name":"betterThird:BetterPortal","floor":38,"gold_loss":0},{"damage_healed":0,"gold_gain":0,"player_choice":"2","damage_taken":0,"max_hp_gain":0,"max_hp_loss":0,"event_name":"betterMatch:BetterMatch","floor":38,"gold_loss":0,"cards_obtained":["betterMatch:UncommonCard"]}],"is_beta":false,"boss_relics":[{"not_picked":["Coffee Dripper","Pandora\u0027s Box"],"picked":"SlaversCollar"},{"not_picked":["Runic Dome","Tiny House"],"picked":"Calling Bell"}],"items_purged_floors":[22,37],"is_endless":false,"potions_floor_spawned":[4,10,12,16,18,23,25,30,35,39],"killed_by":"Giant Head","ascension_level":1}}