{"host":"Cenci","time":1613135559,"event":{"mods":["BaseMod","Downfall","Highlight Path","Minty Spire (QoL Compilation)","StSLib"],"gold_per_floor":[99,115,131,131,41,57,57,76,102,87,106,118,134,168,187,290,290,290,300,319,319,332,132,132,132,142,172,272,290,303,24,40,137,137,37,52,98,111,161,161,161,161,180,193,47,47,59,71,88,88,88,121,52,52,52,52,52,52],"floor_reached":56,"language":"ENG","playtime":3073,"items_purged":["Pain","Injury"],"score":907,"play_id":"56cff1ad-ed81-4c49-b8f9-51dd876ef80d","local_time":"20210212141239","is_ascension_mode":true,"campfire_choices":[{"data":"Slimebound:Darklings","floor":1.0,"key":"SMITH"},{"floor":18,"key":"RECALL"},{"data":"Slimebound:LevelUp","floor":23,"key":"SMITH"},{"data":"Slimebound:Teamwork","floor":25,"key":"SMITH"},{"data":"Slimebound:Teamwork","floor":35,"key":"SMITH"},{"data":"Slimebound:SelfFormingGoo","floor":42,"key":"SMITH"},{"data":"Slimebound:Darklings","floor":46,"key":"SMITH"},{"floor":54,"key":"REST"}],"circlet_count":0,"master_deck":["Slimebound:Strike_Slimebound","Slimebound:Strike_Slimebound","Slimebound:Tackle+1","Slimebound:Defend_Slimebound","Slimebound:Defend_Slimebound","Slimebound:Defend_Slimebound","Slimebound:Defend_Slimebound","Slimebound:Split","Slimebound:CorrosiveSpit","Slimebound:Darklings+1","Slimebound:Prepare","Slimebound:GoopSpray","Slimebound:ForwardTackle","Slimebound:GrowthPunch+1","Slimebound:SlimeBarrage","Slimebound:Prepare","Slimebound:Teamwork+1","Slimebound:LevelUp+1","Slimebound:RejuvenatingLick","Slimebound:RallyTheTroops","Slimebound:GoopSpray","Slimebound:Darklings+1","Slimebound:Teamwork+1","Slimebound:SelfFormingGoo+1","Slimebound:Schlurp","Slimebound:ForwardTackle","Slimebound:ForwardTackle","Slimebound:Darklings+1","Slimebound:ForwardTackle+1","Slimebound:Equalize"],"relics":["Slimebound:AbsorbEndCombat","WarpedTongs","Bird Faced Urn","White Beast Statue","Cursed Key","downfall:HeartBlessingBlue","downfall:HeartBlessingRed","Slimebound:PreparedRelic","Whetstone","Sozu","downfall:HeartBlessingGreen","Bottled Lightning","Incense Burner","DollysMirror","Slimebound:AggressiveSlimeRelic"],"acts_visited":["Exordium","TheCity","TheBeyond","TheEnding"],"potions_floor_usage":[20,20,52,56,56],"damage_taken":[{"damage":4.0,"enemies":"2 Louse","floor":2.0,"turns":3.0},{"damage":0.0,"enemies":"Cultist","floor":3.0,"turns":3.0},{"damage":6.0,"enemies":"downfall:FleeingMerchant","floor":5.0,"turns":4.0},{"damage":2.0,"enemies":"Jaw Worm","floor":6.0,"turns":3.0},{"damage":1.0,"enemies":"2 Fungi Beasts","floor":8.0,"turns":3.0},{"damage":3.0,"enemies":"3 Sentries","floor":9.0,"turns":6.0},{"damage":5.0,"enemies":"downfall:FleeingMerchant","floor":10.0,"turns":4.0},{"damage":20.0,"enemies":"Lots of Slimes","floor":11.0,"turns":3.0},{"damage":10.0,"enemies":"3 Louse","floor":12.0,"turns":2.0},{"damage":2.0,"enemies":"Blue Slaver","floor":13.0,"turns":3.0},{"damage":5.0,"enemies":"Lagavulin","floor":14.0,"turns":4.0},{"damage":0.0,"enemies":"Lots of Slimes","floor":15.0,"turns":2.0},{"damage":0.0,"enemies":"SI_SHIV_ARCHETYPE","floor":16.0,"turns":5.0},{"damage":9,"enemies":"Shell Parasite","floor":19,"turns":4},{"damage":26,"enemies":"3 Cultists","floor":20,"turns":6},{"damage":12,"enemies":"Cultist and Chosen","floor":22,"turns":3},{"damage":4,"enemies":"Centurion and Healer","floor":26,"turns":4},{"damage":19,"enemies":"Gremlin Leader","floor":27,"turns":6},{"damage":0,"enemies":"Snecko","floor":29,"turns":4},{"damage":23,"enemies":"Shelled Parasite and Fungi","floor":30,"turns":4},{"damage":0,"enemies":"downfall:FleeingMerchant","floor":31,"turns":4},{"damage":0,"enemies":"Centurion and Healer","floor":32,"turns":5},{"damage":22,"enemies":"IC_MUSHROOM_ARCHETYPE","floor":33,"turns":5},{"damage":0,"enemies":"3 Darklings","floor":36,"turns":3},{"damage":2,"enemies":"downfall:FleeingMerchant","floor":37,"turns":3},{"damage":0,"enemies":"Orb Walker","floor":38,"turns":3},{"damage":3,"enemies":"Orb Walker","floor":39,"turns":3},{"damage":0,"enemies":"Spire Growth","floor":43,"turns":3},{"damage":0,"enemies":"4 Shapes","floor":44,"turns":3},{"damage":7,"enemies":"Maw","floor":47,"turns":5},{"damage":14,"enemies":"Writhing Mass","floor":48,"turns":4},{"damage":3,"enemies":"Sphere and 2 Shapes","floor":49,"turns":3},{"damage":64,"enemies":"DF_ARCHETYPE_ORBS","floor":50,"turns":8},{"damage":62,"enemies":"downfall:CharBossMerchant","floor":52,"turns":7},{"damage":27,"enemies":"downfall:NeowBoss","floor":55,"turns":11},{"damage":24,"enemies":"downfall:NeowBossFinal","floor":56,"turns":5}],"seed_played":"9080453257390240467","potions_obtained":[{"floor":3.0,"key":"Ancient Potion"},{"floor":6.0,"key":"LiquidMemories"},{"floor":11.0,"key":"Explosive Potion"},{"floor":15.0,"key":"Ancient Potion"},{"floor":16.0,"key":"EssenceOfSteel"},{"floor":20,"key":"Block Potion"},{"floor":22,"key":"champ:CounterPotion"},{"floor":30,"key":"Block Potion"},{"floor":33,"key":"Block Potion"}],"is_trial":false,"path_per_floor":["R","M","M","?","$","M","T","M","E","$","M","M","M","E","M","B",null,"R","M","M","?","M","R","T","R","M","E","?","M","M","$","M","B",null,"R","M","$","M","?","?","T","R","M","M","$","R","M","M","M","B",null,"E","$","R","B","B"],"character_chosen":"SLIMEBOUND","items_purchased":["Slimebound:Darklings","Bottled Lightning","Slimebound:Schlurp","DollysMirror","Slimebound:Equalize"],"campfire_rested":1,"item_purchase_floors":[31,37,37,45,53],"current_hp_per_floor":[59,57,59,59,59,59,59,59,59,56,40,36,38,35,35,41,59,59,52,32,59,51,61,61,61,67,54,54,62,47,57,65,50,69,69,69,67,69,66,66,66,66,69,69,69,69,68,56,55,1,69,9,9,29,14,0,0,0],"gold":52,"neow_bonus":"THREE_RARE_CARDS","is_daily":false,"chose_seed":false,"campfire_upgraded":6,"win_rate":0.0,"timestamp":1613135559,"path_taken":["R","M","M","?","$","M","T","M","E","?","M","M","M","E","M","BOSS","R","M","M","?","M","R","T","R","?","E","?","M","?","$","M","BOSS","R","M","$","M","?","?","T","R","M","M","$","R","M","?","M","BOSS","E","$","R","BOSS","BOSS"],"items_purchased_type":["Card","Relic","Card","Relic","Card"],"build_version":"2020-11-17","purchased_purges":2,"victory":false,"max_hp_per_floor":[59,59,59,59,59,59,59,59,59,59,59,59,59,59,59,59,59,59,59,59,59,59,69,69,69,69,69,69,69,69,69,69,69,69,69,69,69,69,69,69,69,69,69,69,69,69,69,69,69,69,69,69,69,69,69,69,69,69],"card_choices":[{"not_picked":["Slimebound:RallyTheTroops","Slimebound:CheckThePlaybook"],"picked":"Slimebound:Darklings","floor":0.0},{"not_picked":["Slimebound:SplitMire","Slimebound:SplitLeeching"],"picked":"Slimebound:Prepare","floor":2.0},{"not_picked":["Slimebound:SplitAcid","Slimebound:SplitMire"],"picked":"Slimebound:GoopSpray","floor":3.0},{"not_picked":["Slimebound:FinishingTackle","Slimebound:LivingWall","Slimebound:ProtectTheBoss"],"picked":"SKIP","floor":5.0},{"not_picked":["Slimebound:AcidTongue","Slimebound:SplitAcid","Slimebound:SplitBruiser"],"picked":"SKIP","floor":6.0},{"not_picked":["Slimebound:Prepare","Slimebound:SlimeBrawl"],"picked":"Slimebound:ForwardTackle","floor":8.0},{"not_picked":["Slimebound:WasteNot","Slimebound:SamplingLick"],"picked":"Slimebound:GrowthPunch","floor":9.0},{"not_picked":["Slimebound:SlimeTap","Slimebound:SamplingLick"],"picked":"Slimebound:SlimeBarrage","floor":10.0},{"not_picked":["Slimebound:HauntingLick","Slimebound:SplitLeeching"],"picked":"Slimebound:Prepare","floor":11.0},{"not_picked":["Slimebound:Nibble","Slimebound:GoopTackle","Slimebound:RollThrough"],"picked":"SKIP","floor":12.0},{"not_picked":["Slimebound:Schlurp","Slimebound:Grow"],"picked":"Slimebound:Teamwork","floor":13.0},{"not_picked":["Slimebound:GrowthPunch","Slimebound:DivideAndConquer"],"picked":"Slimebound:LevelUp","floor":14.0},{"not_picked":["Slimebound:LeechEnergy","Slimebound:LeechingTouch"],"picked":"Slimebound:RejuvenatingLick","floor":15.0},{"not_picked":["Slimebound:MassRepurpose","Slimebound:PrepareCrush"],"picked":"Slimebound:RallyTheTroops","floor":16.0},{"not_picked":["Slimebound:ItLooksTasty","Slimebound:LivingWall","Slimebound:SplitLeeching+1"],"picked":"SKIP","floor":19},{"not_picked":["Slimebound:SplitMire","Slimebound:SplitAcid","Slimebound:Nibble"],"picked":"SKIP","floor":20},{"not_picked":["Slimebound:Prepare+1","Slimebound:ItLooksTasty+1"],"picked":"Slimebound:GoopSpray","floor":22},{"not_picked":["Slimebound:ViciousTackle","Slimebound:ProtectTheBoss","Slimebound:SlimeBrawl+1"],"picked":"SKIP","floor":26},{"not_picked":["Slimebound:DisruptingSlam","Slimebound:SplitLeeching+1","Slimebound:GoopTackle"],"picked":"SKIP","floor":27},{"not_picked":["Slimebound:SplitLeeching","Slimebound:HauntingLick","Slimebound:SplitBruiser"],"picked":"SKIP","floor":29},{"not_picked":["Slimebound:PrepareCrush","Slimebound:SlimeSpikes","Slimebound:LivingWall"],"picked":"SKIP","floor":30},{"not_picked":["Slimebound:ComboTackle","Slimebound:CheckThePlaybook","Slimebound:ServeAndProtect"],"picked":"SKIP","floor":31},{"not_picked":["Slimebound:Prepare","Slimebound:GoopTackle+1","Slimebound:SplitAcid+1"],"picked":"SKIP","floor":32},{"not_picked":["Slimebound:DuplicatedForm","Slimebound:DouseInSlime"],"picked":"Slimebound:Teamwork","floor":33},{"not_picked":["Slimebound:SplitMire","Slimebound:SlimeSpikes","Slimebound:SplitBruiser"],"picked":"SKIP","floor":36},{"not_picked":["Slimebound:SplitBruiser+1","Slimebound:SlimeBarrage+1"],"picked":"Slimebound:SelfFormingGoo","floor":37},{"not_picked":["Slimebound:SplitAcid","Slimebound:HauntingLick"],"picked":"Slimebound:ForwardTackle","floor":38},{"not_picked":["Slimebound:DisruptingSlam+1","Slimebound:Prepare+1"],"picked":"Slimebound:ForwardTackle","floor":43},{"not_picked":["Slimebound:SplitBruiser+1","Slimebound:SlimeSlap","Slimebound:SlimeSpikes"],"picked":"SKIP","floor":44},{"not_picked":["Slimebound:LeadByExample+1","Slimebound:ViciousTackle+1"],"picked":"Slimebound:ForwardTackle+1","floor":47},{"not_picked":["Slimebound:SplitSpecialist","Slimebound:GoopTackle","Slimebound:SamplingLick+1"],"picked":"SKIP","floor":48},{"not_picked":["Slimebound:GoopTackle+1","Slimebound:GoopSpray+1","Slimebound:SlimeSpikes+1"],"picked":"SKIP","floor":49},{"not_picked":["Slimebound:PrepareCrush","Slimebound:SplitLeeching","Slimebound:RollThrough"],"picked":"SKIP","floor":52}],"player_experience":309094,"relics_obtained":[{"floor":9.0,"key":"Bird Faced Urn"},{"floor":14.0,"key":"White Beast Statue"},{"floor":24,"key":"Slimebound:PreparedRelic"},{"floor":27,"key":"Whetstone"},{"floor":39,"key":"Incense Burner"},{"floor":52,"key":"Slimebound:AggressiveSlimeRelic"}],"event_choices":[{"damage_healed":0.0,"max_hp_gain":0.0,"max_hp_loss":0.0,"gold_gain":0.0,"event_name":"Accursed Blacksmith","player_choice":"Rummage","floor":4.0,"gold_loss":0.0,"damage_taken":0.0,"relics_obtained":["WarpedTongs"],"cards_obtained":["Pain"]},{"damage_healed":27,"gold_gain":0,"player_choice":"Full Heal","damage_taken":0,"max_hp_gain":0,"max_hp_loss":0,"event_name":"Wheel of Change","floor":21,"gold_loss":0},{"cards_removed":["Slimebound:Strike_Slimebound"],"damage_healed":0,"gold_gain":0,"player_choice":"Offered Basic","damage_taken":0,"max_hp_gain":0,"max_hp_loss":0,"event_name":"Bonfire Elementals","floor":40,"gold_loss":0}],"is_beta":true,"boss_relics":[{"not_picked":["Slimebound:TarBlob","Snecko Eye"],"picked":"Cursed Key"},{"not_picked":["Velvet Choker","bronze:MakeshiftBattery"],"picked":"Sozu"}],"items_purged_floors":[5,31],"is_endless":false,"potions_floor_spawned":[3,6,11,13,15,16,19,20,22,26,27,29,30,31,32,33,36,37,38,39,43,44,47,48,49,52],"killed_by":"downfall:NeowBossFinal","ascension_level":4}}