{"host":"xo0glkmxta74xh34","time":1613163962,"event":{"mods":["BaseMod","Downfall","Minty Spire (QoL Compilation)","Reliquary","Replay The Spire","StSLib"],"gold_per_floor":[99,115,129,144,163,163,243,243,243,273,284,49,49,34,53,149,149,149,167,186,186,107,145,145,45,45,69,69,96,137,16,39,54,54,54],"floor_reached":33,"language":"ENG","playtime":3179,"items_purged":["Pain","Voices","Parasite"],"score":332,"play_id":"4cbb7c91-0282-4974-a654-1500111bea55","local_time":"20210212150602","is_ascension_mode":true,"campfire_choices":[{"floor":1,"key":"DIG"},{"floor":6,"key":"REST"},{"data":"sneckomod:TailWhip","floor":9,"key":"SMITH"},{"data":"sneckomod:UnknownRareAttack","floor":13,"key":"SMITH"},{"data":"sneckomod:Transmogrify","floor":18,"key":"SMITH"},{"floor":25,"key":"REST"},{"floor":28,"key":"REST"}],"circlet_count":0,"master_deck":["sneckomod:Strike","sneckomod:Strike","sneckomod:Strike+1","sneckomod:Defend","sneckomod:Defend","sneckomod:Defend","sneckomod:TailWhip+1","sneckomod:SnekBite","sneckomod:Unknown+1","sneckomod:Unknown","sneckomod:WideSting+1","sneckomod:SerpentIdol","sneckomod:Transmogrify+1","Creative AI","sneckomod:UnendingSupply","sneckomod:CheapStock","sneckomod:GlitteringGambit+1","Slimebound:MassFeed+1","sneckomod:CheapStock+1","sneckomod:GlitteringGambit","Hallucinations","sneckomod:TrashToTreasure","sneckomod:UnlimitedRolls"],"relics":["sneckomod:SneckoSoul","ReplayTheSpireMod:TigerMarble","Prayer Wheel","ReplayTheSpireMod:Ring of Addiction","Ring of Hypnosis","White Beast Statue","SacredBark","Gremlin Food","hexamod:BolsterEngine","Gambling Chip","downfall:HeartBlessingBlue","Blue Candle","ReplayTheSpireMod:CursedCoin","Replay:Baseball","Black Star"],"acts_visited":["Exordium","TheCity"],"potions_floor_usage":[19,19,22,23,27,29,29,30,30,33,33],"damage_taken":[{"damage":13,"enemies":"Jaw Worm","floor":2,"turns":4},{"damage":13,"enemies":"Small Slimes","floor":3,"turns":4},{"damage":5,"enemies":"Cultist","floor":4,"turns":3},{"damage":11,"enemies":"Red Slaver","floor":5,"turns":4},{"damage":18,"enemies":"Gremlin Nob","floor":10,"turns":3},{"damage":5,"enemies":"Exordium Wildlife","floor":11,"turns":3},{"damage":7,"enemies":"downfall:FleeingMerchant","floor":12,"turns":4},{"damage":5,"enemies":"downfall:FleeingMerchant","floor":14,"turns":4},{"damage":0,"enemies":"3 Louse","floor":15,"turns":2},{"damage":40,"enemies":"DF_ARCHETYPE_STREAMLINE","floor":16,"turns":10},{"damage":8,"enemies":"Spheric Guardian","floor":19,"turns":4},{"damage":20,"enemies":"3 Byrds","floor":20,"turns":5},{"damage":0,"enemies":"downfall:FleeingMerchant","floor":22,"turns":4},{"damage":21,"enemies":"Replay:Snechameleon","floor":23,"turns":13},{"damage":30,"enemies":"3 Cultists","floor":27,"turns":5},{"damage":11,"enemies":"Snecko","floor":29,"turns":6},{"damage":27,"enemies":"Snake Plant","floor":30,"turns":6},{"damage":78,"enemies":"3 Cultists","floor":32,"turns":6},{"damage":13,"enemies":"IC_MUSHROOM_ARCHETYPE","floor":33,"turns":3}],"seed_played":"-8047996819363464746","potions_obtained":[{"floor":3,"key":"SkillPotion"},{"floor":5,"key":"AttackPotion"},{"floor":11,"key":"Adrenaline Potion"},{"floor":15,"key":"Dexterity Potion"},{"floor":20,"key":"Flashbang"},{"floor":21,"key":"hexamod:SoulburnPotion"},{"floor":22,"key":"SteroidPotion"},{"floor":23,"key":"Dexterity Potion"},{"floor":27,"key":"Energy Potion"},{"floor":29,"key":"bronze:BurnAndBuffPotion"},{"floor":30,"key":"Venom Potion"},{"floor":32,"key":"Explosive Potion"}],"is_trial":false,"path_per_floor":["R","M","M","M","M","R","T","?","R","E","M","$","R","$","M","B",null,"R","M","M","?","$","E","T","R","?","M","R","M","M","$","M","B"],"character_chosen":"THE_SNECKO","items_purchased":["sneckomod:UnknownRareAttack","Gremlin Food","sneckomod:GlitteringGambit","ReplayTheSpireMod:CursedCoin","Replay:Baseball"],"campfire_rested":3,"item_purchase_floors":[12,22,22,31,31],"current_hp_per_floor":[90,77,64,59,48,75,75,75,75,57,52,60,60,70,70,34,94,94,86,66,66,81,60,60,101,101,75,106,95,72,87,13,0,0,0],"gold":54,"neow_bonus":"ONE_RARE_RELIC","is_daily":false,"chose_seed":false,"campfire_upgraded":3,"win_rate":0.0,"timestamp":1613163962,"path_taken":["R","M","M","M","M","R","T","?","R","E","M","$","R","$","M","BOSS","R","M","M","?","$","E","T","R","?","?","R","M","M","?","M","BOSS"],"items_purchased_type":["Card","Relic","Card","Relic","Relic"],"build_version":"2020-12-22","purchased_purges":3,"victory":false,"max_hp_per_floor":[90,90,90,90,90,90,90,90,90,90,90,90,90,90,90,94,94,94,94,94,94,94,94,94,104,104,106,106,106,110,107,111,111,111,111],"card_choices":[{"not_picked":["sneckomod:UnknownCommonAttack","sneckomod:UnknownUncommonSkill","sneckomod:DiceBoulder"],"picked":"SKIP","floor":2},{"not_picked":["sneckomod:UnknownDraw","sneckomod:SoulDraw","sneckomod:SnekBeam"],"picked":"SKIP","floor":3},{"not_picked":["sneckomod:UnknownCommonSkill","sneckomod:SoulRoll","sneckomod:UnknownUncommonPower"],"picked":"SKIP","floor":4},{"not_picked":["sneckomod:UnknownDraw","sneckomod:QuickMove","sneckomod:Unknown1Cost"],"picked":"SKIP","floor":5},{"not_picked":["sneckomod:UnknownVulnerable","sneckomod:UnknownBlock","sneckomod:Unknown0Cost"],"picked":"SKIP","floor":10},{"not_picked":["sneckomod:SoulDraw","sneckomod:Unknown1Cost"],"picked":"sneckomod:WideSting","floor":11},{"not_picked":["sneckomod:QuickBite","sneckomod:Unknown0Cost","sneckomod:DiceBlock"],"picked":"SKIP","floor":12},{"not_picked":["sneckomod:UnknownCommonSkill","sneckomod:IronFang","sneckomod:Unknown2Cost"],"picked":"SKIP","floor":14},{"not_picked":["sneckomod:UnknownDexterity","sneckomod:Unknown1Cost"],"picked":"sneckomod:SerpentIdol","floor":15},{"not_picked":["sneckomod:SoulExchange","sneckomod:SerpentMind"],"picked":"sneckomod:Transmogrify","floor":16},{"not_picked":["sneckomod:TrashToTreasure","sneckomod:UnknownCommonSkill"],"picked":"sneckomod:Memorize+1","floor":19},{"not_picked":["sneckomod:UnknownClassBLUE","sneckomod:DiceBlock"],"picked":"sneckomod:UnendingSupply","floor":20},{"not_picked":["sneckomod:QuickMove","sneckomod:UnknownCommonSkill"],"picked":"sneckomod:CheapStock","floor":20},{"not_picked":["sneckomod:Rotation","sneckomod:QuickMove","sneckomod:MixItUp"],"picked":"SKIP","floor":22},{"not_picked":["sneckomod:Memorize+1","sneckomod:UnlimitedRolls"],"picked":"sneckomod:CheapStock+1","floor":23},{"not_picked":["sneckomod:DiceCrush","sneckomod:UnknownVulnerable+1","sneckomod:UnknownX+1"],"picked":"SKIP","floor":27},{"not_picked":["sneckomod:Memorize","sneckomod:WideSting","sneckomod:ImprovisedAttack"],"picked":"SKIP","floor":27},{"not_picked":["sneckomod:QuickMove","sneckomod:UnknownBlock+1","sneckomod:Unknown1Cost+1"],"picked":"SKIP","floor":29},{"not_picked":["sneckomod:UnknownBlock+1","sneckomod:UnknownClassGREEN","sneckomod:DiceCrush+1"],"picked":"SKIP","floor":29},{"not_picked":["sneckomod:Memorize","sneckomod:IronFang"],"picked":"sneckomod:GlitteringGambit","floor":30},{"not_picked":["sneckomod:Memorize","sneckomod:UnknownStrength+1","sneckomod:Nope"],"picked":"SKIP","floor":30},{"not_picked":["sneckomod:UnknownBlock","sneckomod:UnknownClassSLIMEBOUND"],"picked":"sneckomod:TrashToTreasure","floor":32},{"not_picked":["sneckomod:UnknownCommonSkill+1","sneckomod:UnknownCommonAttack"],"picked":"sneckomod:UnlimitedRolls","floor":32}],"player_experience":476294,"relics_obtained":[{"floor":1,"key":"MealTicket"},{"floor":7,"key":"ReplayTheSpireMod:Ninjato"},{"floor":10,"key":"ReplayTheSpireMod:TigerMarble"},{"floor":19,"key":"Black Star"},{"floor":20,"key":"Black Star"},{"floor":21,"key":"ReplayTheSpireMod:Ring of Addiction"},{"floor":21,"key":"Ring of Hypnosis"},{"floor":21,"key":"White Beast Statue"},{"floor":21,"key":"SacredBark"},{"floor":22,"key":"Black Star"},{"floor":23,"key":"Gremlin Food"},{"floor":23,"key":"hexamod:BolsterEngine"},{"floor":23,"key":"Gambling Chip"},{"floor":27,"key":"MealTicket"},{"floor":29,"key":"Blue Candle"},{"floor":30,"key":"MealTicket"},{"floor":32,"key":"Black Star"}],"event_choices":[],"is_beta":false,"boss_relics":[{"not_picked":["Cursed Key","Ring of Chaos"],"picked":"Black Star"}],"items_purged_floors":[12,22,31],"is_endless":false,"potions_floor_spawned":[3,5,11,15,16,20,22,23,27,29,30,32],"killed_by":"IC_MUSHROOM_ARCHETYPE","ascension_level":1}}