{"host":"nsc6ozq3atyrdr3m","time":1613140803,"event":{"mods":["BaseMod","Colored Map","Minty Spire (QoL Compilation)"],"gold_per_floor":[117,117,117,130,146,162,162,175,175,88,88,88,103,136,136,226,226,251,45,95,119,139,139,139,139],"floor_reached":24,"language":"FRA","playtime":545,"items_purged":[],"score":396,"play_id":"23dbea04-ef9b-4aa1-a3fa-feceae3f5eca","local_time":"20210212154003","is_ascension_mode":true,"campfire_choices":[{"floor":7,"key":"REST"},{"data":"Fire Breathing","floor":12,"key":"SMITH"},{"floor":15,"key":"REST"},{"floor":23,"key":"REST"}],"circlet_count":0,"master_deck":["AscendersBane","Strike_R","Strike_R","Defend_R+1","Defend_R+1","Defend_R","Defend_R","Bash","CurseOfTheBell","Wild Strike","Cleave","Bludgeon","Shrug It Off","Power Through","Fire Breathing+1","Metallicize","Power Through","Brutality","Barricade+1","Exhume+1","Combust+1","Intimidate","Juggernaut","Body Slam"],"relics":["Calling Bell","War Paint","Mummified Hand","Peace Pipe","Pocketwatch","Golden Idol","Self Forming Clay","Astrolabe"],"acts_visited":["Exordium","TheCity"],"potions_floor_usage":[22,24],"damage_taken":[{"damage":9,"enemies":"Small Slimes","floor":1,"turns":5},{"damage":3,"enemies":"Cultist","floor":4,"turns":4},{"damage":11,"enemies":"Jaw Worm","floor":5,"turns":5},{"damage":3,"enemies":"2 Fungi Beasts","floor":6,"turns":3},{"damage":5,"enemies":"Blue Slaver","floor":8,"turns":5},{"damage":9,"enemies":"Exordium Wildlife","floor":13,"turns":3},{"damage":8,"enemies":"Gremlin Nob","floor":14,"turns":3},{"damage":18,"enemies":"Hexaghost","floor":16,"turns":10},{"damage":24,"enemies":"2 Thieves","floor":18,"turns":3},{"damage":10,"enemies":"Chosen","floor":21,"turns":3},{"damage":17,"enemies":"Snake Plant","floor":22,"turns":3},{"damage":43,"enemies":"Slavers","floor":24,"turns":4}],"seed_played":"8450181442031496805","potions_obtained":[{"floor":4,"key":"EssenceOfSteel"},{"floor":6,"key":"SteroidPotion"},{"floor":18,"key":"Swift Potion"}],"is_trial":false,"path_per_floor":["M","$","?","M","M","M","R","M","T","$","?","R","M","E","R","B",null,"M","$","?","M","M","R","E"],"character_chosen":"IRONCLAD","items_purchased":["Fire Breathing","BloodPotion","Juggernaut"],"campfire_rested":3,"item_purchase_floors":[10,19,19],"current_hp_per_floor":[59,59,55,52,41,38,60,55,55,55,55,55,46,38,58,40,61,37,37,37,27,10,30,0,0],"gold":139,"neow_bonus":"BOSS_RELIC","is_daily":false,"chose_seed":false,"campfire_upgraded":1,"win_rate":0.0,"timestamp":1613140803,"path_taken":["M","$","?","M","?","M","R","M","T","$","?","R","M","E","R","BOSS","M","$","?","M","M","R","E"],"items_purchased_type":["Card","Potion","Card"],"build_version":"2020-12-22","purchased_purges":0,"victory":false,"max_hp_per_floor":[75,75,75,75,75,75,75,75,75,75,68,68,68,68,68,68,68,68,68,68,68,68,68,68,68],"card_choices":[{"not_picked":["Power Through","Headbutt"],"picked":"Wild Strike","floor":1},{"not_picked":["Headbutt","Flex"],"picked":"Cleave","floor":4},{"not_picked":["Cleave","Wild Strike"],"picked":"Bludgeon","floor":5},{"not_picked":["Thunderclap","Cleave"],"picked":"Shrug It Off","floor":6},{"not_picked":["True Grit","Iron Wave"],"picked":"Power Through","floor":8},{"not_picked":["Heavy Blade","Thunderclap"],"picked":"Metallicize","floor":13},{"not_picked":["Clothesline","Rage"],"picked":"Power Through","floor":14},{"not_picked":["Double Tap","Demon Form"],"picked":"Brutality","floor":16},{"not_picked":["Twin Strike","Iron Wave"],"picked":"Intimidate","floor":18},{"not_picked":["Shrug It Off","Rampage"],"picked":"Body Slam","floor":21},{"not_picked":["Headbutt","Anger","Iron Wave"],"picked":"SKIP","floor":22}],"player_experience":394055,"relics_obtained":[{"floor":0,"key":"War Paint"},{"floor":0,"key":"Mummified Hand"},{"floor":0,"key":"Peace Pipe"},{"floor":9,"key":"Pocketwatch"},{"floor":14,"key":"Self Forming Clay"}],"event_choices":[{"damage_healed":0,"gold_gain":0,"player_choice":"Bought 0 Potions","damage_taken":0,"max_hp_gain":0,"max_hp_loss":0,"event_name":"The Woman in Blue","floor":3,"gold_loss":0},{"damage_healed":0,"gold_gain":0,"player_choice":"Lose Max HP","damage_taken":0,"relics_obtained":["Golden Idol"],"max_hp_gain":0,"max_hp_loss":7,"event_name":"Golden Idol","floor":11,"gold_loss":0},{"damage_healed":0,"gold_gain":50,"player_choice":"Stole From Cult","damage_taken":0,"max_hp_gain":0,"max_hp_loss":0,"event_name":"Nest","floor":20,"gold_loss":0}],"is_beta":false,"boss_relics":[{"not_picked":["SacredBark","Coffee Dripper"],"picked":"Astrolabe"}],"items_purged_floors":[],"is_endless":false,"potions_floor_spawned":[4,6,8,18],"killed_by":"Slavers","ascension_level":20}}