{"host":"lv7etzzgwahaenh9","time":1613162561,"event":{"mods":["AchievementEnabler","BaseMod","Colored Map","Colored Powertips","Highlight Path","Minty Spire (QoL Compilation)","Permanent Neow","Quick Restart","Random Character Button","StSLib"],"gold_per_floor":[215,231,46,58,69,97,97,127,173,204,169,169,169,180,180,284,284,304,323,333,333,333],"floor_reached":21,"language":"ENG","playtime":1103,"items_purged":[],"score":231,"play_id":"acaf46c3-9307-4dbd-9422-d97f19a6ad54","local_time":"20210212124241","is_ascension_mode":true,"campfire_choices":[{"data":"Establishment","floor":7.0,"key":"SMITH"},{"data":"SandsOfTime","floor":12,"key":"SMITH"},{"data":"Worship","floor":15,"key":"SMITH"}],"circlet_count":0,"master_deck":["Strike_P","Strike_P","Strike_P","Strike_P","Defend_P","Defend_P","Defend_P","Defend_P","Eruption+1","Vigilance","EmptyFist","Wallop","Swivel","FollowUp","Establishment+1","SandsOfTime+1","CutThroughFate","TalkToTheHand","Worship+1","Brilliance","ThirdEye","Pray"],"relics":["PureWater","Cauldron","Juzu Bracelet","Bottled Lightning","Bag of Marbles","Omamori","VioletLotus"],"acts_visited":["Exordium","TheCity"],"potions_floor_usage":[19],"damage_taken":[{"damage":0.0,"enemies":"Cultist","floor":1.0,"turns":4.0},{"damage":2.0,"enemies":"Jaw Worm","floor":2.0,"turns":3.0},{"damage":0.0,"enemies":"Small Slimes","floor":4.0,"turns":2.0},{"damage":0.0,"enemies":"Exordium Thugs","floor":5.0,"turns":3.0},{"damage":17.0,"enemies":"3 Sentries","floor":6.0,"turns":15.0},{"damage":25.0,"enemies":"Lagavulin","floor":8.0,"turns":6.0},{"damage":9,"enemies":"3 Sentries","floor":10,"turns":6},{"damage":2,"enemies":"Exordium Wildlife","floor":14,"turns":2},{"damage":6,"enemies":"Hexaghost","floor":16,"turns":10},{"damage":2,"enemies":"Chosen","floor":18,"turns":4},{"damage":11,"enemies":"Spheric Guardian","floor":19,"turns":3},{"damage":41,"enemies":"Chosen and Byrds","floor":20,"turns":5},{"damage":56,"enemies":"Snake Plant","floor":21,"turns":4}],"seed_played":"1367169872047552386","potions_obtained":[{"floor":2.0,"key":"Energy Potion"},{"floor":3.0,"key":"EntropicBrew"},{"floor":3.0,"key":"FairyPotion"},{"floor":4.0,"key":"Dexterity Potion"},{"floor":10,"key":"StancePotion"},{"floor":14,"key":"PowerPotion"},{"floor":20,"key":"PowerPotion"}],"is_trial":false,"path_per_floor":["M","M","$","M","M","E","R","E","T","E","?","R","?","M","R","B",null,"M","M","M","M"],"character_chosen":"WATCHER","items_purchased":["Swivel","Cauldron"],"campfire_rested":0,"item_purchase_floors":[3,3],"current_hp_per_floor":[72,70,70,70,70,53,53,28,28,19,37,37,37,35,35,29,72,70,59,18,0,0],"gold":333,"neow_bonus":"HUNDRED_GOLD","is_daily":false,"chose_seed":false,"campfire_upgraded":3,"win_rate":0.0,"timestamp":1613162561,"path_taken":["M","?","$","M","M","E","R","E","T","E","?","R","?","M","R","BOSS","M","M","M","M"],"items_purchased_type":["Card","Relic"],"build_version":"2020-12-22","purchased_purges":0,"victory":false,"max_hp_per_floor":[72,72,72,72,72,72,72,72,72,72,72,72,72,72,72,72,72,72,72,72,72,72],"card_choices":[{"not_picked":["JustLucky","Evaluate"],"picked":"EmptyFist","floor":1.0},{"not_picked":["ThirdEye","ReachHeaven"],"picked":"Wallop","floor":2.0},{"not_picked":["EmptyBody","Halt"],"picked":"FollowUp","floor":4.0},{"not_picked":["EmptyMind","CrushJoints"],"picked":"Establishment","floor":5.0},{"not_picked":["Scrawl","Wireheading"],"picked":"SandsOfTime","floor":6.0},{"not_picked":["Worship","Consecrate"],"picked":"CutThroughFate","floor":8.0},{"not_picked":["CutThroughFate","JustLucky"],"picked":"TalkToTheHand","floor":10},{"not_picked":["ClearTheMind","SashWhip"],"picked":"Worship","floor":14},{"not_picked":["Wish","DevaForm"],"picked":"Brilliance","floor":16},{"not_picked":["LikeWater+1","PathToVictory"],"picked":"ThirdEye","floor":18},{"not_picked":["EmptyMind","LikeWater"],"picked":"Pray","floor":19},{"not_picked":["Crescendo","BowlingBash","Vengeance"],"picked":"SKIP","floor":20}],"player_experience":347136,"relics_obtained":[{"floor":6.0,"key":"Juzu Bracelet"},{"floor":8.0,"key":"Bottled Lightning"},{"floor":9.0,"key":"Bag of Marbles"},{"floor":10,"key":"Omamori"}],"event_choices":[{"damage_healed":18,"gold_gain":0,"player_choice":"Healed","damage_taken":0,"max_hp_gain":0,"max_hp_loss":0,"event_name":"The Cleric","floor":11,"gold_loss":35},{"damage_healed":0,"gold_gain":0,"player_choice":"Upgraded","damage_taken":0,"max_hp_gain":0,"max_hp_loss":0,"event_name":"Upgrade Shrine","floor":13,"gold_loss":0,"cards_upgraded":["Eruption"]}],"is_beta":false,"boss_relics":[{"not_picked":["Velvet Choker","Fusion Hammer"],"picked":"VioletLotus"}],"items_purged_floors":[],"is_endless":false,"potions_floor_spawned":[2,4,10,14,20],"killed_by":"Snake Plant","ascension_level":3}}