{"host":"ELF","time":1613137306,"event":{"mods":["BaseMod","Bestiary","Minty Spire (QoL Compilation)","Relic Stats","Slay the Relics Exporter"],"gold_per_floor":[118,42,117,77,87,117,130,142,169,187,187,187],"floor_reached":11,"language":"ENG","playtime":321,"items_purged":[],"score":200,"play_id":"8b50fb8a-8c35-450c-b3ea-08ecafaa85f5","local_time":"20210212074146","is_ascension_mode":true,"campfire_choices":[],"circlet_count":0,"master_deck":["AscendersBane","Strike_G","Strike_G","Strike_G","Strike_G","Strike_G","Defend_G","Defend_G","Defend_G","Defend_G","Defend_G","Survivor","Neutralize","Dagger Throw","Noxious Fumes","Cloak And Dagger","Well Laid Plans","Slice","Bouncing Flask","Escape Plan"],"relics":["Ring of the Snake","NeowsBlessing","Boot","Bag of Marbles"],"acts_visited":["Exordium"],"potions_floor_usage":[11],"damage_taken":[{"damage":0,"enemies":"2 Louse","floor":1,"turns":1},{"damage":0,"enemies":"Small Slimes","floor":5,"turns":1},{"damage":0,"enemies":"Gremlin Nob","floor":6,"turns":1},{"damage":6,"enemies":"Cultist","floor":7,"turns":4},{"damage":18,"enemies":"Gremlin Gang","floor":8,"turns":4},{"damage":17,"enemies":"Red Slaver","floor":10,"turns":4},{"damage":19,"enemies":"Lagavulin","floor":11,"turns":3}],"seed_played":"4179693273926029756","potions_obtained":[{"floor":4,"key":"Regen Potion"},{"floor":4,"key":"Ancient Potion"},{"floor":6,"key":"PowerPotion"}],"is_trial":false,"path_per_floor":["M","$","?","?","M","E","M","M","T","M","E"],"character_chosen":"THE_SILENT","items_purchased":["Noxious Fumes"],"campfire_rested":0,"item_purchase_floors":[2],"current_hp_per_floor":[59,59,48,48,48,48,42,24,24,7,0,0],"gold":187,"neow_bonus":"THREE_ENEMY_KILL","is_daily":false,"chose_seed":false,"campfire_upgraded":0,"win_rate":0.0,"timestamp":1613137306,"path_taken":["M","$","?","?","?","E","M","?","T","M","E"],"items_purchased_type":["Card"],"build_version":"2020-12-18","purchased_purges":0,"victory":false,"max_hp_per_floor":[66,66,66,66,66,66,66,66,66,66,66,66],"relic_stats":{"counters":[7,18],"Boot":[16],"obtain_stats":[{"NeowsBlessing":0,"Bag of Marbles":9,"Boot":6,"Ring of the Snake":0},{"NeowsBlessing":0,"Bag of Marbles":5,"Boot":3,"Ring of the Snake":0},{"NeowsBlessing":0,"Bag of Marbles":11,"Boot":3,"Ring of the Snake":0}],"Ring of the Snake":[14]},"card_choices":[{"not_picked":["Prepared","Deflect"],"picked":"Dagger Throw","floor":1},{"not_picked":["Acrobatics","Terror"],"picked":"Cloak And Dagger","floor":5},{"not_picked":["Caltrops","Flying Knee"],"picked":"Well Laid Plans","floor":6},{"not_picked":["Eviscerate","Poisoned Stab"],"picked":"Slice","floor":7},{"not_picked":["Riddle With Holes","Flying Knee"],"picked":"Bouncing Flask","floor":8},{"not_picked":["Deflect","Distraction"],"picked":"Escape Plan","floor":10}],"player_experience":3405963,"relics_obtained":[{"floor":6,"key":"Boot"},{"floor":9,"key":"Bag of Marbles"}],"event_choices":[{"damage_healed":0,"gold_gain":75,"player_choice":"Gather Gold","damage_taken":11,"max_hp_gain":0,"max_hp_loss":0,"event_name":"World of Goop","floor":3,"gold_loss":0},{"damage_healed":0,"gold_gain":0,"player_choice":"Bought 3 Potions","damage_taken":0,"max_hp_gain":0,"max_hp_loss":0,"event_name":"The Woman in Blue","floor":4,"gold_loss":0}],"is_beta":true,"boss_relics":[],"items_purged_floors":[],"is_endless":false,"potions_floor_spawned":[5,6,7,8],"killed_by":"Lagavulin","ascension_level":20}}