{"host":"8ztb9kwpjc2zof9s","time":1613109560,"event":{"mods":["BaseMod","Block Reminder","Curses Come First","Minty Spire (QoL Compilation)","Relic Stats","StSLib"],"gold_per_floor":[111,39,39,39,58,89,106,122,122,122,150,150,169,41,41,41,41],"floor_reached":16,"language":"ENG","playtime":489,"items_purged":["Strike_G"],"score":209,"play_id":"926827df-65d9-414e-8ece-b05760f97f53","local_time":"20210211215920","is_ascension_mode":true,"campfire_choices":[{"data":"Leg Sweep","floor":10,"key":"SMITH"},{"data":"Footwork","floor":15,"key":"SMITH"}],"circlet_count":0,"master_deck":["AscendersBane","Strike_G","Strike_G","Strike_G","Defend_G+1","Defend_G","Defend_G","Defend_G","Defend_G","Survivor+1","Neutralize","Footwork+1","Bane","Leg Sweep+1","Deadly Poison","Concentrate","Backflip"],"relics":["Ring of the Snake","NeowsBlessing","Eternal Feather","Ginger","Incense Burner"],"acts_visited":["Exordium"],"potions_floor_usage":[13,16],"damage_taken":[{"damage":0,"enemies":"Cultist","floor":1,"turns":1},{"damage":0,"enemies":"Small Slimes","floor":5,"turns":1},{"damage":0,"enemies":"Gremlin Nob","floor":6,"turns":1},{"damage":0,"enemies":"Jaw Worm","floor":7,"turns":7},{"damage":0,"enemies":"Exordium Wildlife","floor":8,"turns":6},{"damage":8,"enemies":"Lagavulin","floor":11,"turns":10},{"damage":6,"enemies":"Exordium Thugs","floor":13,"turns":7},{"damage":55,"enemies":"Hexaghost","floor":16,"turns":16}],"seed_played":"-3327341135976150157","potions_obtained":[{"floor":1,"key":"SpeedPotion"},{"floor":5,"key":"GamblersBrew"}],"is_trial":false,"path_per_floor":["M","$","?","?","M","E","M","M","T","R","E","?","M","$","R","B"],"character_chosen":"THE_SILENT","items_purchased":["Footwork","Backflip"],"campfire_rested":0,"item_purchase_floors":[2,14],"current_hp_per_floor":[63,63,63,63,63,63,63,63,63,70,62,48,42,42,51,0,0],"gold":41,"neow_bonus":"THREE_ENEMY_KILL","is_daily":false,"chose_seed":false,"campfire_upgraded":2,"win_rate":0.0,"timestamp":1613109560,"path_taken":["M","$","?","?","?","E","M","M","T","R","E","?","M","$","R","BOSS"],"items_purchased_type":["Card","Card"],"build_version":"2020-12-22","purchased_purges":1,"victory":false,"max_hp_per_floor":[70,70,70,70,70,70,70,70,70,70,70,70,70,70,70,70,70],"relic_stats":{"counters":[8,49],"Eternal Feather":16,"Ginger":[5],"obtain_stats":[{"NeowsBlessing":0,"Eternal Feather":6,"Incense Burner":11,"Ginger":9,"Ring of the Snake":0},{"NeowsBlessing":0,"Eternal Feather":3,"Incense Burner":6,"Ginger":5,"Ring of the Snake":0},{"NeowsBlessing":0,"Eternal Feather":3,"Incense Burner":26,"Ginger":16,"Ring of the Snake":0}],"Ring of the Snake":[16]},"card_choices":[{"not_picked":["Deflect","Dodge and Roll","Masterful Stab"],"picked":"SKIP","floor":1},{"not_picked":["Slice","Blade Dance"],"picked":"Bane","floor":5},{"not_picked":["Flying Knee","Cloak And Dagger"],"picked":"Leg Sweep","floor":6},{"not_picked":["Escape Plan","Prepared","Malaise"],"picked":"SKIP","floor":7},{"not_picked":["Finisher","Catalyst"],"picked":"Deadly Poison","floor":8},{"not_picked":["Eviscerate","Blade Dance","Concentrate"],"picked":"SKIP","floor":11},{"not_picked":["Eviscerate","Blade Dance"],"picked":"Concentrate","floor":11},{"not_picked":["Deflect","Eviscerate","Quick Slash"],"picked":"SKIP","floor":13}],"player_experience":292991,"relics_obtained":[{"floor":6,"key":"Eternal Feather"},{"floor":9,"key":"Ginger"},{"floor":11,"key":"Incense Burner"}],"event_choices":[{"damage_healed":0,"gold_gain":0,"player_choice":"Leave","damage_taken":0,"max_hp_gain":0,"max_hp_loss":0,"event_name":"The Cleric","floor":3,"gold_loss":0},{"cards_removed":["Strike_G"],"damage_healed":0,"gold_gain":0,"player_choice":"Offered Basic","damage_taken":0,"max_hp_gain":0,"max_hp_loss":0,"event_name":"Bonfire Elementals","floor":4,"gold_loss":0},{"damage_healed":0,"gold_gain":0,"player_choice":"Entered Light","damage_taken":14,"max_hp_gain":0,"max_hp_loss":0,"event_name":"Shining Light","floor":12,"gold_loss":0,"cards_upgraded":["Defend_G","Survivor"]}],"is_beta":false,"boss_relics":[],"items_purged_floors":[14],"is_endless":false,"potions_floor_spawned":[1,5,7,11],"killed_by":"Hexaghost","ascension_level":11}}