{"host":"6dypmz777xraikqf","time":1613155735,"event":{"mods":["AchievementEnabler","BaseMod","BetterRewards","Colored Map","Colored Powertips","Downfall","Highlight Path","Hubris","Infinite Spire","Minty Spire (QoL Compilation)","Replay The Spire","StSLib"],"gold_per_floor":[115,134,151,151,162,187,187,221,221,121,156,156,156,172,172,275,275,287,297,297,297,297,297],"floor_reached":22,"language":"ENG","playtime":2030,"items_purged":["Strike_G","Defend_G"],"score":486,"play_id":"d77442bd-3306-4856-844e-66347d8185e0","local_time":"20210212184855","is_ascension_mode":true,"campfire_choices":[{"floor":7,"key":"REST"},{"data":"Footwork","floor":13,"key":"SMITH"},{"floor":15,"key":"DIG"}],"circlet_count":0,"master_deck":["AscendersBane","Strike_G","Strike_G","Strike_G","Strike_G","Defend_G","Defend_G","Defend_G","Defend_G","Survivor","Neutralize","Acrobatics","Acrobatics","Backflip+1","Backflip","Underhanded Strike","Eviscerate","Escape Plan","Underhanded Strike","Prepared","Slice","Noxious Fumes","Footwork+1","Noxious Fumes","PiercingWail","After Image","Dagger Throw","Underhanded Strike"],"relics":["Ring of the Snake","Orrery","Tingsha","Counterbalance","Durian","hubris:SlimyHat","Pantograph","hubris:DisguiseKit","hubris:Towel","Mummified Hand","SlaversCollar","Blue Candle","hubris:BottledHeart"],"acts_visited":["Exordium","TheCity"],"potions_floor_usage":[11],"damage_taken":[{"damage":0,"enemies":"Jaw Worm","floor":1,"turns":2},{"damage":10,"enemies":"2 Louse","floor":2,"turns":3},{"damage":0,"enemies":"Small Slimes","floor":3,"turns":2},{"damage":0,"enemies":"Looter","floor":5,"turns":2},{"damage":12,"enemies":"Replay:BlueRogue","floor":6,"turns":6},{"damage":12,"enemies":"3 Sentries","floor":8,"turns":7},{"damage":5,"enemies":"Lagavulin","floor":11,"turns":6},{"damage":0,"enemies":"Exordium Wildlife","floor":14,"turns":4},{"damage":26,"enemies":"Fading Forest","floor":16,"turns":11},{"damage":9,"enemies":"Chosen","floor":18,"turns":7},{"damage":0,"enemies":"Spheric Guardian","floor":19,"turns":4}],"seed_played":"-5168937833158672521","potions_obtained":[{"floor":6,"key":"Weak Potion"},{"floor":8,"key":"sneckomod:MuddlingPotion"},{"floor":11,"key":"GhostInAJar"},{"floor":14,"key":"Energy Potion"}],"is_trial":false,"path_per_floor":["M","M","M","?","M","E","R","E","T","$","E","?","R","M","R_BF","B",null,"M","M","?","?","?"],"character_chosen":"THE_SILENT","items_purchased":["Orrery","Tingsha","Eviscerate","Escape Plan"],"campfire_rested":1,"item_purchase_floors":[0,0,0,0],"current_hp_per_floor":[49,39,39,39,39,32,54,42,42,42,37,37,37,37,37,38,66,57,57,52,1,0,0],"gold":297,"neow_bonus":"","is_daily":false,"chose_seed":false,"campfire_upgraded":1,"win_rate":0.0,"timestamp":1613155735,"path_taken":["M","M","M","?","M","E","R","E","T","$","E","?","R","M","R_BF","BOSS","M","M","?","?","?"],"items_purchased_type":["Relic","Relic","Card","Card"],"build_version":"2020-12-22","purchased_purges":2,"victory":false,"max_hp_per_floor":[70,70,70,70,70,75,75,75,75,75,75,75,75,75,75,75,75,75,75,75,1,1,1],"card_choices":[{"not_picked":["Toxin Wave","hubris:SlightOfHand"],"picked":"Acrobatics","floor":0},{"not_picked":["Bane","hubris:TrickCloak"],"picked":"Acrobatics","floor":0},{"not_picked":["ReplayTheSpireMod:Speed Training","ReplayTheSpireMod:Necrosis"],"picked":"Backflip","floor":0},{"not_picked":["Phantasmal Killer","Quick Slash"],"picked":"Backflip","floor":0},{"not_picked":["All Out Attack","Dagger Throw"],"picked":"Underhanded Strike","floor":0},{"not_picked":["Poisoned Stab","Deadly Poison"],"picked":"Underhanded Strike","floor":1},{"not_picked":["Poisoned Stab","Cloak And Dagger"],"picked":"Prepared","floor":2},{"not_picked":["Outmaneuver","Accuracy"],"picked":"Slice","floor":3},{"not_picked":["Crippling Poison","hubris:Sniper"],"picked":"Noxious Fumes","floor":5},{"not_picked":["Malaise","Quick Slash","Setup"],"picked":"SKIP","floor":6},{"not_picked":["Cloak And Dagger","Replay:Bag of Tricks"],"picked":"Footwork","floor":8},{"not_picked":["Fluid Movement","Outmaneuver"],"picked":"Noxious Fumes","floor":11},{"not_picked":["Outmaneuver","Bouncing Flask","hexamod:InspiringFlames"],"picked":"PiercingWail","floor":14},{"not_picked":["Glass Knife","Envenom","hexamod:TurnItUp"],"picked":"After Image","floor":16},{"not_picked":["Accuracy","Poisoned Stab","hexamod:SwordOfDarkness"],"picked":"Dagger Throw","floor":18},{"not_picked":["Dash","ReplayTheSpireMod:Speed Training","hexamod:ShieldOfDarkness"],"picked":"Underhanded Strike","floor":19}],"player_experience":216183,"relics_obtained":[{"floor":6,"key":"Durian"},{"floor":8,"key":"hubris:SlimyHat"},{"floor":9,"key":"Pantograph"},{"floor":11,"key":"hubris:DisguiseKit"},{"floor":15,"key":"Mummified Hand"}],"event_choices":[{"damage_healed":0,"gold_gain":0,"player_choice":"Grow","damage_taken":0,"max_hp_gain":0,"max_hp_loss":0,"event_name":"Living Wall","floor":4,"gold_loss":0,"cards_upgraded":["Backflip"]},{"damage_healed":0,"gold_gain":0,"player_choice":"Joined the Cult","damage_taken":6,"max_hp_gain":0,"max_hp_loss":0,"event_name":"Nest","floor":22,"gold_loss":0,"cards_obtained":["RitualDagger"]}],"is_beta":false,"boss_relics":[{"not_picked":["Tiny House","ChewingGum"],"picked":"SlaversCollar"}],"items_purged_floors":[0,10],"is_endless":false,"potions_floor_spawned":[6,8,11,14,16],"ascension_level":12}}