{"host":"Alvar","time":1613089268,"event":{"mods":["AchievementEnabler","BaseMod","Minty Spire (QoL Compilation)","StSLib"],"gold_per_floor":[115,115,190,33,46,72,72,72,72,72,72,98,111,141,141,214,214,231,146,71,71,43,68,82,82,106,136,150,181,106,118,118,190,190,205,218,218,218,198,198,198],"floor_reached":40,"language":"ENG","playtime":1600,"items_purged":["Strike_R"],"score":970,"play_id":"01dbdae7-4468-4149-ba46-f49e4a27bdc7","local_time":"20210212072108","is_ascension_mode":true,"campfire_choices":[{"data":"Bash","floor":7.0,"key":"SMITH"},{"data":"Rampage","floor":10.0,"key":"SMITH"},{"data":"Metallicize","floor":15.0,"key":"SMITH"},{"data":"Armaments","floor":25,"key":"SMITH"},{"data":"Limit Break","floor":32,"key":"SMITH"}],"circlet_count":0,"master_deck":["AscendersBane","Defend_R","Defend_R","Defend_R","Bash+1","Pommel Strike","Fire Breathing","Rampage+1","Corruption","Metallicize+1","Reaper","Armaments+1","Limit Break+1","Dark Embrace","Spot Weakness","Fiend Fire+1","Ghostly Armor","Pommel Strike+1","Exhume","Reaper+1","Dark Embrace+1","Inflame+1","Iron Wave+1","True Grit+1","Sword Boomerang+1","Violence"],"relics":["Burning Blood","NeowsBlessing","OrangePellets","Prayer Wheel","Pantograph","Thread and Needle","CaptainsWheel","Centennial Puzzle","Coffee Dripper","StrikeDummy","Molten Egg 2","Boot","Eternal Feather","Mummified Hand","Astrolabe"],"acts_visited":["Exordium","TheCity","TheBeyond"],"potions_floor_usage":[29,29,40],"damage_taken":[{"damage":0.0,"enemies":"Small Slimes","floor":1.0,"turns":1.0},{"damage":0.0,"enemies":"2 Louse","floor":5.0,"turns":1.0},{"damage":0.0,"enemies":"Gremlin Nob","floor":6.0,"turns":1.0},{"damage":33.0,"enemies":"Lagavulin","floor":12.0,"turns":7.0},{"damage":0.0,"enemies":"Cultist","floor":13.0,"turns":4.0},{"damage":22.0,"enemies":"3 Sentries","floor":14.0,"turns":5.0},{"damage":13.0,"enemies":"Slime Boss","floor":16.0,"turns":8.0},{"damage":9.0,"enemies":"Spheric Guardian","floor":18.0,"turns":6.0},{"damage":13.0,"enemies":"2 Thieves","floor":22.0,"turns":4.0},{"damage":46.0,"enemies":"Gremlin Leader","floor":23.0,"turns":10.0},{"damage":13,"enemies":"Centurion and Healer","floor":24,"turns":7},{"damage":5,"enemies":"Book of Stabbing","floor":27,"turns":4},{"damage":13,"enemies":"Snecko","floor":28,"turns":5},{"damage":14,"enemies":"Slavers","floor":29,"turns":5},{"damage":16,"enemies":"Snake Plant","floor":31,"turns":4},{"damage":19,"enemies":"Champ","floor":33,"turns":10},{"damage":25,"enemies":"3 Darklings","floor":35,"turns":5},{"damage":1,"enemies":"Orb Walker","floor":36,"turns":3},{"damage":89,"enemies":"Nemesis","floor":40,"turns":6}],"seed_played":"-3329834005244618589","potions_obtained":[{"floor":1.0,"key":"AttackPotion"},{"floor":5.0,"key":"SteroidPotion"},{"floor":18.0,"key":"Explosive Potion"},{"floor":27,"key":"SneckoOil"},{"floor":28,"key":"FearPotion"},{"floor":31,"key":"Energy Potion"},{"floor":35,"key":"BlessingOfTheForge"},{"floor":39,"key":"Ancient Potion"}],"is_trial":false,"path_per_floor":["M","?","?","$","M","E","R","?","T","R","T","E","M","E","R","B",null,"M","?","?","?","M","E","M","R","T","E","M","E","$","M","R","B",null,"M","M","$","?","?","E"],"character_chosen":"IRONCLAD","items_purchased":["OrangePellets"],"campfire_rested":0,"item_purchase_floors":[4],"current_hp_per_floor":[74,67,56,56,62,68,68,73,73,73,73,46,52,36,36,54,74,71,71,71,71,64,40,37,37,37,56,59,61,61,61,73,80,80,80,80,80,70,70,0,0],"gold":198,"neow_bonus":"THREE_ENEMY_KILL","is_daily":false,"chose_seed":false,"campfire_upgraded":5,"win_rate":0.0,"timestamp":1613089268,"path_taken":["M","?","?","$","M","E","R","?","T","R","?","E","M","E","R","BOSS","M","?","?","?","M","E","M","R","T","E","M","E","$","M","R","BOSS","M","M","$","?","?","E"],"items_purchased_type":["Relic"],"build_version":"2020-12-18","purchased_purges":1,"victory":false,"max_hp_per_floor":[75,75,75,75,75,75,75,80,80,80,80,80,80,80,80,80,80,80,80,80,80,80,80,80,80,80,80,80,80,80,80,80,80,80,80,80,80,80,80,80,80],"card_choices":[{"not_picked":["Rupture","Entrench"],"picked":"Pommel Strike","floor":1.0},{"not_picked":["Heavy Blade","Twin Strike"],"picked":"Fire Breathing","floor":5.0},{"not_picked":["Battle Trance","Clothesline"],"picked":"Rampage","floor":6.0},{"not_picked":["Metallicize","Inflame"],"picked":"Corruption","floor":12.0},{"not_picked":["Warcry","Wild Strike","Reckless Charge"],"picked":"SKIP","floor":13.0},{"not_picked":["Havoc","Warcry","Rampage"],"picked":"SKIP","floor":13.0},{"not_picked":["Flex","Havoc"],"picked":"Metallicize","floor":14.0},{"not_picked":["Fiend Fire","Demon Form"],"picked":"Reaper","floor":16.0},{"not_picked":["Body Slam","Perfected Strike"],"picked":"Armaments","floor":18.0},{"not_picked":["Perfected Strike","Pummel","Searing Blow"],"picked":"SKIP","floor":18.0},{"not_picked":["Body Slam","Pummel"],"picked":"Limit Break","floor":22.0},{"not_picked":["Iron Wave+1","Pommel Strike","Anger"],"picked":"SKIP","floor":22.0},{"not_picked":["Entrench","Heavy Blade+1"],"picked":"Dark Embrace","floor":23},{"not_picked":["Clothesline+1","Cleave+1"],"picked":"Spot Weakness","floor":24},{"not_picked":["Heavy Blade+1","Reckless Charge+1","Wild Strike+1"],"picked":"SKIP","floor":24},{"not_picked":["Clash+1","Wild Strike+1"],"picked":"Fiend Fire+1","floor":27},{"not_picked":["Pommel Strike+1","Bloodletting+1"],"picked":"Ghostly Armor","floor":28},{"not_picked":["Warcry","Body Slam+1"],"picked":"Pommel Strike+1","floor":28},{"not_picked":["Iron Wave+1","Rage+1","Cleave+1"],"picked":"SKIP","floor":29},{"not_picked":["Iron Wave+1","Headbutt+1"],"picked":"Exhume","floor":31},{"not_picked":["Clash+1","Dark Embrace","Anger+1"],"picked":"SKIP","floor":31},{"not_picked":["Brutality","Fiend Fire+1"],"picked":"Reaper+1","floor":33},{"not_picked":["Thunderclap+1","Rage","Wild Strike+1"],"picked":"SKIP","floor":35},{"not_picked":["Warcry+1","Flex","Pommel Strike+1"],"picked":"SKIP","floor":35},{"not_picked":["Anger+1","Headbutt+1"],"picked":"True Grit+1","floor":36},{"not_picked":["Perfected Strike+1","Rampage+1"],"picked":"Sword Boomerang+1","floor":36},{"not_picked":["HandOfGreed+1","Jack Of All Trades"],"picked":"Violence","floor":38}],"player_experience":811083,"relics_obtained":[{"floor":6.0,"key":"Prayer Wheel"},{"floor":9.0,"key":"Pantograph"},{"floor":11.0,"key":"Thread and Needle"},{"floor":12.0,"key":"CaptainsWheel"},{"floor":14.0,"key":"Centennial Puzzle"},{"floor":23,"key":"Molten Egg 2"},{"floor":26,"key":"Boot"},{"floor":27,"key":"Eternal Feather"},{"floor":29,"key":"Mummified Hand"}],"event_choices":[{"cards_removed":["Strike_R"],"damage_healed":0.0,"max_hp_gain":0.0,"max_hp_loss":0.0,"gold_gain":0.0,"event_name":"Golden Wing","player_choice":"Card Removal","floor":2.0,"gold_loss":0.0,"damage_taken":7.0},{"damage_healed":0.0,"max_hp_gain":0.0,"max_hp_loss":0.0,"gold_gain":75.0,"event_name":"World of Goop","player_choice":"Gather Gold","floor":3.0,"gold_loss":0.0,"damage_taken":11.0},{"damage_healed":0.0,"max_hp_gain":5.0,"max_hp_loss":0.0,"gold_gain":0.0,"event_name":"Big Fish","player_choice":"Donut","floor":8.0,"gold_loss":0.0,"damage_taken":0.0},{"damage_healed":0.0,"max_hp_gain":0.0,"max_hp_loss":0.0,"gold_gain":0.0,"event_name":"Addict","player_choice":"Obtained Relic","floor":19.0,"gold_loss":85.0,"damage_taken":0.0,"relics_obtained":["StrikeDummy"]},{"cards_removed":["Strike_R"],"damage_healed":0.0,"max_hp_gain":0.0,"max_hp_loss":0.0,"gold_gain":0.0,"event_name":"Beggar","player_choice":"Gave Gold","floor":20.0,"gold_loss":75.0,"damage_taken":0.0},{"damage_healed":0.0,"max_hp_gain":0.0,"max_hp_loss":0.0,"gold_gain":0.0,"event_name":"The Mausoleum","player_choice":"Ignored","floor":21.0,"gold_loss":0.0,"damage_taken":0.0},{"damage_healed":0,"gold_gain":0,"player_choice":"Memory 3","damage_taken":10,"max_hp_gain":0,"max_hp_loss":0,"event_name":"SensoryStone","floor":38,"gold_loss":0},{"damage_healed":0,"gold_gain":0,"player_choice":"Bought 1 Potion","damage_taken":0,"max_hp_gain":0,"max_hp_loss":0,"event_name":"The Woman in Blue","floor":39,"gold_loss":0}],"is_beta":true,"boss_relics":[{"not_picked":["SacredBark","Snecko Eye"],"picked":"Coffee Dripper"},{"not_picked":["Tiny House","Runic Dome"],"picked":"Astrolabe"}],"items_purged_floors":[30],"is_endless":false,"potions_floor_spawned":[1,5,6,18,22,27,28,31,35,36],"killed_by":"Nemesis","ascension_level":20}}