{"host":"xkmvu47k9fdstweo","time":1613095426,"event":{"mods":["BaseMod","Colored Map","Conspire","HololiveMod","Hubris","Minty Spire (QoL Compilation)","Quick Restart","Shop Mod","StSLib"],"gold_per_floor":[86,11,30,30,30,30,65,90,90,125,59,114,114,132,132,236,236,264,264,50,50,50,94,44,44,68,86,8,8,49,71,71,197,197,221,221,72,75,75],"floor_reached":38,"language":"ENG","playtime":1058,"items_purged":["Hololive_Defend"],"score":1136,"play_id":"9c5bf3a4-ece3-4208-8c8a-c755d4b3203c","local_time":"20210211210346","is_ascension_mode":true,"campfire_choices":[{"data":"Hololive_CallUsadaPekora","floor":6.0,"key":"SMITH"},{"data":"Hololive_LuckPotion","floor":15.0,"key":"SMITH"},{"data":"Hololive_BeCareful","floor":25.0,"key":"SMITH"},{"data":"Hololive_BeCareful","floor":32.0,"key":"SMITH"}],"circlet_count":0,"master_deck":["AscendersBane","Hololive_CallUsadaPekora+1","Hololive_CallAmaneKanata","Hololive_CallOkamiMio","Hololive_CallOkamiMio","Hololive_LuckPotion","Hololive_CallDoris","Hololive_CallSakuraMiko","Hololive_Breathe","Hololive_LuckPotion+1","Hololive_HuntDinosaur","Hololive_RevenueBasedLive","Hololive_BeCareful+1","Hololive_RevenueBasedLive+1","Hololive_Breathe","Hololive_CallUsadaPekora+1","Hololive_LuckPotion","Hololive_CallAiraniIofifteen","Hololive_Yoholoon","Hololive_BeCareful+1","Hololive_Yoholoon","Hololive_DDD","hubris:DuctTapeCard","Hololive_WolfAndLamb"],"relics":["Hololive_TheStar","Golden Idol","hubris:MysteriousPyramids","hubris:DuctTape","Singing Bowl","conspire:BottledYoYo","hubris:Icosahedron","Runic Pyramid","MutagenicStrength","DollysMirror","Orichalcum","hubris:Towel","Eternal Feather","SlaversCollar"],"acts_visited":["Exordium","TheCity","TheBeyond"],"potions_floor_usage":[],"damage_taken":[{"damage":0.0,"enemies":"Cultist","floor":1.0,"turns":3.0},{"damage":0.0,"enemies":"conspire:RoseBush","floor":3.0,"turns":4.0},{"damage":0.0,"enemies":"Lagavulin","floor":7.0,"turns":4.0},{"damage":0.0,"enemies":"2 Louse","floor":8.0,"turns":2.0},{"damage":0.0,"enemies":"Large Slime","floor":10.0,"turns":4.0},{"damage":0.0,"enemies":"Gremlin Nob","floor":12.0,"turns":3.0},{"damage":0.0,"enemies":"3 Louse","floor":14.0,"turns":3.0},{"damage":10.0,"enemies":"Slime Boss","floor":16.0,"turns":7.0},{"damage":0.0,"enemies":"Spheric Guardian","floor":18.0,"turns":3.0},{"damage":0.0,"enemies":"Book of Stabbing","floor":23.0,"turns":4.0},{"damage":0.0,"enemies":"2 Thieves","floor":27.0,"turns":2.0},{"damage":10.0,"enemies":"Slavers","floor":30.0,"turns":5.0},{"damage":0.0,"enemies":"conspire:HollyBat","floor":31.0,"turns":5.0},{"damage":0.0,"enemies":"Champ","floor":33.0,"turns":7.0},{"damage":6,"enemies":"Orb Walker","floor":35,"turns":3},{"damage":25,"enemies":"3 Shapes","floor":38,"turns":3}],"seed_played":"7906063412971877262","potions_obtained":[{"floor":3.0,"key":"SteroidPotion"},{"floor":12.0,"key":"DuplicationPotion"},{"floor":23.0,"key":"Regen Potion"},{"floor":30.0,"key":"Regen Potion"}],"is_trial":false,"path_per_floor":["M","$","M","?","?","R","E","M","T","M","?","E","?","M","R","B",null,"M","?","$","?","?","E","$","R","T","M","$","?","E","M","R","B",null,"M","?","$","M"],"character_chosen":"Hololive_HololiveCharacter","items_purchased":["Hololive_Breathe","DollysMirror","Hololive_LuckPotion","Hololive_Yoholoon","Hololive_WolfAndLamb"],"campfire_rested":0,"item_purchase_floors":[20,20,24,28,37],"current_hp_per_floor":[27,27,27,25,14,14,14,14,14,14,14,14,14,14,14,4,20,20,20,20,18,18,20,20,20,20,27,27,27,17,17,27,27,27,23,23,23,0,0],"gold":75,"neow_bonus":"REMOVE_TWO","is_daily":false,"chose_seed":false,"campfire_upgraded":4,"win_rate":0.0,"timestamp":1613095426,"path_taken":["M","$","?","?","?","R","E","M","T","M","?","E","?","M","R","BOSS","M","?","$","?","?","E","?","R","T","?","$","?","E","M","R","BOSS","M","?","?","M"],"items_purchased_type":["Card","Relic","Card","Card","Card"],"build_version":"2020-12-22","purchased_purges":1,"victory":false,"max_hp_per_floor":[27,27,27,25,25,25,25,25,25,25,25,25,25,25,25,25,25,25,25,25,25,25,27,27,27,27,27,27,27,27,27,27,27,27,29,29,29,29,29],"card_choices":[{"not_picked":["Hololive_CallAmaneKanata","Hololive_RevenueBasedLive","Hololive_FlyingPonyTail"],"picked":"Hololive_LuckPotion","floor":1.0},{"not_picked":["Hololive_Spy","Hololive_CallMinatoAqua","Hololive_RevenueBasedLive"],"picked":"Hololive_CallDoris","floor":3.0},{"not_picked":["Hololive_HuntDinosaur","Hololive_Rebound","Hololive_OvertimeWork"],"picked":"Hololive_CallSakuraMiko","floor":7.0},{"not_picked":["Hololive_CallShiroganeNoel","Hololive_CallRoboco","Hololive_Spy"],"picked":"Hololive_Breathe","floor":8.0},{"not_picked":["Hololive_Rebound","Hololive_CallShiroganeNoel","Hololive_CallShiranuiFlare"],"picked":"Hololive_LuckPotion","floor":10.0},{"not_picked":["Hololive_StarCraft","Hololive_CallUruhaRushia","Hololive_Trident"],"picked":"Hololive_HuntDinosaur","floor":12.0},{"not_picked":["Hololive_CallOkamiMio","Hololive_CallYogiri","Hololive_CocoNews"],"picked":"Hololive_RevenueBasedLive","floor":14.0},{"not_picked":["Hololive_ScarfAndHalo","Hololive_Recruit","Hololive_DDD"],"picked":"Hololive_BeCareful","floor":16.0},{"not_picked":["Hololive_HuntDinosaur","Hololive_Rebound","Hololive_CallYogiri"],"picked":"Hololive_RevenueBasedLive+1","floor":18.0},{"not_picked":["Hololive_CallOzoraSubaru","Hololive_OvertimeWork","Hololive_Sequa","Hololive_Rebound"],"picked":"Singing Bowl","floor":23.0},{"not_picked":["Hololive_OvertimeWork","Hololive_CocoNews+1","Hololive_CallFriendA"],"picked":"Hololive_CallAiraniIofifteen","floor":27.0},{"not_picked":["Hololive_RevenueBasedLive","Hololive_Watashimo+1","Hololive_CallOzoraSubaru+1"],"picked":"Hololive_BeCareful","floor":30.0},{"not_picked":["Hololive_Trident","Hololive_Breathe","Hololive_CallAiraniIofifteen"],"picked":"Hololive_Yoholoon","floor":31.0},{"not_picked":["Hololive_ASMR","Hololive_Nanodesu","Hololive_FlareMind"],"picked":"Hololive_DDD","floor":33.0},{"not_picked":["Hololive_CocoNews","Hololive_OvertimeWork","Hololive_RevenueBasedLive","Hololive_HuntDinosaur"],"picked":"Singing Bowl","floor":35}],"player_experience":357004,"relics_obtained":[{"floor":7.0,"key":"hubris:DuctTape"},{"floor":9.0,"key":"Singing Bowl"},{"floor":12.0,"key":"conspire:BottledYoYo"},{"floor":26.0,"key":"Orichalcum"},{"floor":30.0,"key":"Eternal Feather"}],"event_choices":[{"damage_healed":0.0,"max_hp_gain":0.0,"max_hp_loss":2.0,"gold_gain":0.0,"event_name":"Golden Idol","player_choice":"Lose Max HP","floor":4.0,"gold_loss":0.0,"damage_taken":0.0,"relics_obtained":["Golden Idol"]},{"damage_healed":0.0,"max_hp_gain":0.0,"max_hp_loss":0.0,"gold_gain":0.0,"event_name":"Scrap Ooze","player_choice":"Success","floor":5.0,"gold_loss":0.0,"damage_taken":11.0,"relics_obtained":["hubris:MysteriousPyramids"]},{"damage_healed":0.0,"max_hp_gain":0.0,"max_hp_loss":0.0,"gold_gain":0.0,"event_name":"World of Goop","player_choice":"Left Gold","floor":11.0,"gold_loss":66.0,"damage_taken":0.0},{"damage_healed":0.0,"max_hp_gain":0.0,"max_hp_loss":0.0,"gold_gain":0.0,"event_name":"Drug Dealer","player_choice":"Inject Mutagens","floor":19.0,"gold_loss":0.0,"damage_taken":0.0,"relics_obtained":["MutagenicStrength"]},{"damage_healed":0.0,"max_hp_gain":0.0,"max_hp_loss":0.0,"gold_gain":0.0,"event_name":"conspire:Investor","player_choice":"Leave","floor":21.0,"gold_loss":0.0,"damage_taken":0.0},{"damage_healed":0.0,"max_hp_gain":0.0,"max_hp_loss":0.0,"gold_gain":0.0,"event_name":"Vampires","player_choice":"Ignored","floor":22.0,"gold_loss":0.0,"damage_taken":0.0},{"cards_removed":["Hololive_CallAyundaRisu"],"damage_healed":0,"gold_gain":0,"player_choice":"Purged","damage_taken":0,"max_hp_gain":0,"max_hp_loss":0,"event_name":"Purifier","floor":36,"gold_loss":0}],"is_beta":false,"boss_relics":[{"not_picked":["hubris:ScarierMask","Velvet Choker"],"picked":"Runic Pyramid"},{"not_picked":["Philosopher\u0027s Stone","Calling Bell"],"picked":"SlaversCollar"}],"items_purged_floors":[2],"is_endless":false,"potions_floor_spawned":[3,12,14,16,23,30,33],"killed_by":"3 Shapes","ascension_level":20}}