{"host":"8vqkh0x3c7vpgzzm","time":1613174038,"event":{"mods":["AchievementEnabler","BaseMod","Colored Map","Colored Powertips","Curses Come First","DeckTracker","Highlight Path","Minty Spire (QoL Compilation)","Permanent Neow","Quick Restart","Random Character Mod","Rare Cards Sparkle","Relic Sorter","Relic Stats","StSLib","SuperFastMode","Unceasing Turn Reminder","egg","everything is the same but u backflip on backflip"],"gold_per_floor":[110,124,49,67,86,86,112,112,158,158,188,200,200,220,220,297,297,308,308,308],"floor_reached":19,"language":"ENG","playtime":1032,"items_purged":["Defend_R"],"score":363,"play_id":"93c12f2c-352c-4c70-aa63-b6e5a8661b23","local_time":"20210213005358","is_ascension_mode":true,"campfire_choices":[{"data":"Shrug It Off","floor":6,"key":"SMITH"},{"data":"Feed","floor":8,"key":"SMITH"},{"data":"Exhume","floor":10,"key":"SMITH"},{"floor":15,"key":"REST"}],"circlet_count":0,"master_deck":["AscendersBane","Strike_R","Strike_R","Strike_R","Strike_R","Defend_R","Defend_R","Defend_R","Bash+1","Metallicize","Shrug It Off+1","Pommel Strike","Exhume+1","Feed+1","Evolve+1","Iron Wave","Berserk+1"],"relics":["Burning Blood","Frozen Egg 2","Nunchaku","Odd Mushroom","Philosopher\u0027s Stone"],"acts_visited":["Exordium","TheCity"],"potions_floor_usage":[7,11,12,18],"damage_taken":[{"damage":6,"enemies":"Jaw Worm","floor":1,"turns":4},{"damage":10,"enemies":"2 Louse","floor":2,"turns":2},{"damage":5,"enemies":"Small Slimes","floor":4,"turns":6},{"damage":12,"enemies":"3 Louse","floor":5,"turns":4},{"damage":33,"enemies":"3 Sentries","floor":7,"turns":14},{"damage":29,"enemies":"The Mushroom Lair","floor":11,"turns":5},{"damage":6,"enemies":"Blue Slaver","floor":12,"turns":6},{"damage":13,"enemies":"Lots of Slimes","floor":14,"turns":7},{"damage":41,"enemies":"Slime Boss","floor":16,"turns":12},{"damage":27,"enemies":"Spheric Guardian","floor":18,"turns":7},{"damage":54,"enemies":"3 Byrds","floor":19,"turns":4}],"seed_played":"4837137753675817599","potions_obtained":[{"floor":4,"key":"LiquidMemories"},{"floor":7,"key":"SneckoOil"},{"floor":11,"key":"Weak Potion"},{"floor":16,"key":"Ancient Potion"}],"is_trial":false,"path_per_floor":["M","M","$","M","M","R","E","R","T","R","?","M","?","M","R","B",null,"M","M"],"character_chosen":"IRONCLAD","items_purchased":[],"campfire_rested":1,"item_purchase_floors":[],"current_hp_per_floor":[68,64,64,65,59,59,32,32,32,32,13,17,17,18,45,10,71,54,0,0],"gold":308,"neow_bonus":"UPGRADE_CARD","is_daily":false,"chose_seed":false,"campfire_upgraded":3,"win_rate":0.0,"timestamp":1613174038,"path_taken":["M","M","$","M","M","R","E","R","T","R","?","M","?","M","R","BOSS","M","M"],"items_purchased_type":[],"build_version":"2020-12-22","purchased_purges":1,"victory":false,"max_hp_per_floor":[75,75,75,75,75,75,75,75,75,75,79,83,83,91,91,91,91,95,95,95],"relic_stats":{"Nunchaku":[8],"counters":[11,71],"obtain_stats":[{"Nunchaku":9,"Philosopher\u0027s Stone":17,"Frozen Egg 2":7,"Odd Mushroom":11,"Burning Blood":0},{"Nunchaku":5,"Philosopher\u0027s Stone":9,"Frozen Egg 2":5,"Odd Mushroom":6,"Burning Blood":0},{"Nunchaku":30,"Philosopher\u0027s Stone":60,"Frozen Egg 2":30,"Odd Mushroom":35,"Burning Blood":0}],"Burning Blood":60},"card_choices":[{"not_picked":["Sword Boomerang","Shrug It Off"],"picked":"Metallicize","floor":1},{"not_picked":["True Grit","Warcry"],"picked":"Shrug It Off","floor":2},{"not_picked":["Flex","Evolve"],"picked":"Pommel Strike","floor":4},{"not_picked":["Feel No Pain","Infernal Blade"],"picked":"Exhume","floor":5},{"not_picked":["Clothesline","Double Tap"],"picked":"Feed","floor":7},{"not_picked":["Iron Wave","Intimidate"],"picked":"Evolve+1","floor":11},{"not_picked":["Warcry","Clothesline"],"picked":"Iron Wave","floor":12},{"not_picked":["Pommel Strike","Iron Wave","Perfected Strike"],"picked":"SKIP","floor":14},{"not_picked":["Feed","Fiend Fire"],"picked":"Berserk+1","floor":16},{"not_picked":["Rupture+1","Evolve+1","Heavy Blade"],"picked":"SKIP","floor":18}],"player_experience":533987,"relics_obtained":[{"floor":7,"key":"Frozen Egg 2"},{"floor":9,"key":"Nunchaku"},{"floor":11,"key":"Odd Mushroom"}],"event_choices":[{"damage_healed":0,"gold_gain":0,"player_choice":"Fought Mushrooms","damage_taken":0,"max_hp_gain":0,"max_hp_loss":0,"event_name":"Mushrooms","floor":11,"gold_loss":0},{"cards_removed":["Strike_R"],"damage_healed":0,"gold_gain":0,"player_choice":"Forget","damage_taken":0,"max_hp_gain":0,"max_hp_loss":0,"event_name":"Living Wall","floor":13,"gold_loss":0}],"is_beta":false,"boss_relics":[{"not_picked":["Calling Bell","Busted Crown"],"picked":"Philosopher\u0027s Stone"}],"items_purged_floors":[3],"is_endless":false,"potions_floor_spawned":[4,7,11,16],"killed_by":"3 Byrds","ascension_level":20}}