{"host":"rn4c402gwd40h2z6","time":1613092023,"event":{"mods":["100% Spire Juice","Act Like it!","Ascension Unlocker","BaseMod","CapriCore","Card Forge","Challenge The Spire","DNKmod","Data Control","Decade(王小明)","Dio Mod","Friendly Minions","Good Game Mod","HololiveMod","Infinite Spire","KinomotoSakuraMod(木之本樱)","Kiyohime（清姬）","LagranYue(拉格朗・月)","Library of Ruina","Library of Ruina Extra","Luminous","Mari Mod (Legacy)","Mari\u0027s V1 Patch","Mimic Mod","Minty Spire (QoL Compilation)","Monster B Gone","NanayaShiki（七夜志贵）","Permanent Neow","Quick Restart","Railgun Mod","Random Character Button","Remilia（蕾米莉亚）","RumiaBox-露米娅的神秘盒子","Spicy Shops","StSLib","Td1madao Mod","The Alterego","The Animator","The Saiyan","The Senshi","The Servant 0.9.4","The Wild Card","Waifu the Spire","WarShipGirlsR/战舰少女R mod","Yuri Mod","[Fun]BeWhatYouAte","noobMod","【功能Mod】混沌之环修复补丁","【功能Mod】精心准备","【遗物Mod】死灵法师NEW","老伊莉雅"],"gold_per_floor":[113,113,38,61,6,6,33,63,90,123,171,183,245,277,289,405,417,463,492,19,34,34,106,130,130,130,130,144,69,69,91,91,219,219,236,240,248,248,248,248,637,687,758,758,275,3,90,182,32,32,131,131,131,18,137,241,245],"floor_reached":58,"language":"ZHS","playtime":8510,"items_purged":[],"score":2779,"play_id":"4f2237fc-22bd-4617-9a4a-a00d1e154d5a","local_time":"20210212090703","is_ascension_mode":true,"campfire_choices":[{"floor":6.0,"key":"RECALL"},{"floor":15.0,"key":"REST"},{"data":"infinitespire:SevenWalls","floor":27,"key":"SMITH"},{"data":"animator:Berserker","floor":32,"key":"SMITH"},{"floor":40,"key":"REST"},{"data":"animator:Kyubey","floor":50,"key":"SMITH"}],"circlet_count":0,"master_deck":["AscendersBane","animator:Strike_GoblinSlayer+1","animator:Defend_GoblinSlayer+1","animator:LizardPriest+1","ShikiMod:bokinohana___+1","animator:Ain+1","animator:Berserker+1","animator:GuildGirl+1","Madness+1","Madness+1","animator:Berserker+1","animator:Kyubey+1","animator:Alexander+1","animator:SilverFang+1","animator:KrulTepes+1","animator:Saitama+1","animator:SilverFang+1","Dash+1","animator:Berserker+1","animator:Kyubey+1","animator:RoyMustang+1","animator:Yuuichirou+1","infinitespire:Oblivion+1","animator:Elesis+2","animator:Lancer+1","Shame","animator:Illya"],"relics":["animator:TheWolleyCore","animator:AncientMedallion"],"acts_visited":["Exordium","TheCity","TheBeyond","TheEnding","EYB:TheUnnamedReign"],"potions_floor_usage":[48,48,55,55,56],"damage_taken":[{"damage":0.0,"enemies":"Small Slimes","floor":1.0,"turns":1.0},{"damage":0.0,"enemies":"Jaw Worm","floor":4.0,"turns":1.0},{"damage":0.0,"enemies":"Gremlin Nob","floor":7.0,"turns":1.0},{"damage":0.0,"enemies":"2 Louse","floor":8.0,"turns":1.0},{"damage":28.0,"enemies":"3 Sentries","floor":10.0,"turns":4.0},{"damage":0.0,"enemies":"Gremlin Gang","floor":11.0,"turns":1.0},{"damage":0.0,"enemies":"3 Louse","floor":14.0,"turns":2.0},{"damage":0.0,"enemies":"Slime Boss","floor":16.0,"turns":6.0},{"damage":0.0,"enemies":"3 Byrds","floor":18.0,"turns":4.0},{"damage":0.0,"enemies":"2 Thieves","floor":19.0,"turns":3.0},{"damage":0.0,"enemies":"Chosen and Byrds","floor":21.0,"turns":4.0},{"damage":0.0,"enemies":"animator:HornedBat","floor":23.0,"turns":7.0},{"damage":4,"enemies":"Shelled Parasite and Fungi","floor":24,"turns":4},{"damage":0,"enemies":"Snake Plant","floor":28,"turns":1},{"damage":27,"enemies":"Centurion and Healer","floor":31,"turns":3},{"damage":29,"enemies":"Champ","floor":33,"turns":12},{"damage":9,"enemies":"3 Darklings","floor":35,"turns":3},{"damage":55,"enemies":"Time Eater","floor":36,"turns":8},{"damage":0,"enemies":"Donu and Deca","floor":37,"turns":8},{"damage":70,"enemies":"animator:TRIPLE_SHAPES_WEAK","floor":42,"turns":8},{"damage":0,"enemies":"animator:UNNAMED_HAT","floor":43,"turns":9},{"damage":46,"enemies":"animator:LARGE_CUBE","floor":47,"turns":5},{"damage":43,"enemies":"animator:TRIPLE_LAGAVULIN","floor":48,"turns":5},{"damage":80,"enemies":"animator:ULTIMATE_CUBE","floor":51,"turns":8},{"damage":238,"enemies":"animator:ULTIMATE_WISP","floor":55,"turns":10},{"damage":57,"enemies":"animator:ULTIMATE_CRYSTAL","floor":56,"turns":11}],"seed_played":"-1495251488793959292","potions_obtained":[{"floor":1.0,"key":"FearPotion"},{"floor":4.0,"key":"MagicPotion:ReiMu"},{"floor":42,"key":"animator:FalseLifePotion"},{"floor":43,"key":"animator:FalseLifePotion"},{"floor":48,"key":"animator:FalseLifePotion"},{"floor":51,"key":"animator:FalseLifePotion"},{"floor":55,"key":"animator:FalseLifePotion"},{"floor":56,"key":"animator:FalseLifePotion"}],"is_trial":false,"path_per_floor":["M","?","?","M","$","R","E","M","T","E","M","?","?","M","R","B",null,"M","M","$","M","?","E","M","AVR","T","R","M","?","$","M","R","B",null,"M","B","B",null,null,"R","??","M","M","T","?","$","M","M","?","R","E","T","?","$","E","E","B",null],"character_chosen":"THE_ANIMATOR","items_purchased":["animator:KyokoSakura","PageOfBloodbath","Thread and Needle","animator:AncientMedallion","animator:AncientMedallion"],"campfire_rested":2,"item_purchase_floors":[5,20,20,46,54],"current_hp_per_floor":[54,36,36,36,36,36,36,36,36,9,9,9,9,9,27,27,53,53,42,42,42,42,42,44,44,44,44,44,44,44,35,35,68,68,59,7,83,83,85,86,91,21,26,26,26,26,92,92,92,92,92,92,92,92,92,92,92],"gold":245,"neow_bonus":"THREE_ENEMY_KILL","is_daily":false,"chose_seed":false,"campfire_upgraded":3,"win_rate":0.0,"timestamp":1613092023,"path_taken":["M","?","?","M","$","R","E","M","T","E","?","?","?","?","R","BOSS","M","M","$","M","?","E","M","AVR","T","R","M","?","$","M","R","BOSS","M","BOSS","BOSS","R","??","M","M","T","?","$","M","M","?","R","E","T","?","$","E","E","BOSS"],"items_purchased_type":["Card","Relic","Relic","Relic","Relic"],"build_version":"2020-12-22","purchased_purges":0,"victory":true,"max_hp_per_floor":[60,60,60,60,60,60,60,60,60,61,61,61,61,61,61,61,61,61,68,68,68,68,68,68,68,68,68,68,68,68,68,68,68,68,70,77,86,86,86,86,91,91,92,92,92,92,92,92,92,92,92,92,92,92,92,92,92],"card_choices":[{"not_picked":["animator:Scar","animator:RinTohsaka"],"picked":"animator:Ain","floor":1.0},{"not_picked":["animator:Priestess","animator:HighElfArcher"],"picked":"animator:IrohaTamaki","floor":4.0},{"not_picked":["animator:Laby","animator:Mikaela"],"picked":"animator:KyokoSakura","floor":7.0},{"not_picked":["animator:LizardPriest","animator:Priestess"],"picked":"animator:GuildGirl","floor":8.0},{"not_picked":["dwlrmod:SpreadingPlague","dwlrmod:AutoProtect"],"picked":"dwlrmod:HiddenKnife","floor":10.0},{"not_picked":["animator:Lu","animator:Tatsumaki"],"picked":"animator:SayakaMiki","floor":10.0},{"not_picked":["animator:YuiTsuruno","animator:Raven"],"picked":"animator:Assassin","floor":11.0},{"not_picked":["dwlrmod:Simulacrum","dwlrmod:HoldBreath"],"picked":"dwlrmod:TheLastStand","floor":14.0},{"not_picked":["animator:Witch","animator:Father"],"picked":"animator:Berserker","floor":14.0},{"not_picked":["animator:Guren","animator:SwordMaiden"],"picked":"animator:Kyubey","floor":16.0},{"not_picked":["animator:RinTohsaka","animator:Assassin"],"picked":"animator:Alexander","floor":18.0},{"not_picked":["animator:ShinjiMatou","animator:Shigure"],"picked":"animator:SilverFang","floor":18.0},{"not_picked":["animator:Mikaela","animator:Scar"],"picked":"animator:KrulTepes","floor":18.0},{"not_picked":["animator:Illya","animator:HighElfArcher"],"picked":"animator:Berserker","floor":18.0},{"not_picked":["animator:Alexander","animator:Sloth"],"picked":"animator:Saitama","floor":19.0},{"not_picked":["animator:Laby","animator:Gluttony","animator:LizardPriest+1"],"picked":"SKIP","floor":21.0},{"not_picked":["animator:Add","animator:WinryRockbell"],"picked":"animator:SilverFang","floor":23},{"not_picked":["animator:Shigure+1","animator:Tatsumaki+1"],"picked":"animator:Berserker","floor":28},{"not_picked":["animator:NagisaMomoe","animator:Scar","animator:Archer"],"picked":"SKIP","floor":31},{"not_picked":["animator:FeridBathory","animator:Envy"],"picked":"animator:Kyubey","floor":33},{"not_picked":["animator:MaesHughes+1","animator:ShinjiMatou","animator:EmiyaShirou+1"],"picked":"SKIP","floor":35},{"not_picked":["animator:Aisha+1","animator:Rider","animator:DwarfShaman"],"picked":"SKIP","floor":42},{"not_picked":["animator:OrikoMikuni","animator:SayakaMiki"],"picked":"animator:Yuuichirou","floor":43},{"not_picked":["infinitespire:FutureSight","infinitespire:NeuralNetwork"],"picked":"infinitespire:Oblivion","floor":45},{"not_picked":["animator:ElricEdward","animator:Shigure","animator:CowGirl"],"picked":"SKIP","floor":47},{"not_picked":["animator:Mikaela","animator:ElricAlphonse","animator:CrowleyEusford"],"picked":"SKIP","floor":48},{"not_picked":["animator:Saber+1","animator:MadokaKaname+1"],"picked":"animator:Elesis+1","floor":49},{"not_picked":["animator:ElricAlphonse","animator:ShinjiMatou"],"picked":"animator:Lancer","floor":51},{"not_picked":["animator:GoblinSlayer","animator:Aisha","animator:ElricAlphonse+1"],"picked":"SKIP","floor":55},{"not_picked":["animator:Ciel","animator:Spearman"],"picked":"animator:Illya","floor":56}],"player_experience":121937,"relics_obtained":[{"floor":1.0,"key":"Baka"},{"floor":4.0,"key":"Baka2"},{"floor":4.0,"key":"dwlrmod:ProjectRecorder"},{"floor":7.0,"key":"FossilizedHelix"},{"floor":10.0,"key":"MawBank"},{"floor":23,"key":"GodSword3"},{"floor":24,"key":"ScarletDevilRocket"},{"floor":26,"key":"PageOfAlriune"},{"floor":41,"key":"animator:TheWolleyCore"},{"floor":41,"key":"animator:AncientMedallion"},{"floor":44,"key":"animator:AncientMedallion"},{"floor":51,"key":"animator:AncientMedallion"},{"floor":52,"key":"animator:AncientMedallion"},{"floor":55,"key":"animator:AncientMedallion"},{"floor":56,"key":"animator:AncientMedallion"},{"floor":56,"key":"animator:AncientMedallion"}],"event_choices":[{"damage_healed":0.0,"max_hp_gain":0.0,"max_hp_loss":0.0,"gold_gain":0.0,"event_name":"Shining Light","player_choice":"Entered Light","floor":2.0,"gold_loss":0.0,"damage_taken":18.0,"cards_upgraded":["animator:LizardPriest","animator:Defend"]},{"cards_removed":["animator:Defend"],"damage_healed":0.0,"max_hp_gain":0.0,"max_hp_loss":0.0,"gold_gain":0.0,"event_name":"The Cleric","player_choice":"Card Removal","floor":3.0,"gold_loss":75.0,"damage_taken":0.0},{"damage_healed":0.0,"max_hp_gain":0.0,"max_hp_loss":0.0,"gold_gain":50.0,"event_name":"Golden Shrine","player_choice":"Pray","floor":13.0,"gold_loss":0.0,"damage_taken":0.0},{"damage_healed":0.0,"max_hp_gain":0.0,"max_hp_loss":0.0,"gold_gain":0.0,"event_name":"Drug Dealer","player_choice":"Inject Mutagens","floor":22.0,"gold_loss":0.0,"damage_taken":0.0,"relics_obtained":["MutagenicStrength"]},{"cards_removed":["animator:IrohaTamaki"],"damage_healed":0,"gold_gain":0,"player_choice":"Gave Gold","damage_taken":0,"max_hp_gain":0,"max_hp_loss":0,"event_name":"Beggar","floor":29,"gold_loss":75}],"is_beta":false,"boss_relics":[{"not_picked":["Busted Crown","Hololive_TopUpMoneyS"],"picked":"MariMod:MariFestivalBadge"},{"not_picked":["Philosopher\u0027s Stone","Fusion Hammer"],"picked":"SoulBox"}],"items_purged_floors":[],"is_endless":false,"potions_floor_spawned":[1,4,8,16,21,28,33,42,43,48,55,56],"ascension_level":20}}