{"host":"b9sas8jv6tsy9swm","time":1613170644,"event":{"mods":["AchievementEnabler","BaseMod","Minty Spire (QoL Compilation)","Permanent Neow","Quick Restart","Replay The Spire","StSLib"],"gold_per_floor":[119,119,129,149,159,159,159,159],"floor_reached":7,"language":"ZHS","playtime":294,"items_purged":[],"score":56,"play_id":"50ed0253-1ee6-4a07-87ba-bd892bd46368","local_time":"20210213065724","is_ascension_mode":true,"campfire_choices":[{"data":"ReplayTheSpireMod:Fabricate Wheel","floor":6,"key":"SMITH"}],"circlet_count":0,"master_deck":["Strike_B","Strike_B","Strike_B","Strike_B","Defend_B","Defend_B","Defend_B","Defend_B","Zap","Dualcast","Crystallizer","Pain","Turbo","Reinforced Body","Coolheaded","Reboot"],"relics":["Cracked Core","WarpedTongs","Prayer Wheel"],"acts_visited":["Exordium"],"potions_floor_usage":[7],"damage_taken":[{"damage":0,"enemies":"2 Louse","floor":1,"turns":2},{"damage":12,"enemies":"Cultist","floor":3,"turns":4},{"damage":3,"enemies":"Small Slimes","floor":4,"turns":3},{"damage":14,"enemies":"Gremlin Gang","floor":5,"turns":5},{"damage":16,"enemies":"Lagavulin","floor":7,"turns":5}],"seed_played":"-4987554816248588432","potions_obtained":[{"floor":1,"key":"FearPotion"},{"floor":3,"key":"Dexterity Potion"}],"is_trial":false,"path_per_floor":["M","?","M","M","M","R","E"],"character_chosen":"DEFECT","items_purchased":[],"campfire_rested":0,"item_purchase_floors":[],"current_hp_per_floor":[50,50,38,35,21,21,5,5],"gold":159,"neow_bonus":"THREE_RARE_CARDS","is_daily":false,"chose_seed":false,"campfire_upgraded":1,"win_rate":0.0,"timestamp":1613170644,"path_taken":["M","?","M","?","M","R","E"],"items_purchased_type":[],"build_version":"2020-12-22","purchased_purges":0,"victory":false,"max_hp_per_floor":[75,75,75,75,75,75,75,75],"card_choices":[{"not_picked":["Echo Form","Machine Learning"],"picked":"ReplayTheSpireMod:Fabricate Wheel","floor":0},{"not_picked":["Ball Lightning","Tempest"],"picked":"Crystallizer","floor":1},{"not_picked":["Gash","Go for the Eyes"],"picked":"Turbo","floor":3},{"not_picked":["Leap","Go for the Eyes"],"picked":"Reinforced Body","floor":4},{"not_picked":["Gash","Rebound"],"picked":"Coolheaded","floor":5}],"player_experience":376686,"relics_obtained":[],"event_choices":[{"damage_healed":0,"gold_gain":0,"player_choice":"Rummage","damage_taken":0,"relics_obtained":["WarpedTongs"],"max_hp_gain":0,"max_hp_loss":0,"event_name":"Accursed Blacksmith","floor":2,"gold_loss":0,"cards_obtained":["Pain"]}],"is_beta":false,"boss_relics":[],"items_purged_floors":[],"is_endless":false,"potions_floor_spawned":[1,3],"killed_by":"Lagavulin","ascension_level":6}}