{"host":"5gc11emcm5chfr5t","time":1613090713,"event":{"mods":["2.2 Compatiblity","AchievementEnabler","BaseMod","Bestiary","Better Note","Colored Map","Colored Powertips","Downfall","Googly Eyes","Minty Spire (QoL Compilation)","Rare Cards Sparkle","StSLib"],"gold_per_floor":[99,99,99,0,0,0,0,16,43,54,354,384,403,403,422,422,422,422],"floor_reached":16,"language":"ENG","playtime":523,"items_purged":[],"score":366,"play_id":"fd2178c3-e191-4d57-82b7-e632b4c967d7","local_time":"20210211194513","is_ascension_mode":true,"campfire_choices":[{"floor":1,"key":"RECALL"},{"data":"expansioncontent:PolyBeam","floor":6,"key":"SMITH"}],"circlet_count":0,"master_deck":["AscendersBane","sneckomod:Strike","sneckomod:Strike","sneckomod:Strike+1","sneckomod:Defend","sneckomod:Defend","sneckomod:Defend+1","sneckomod:TailWhip+1","sneckomod:SnekBite","sneckomod:Unknown","sneckomod:Unknown","sneckomod:SnakeSap","Pain","sneckomod:UnknownClassPURPLE","expansioncontent:PolyBeam+1","sneckomod:ImprovisedGuard","sneckomod:WideSting","sneckomod:UnknownUncommonAttack","sneckomod:QuickMove","downfall:Icky","downfall:Icky","downfall:Icky","sneckomod:Restock","sneckomod:SoulRoll","downfall:Malfunctioning","sneckomod:TrashToTreasure"],"relics":["sneckomod:SneckoSoul","downfall:HeartsMalice","WarpedTongs","Slimebound:PreparedRelic","Anchor","MealTicket"],"acts_visited":["Exordium"],"potions_floor_usage":[10,12,16],"damage_taken":[{"damage":0,"enemies":"Small Slimes","floor":2,"turns":1},{"damage":0,"enemies":"downfall:FleeingMerchant","floor":4,"turns":1},{"damage":0,"enemies":"Cultist","floor":5,"turns":1},{"damage":11,"enemies":"Jaw Worm","floor":8,"turns":3},{"damage":32,"enemies":"Lagavulin","floor":9,"turns":6},{"damage":4,"enemies":"Blue Slaver","floor":10,"turns":2},{"damage":0,"enemies":"3 Sentries","floor":12,"turns":1},{"damage":4,"enemies":"Lots of Slimes","floor":13,"turns":5},{"damage":1,"enemies":"Exordium Thugs","floor":15,"turns":3},{"damage":32,"enemies":"WA_ARCHETYPE_RETAIN","floor":16,"turns":8}],"seed_played":"-8097257236857054022","potions_obtained":[{"floor":8,"key":"Swift Potion"},{"floor":9,"key":"Weak Potion"},{"floor":10,"key":"BlessingOfTheForge"},{"floor":15,"key":"FearPotion"}],"is_trial":false,"path_per_floor":["R","M","?","$","M","R","T","M","E","M","?","E","M","?","M","B"],"character_chosen":"THE_SNECKO","items_purchased":["expansioncontent:PolyBeam"],"campfire_rested":0,"item_purchase_floors":[4],"current_hp_per_floor":[75,75,75,75,75,75,75,64,32,28,28,28,24,24,23,0,0,0],"gold":422,"neow_bonus":"THREE_ENEMY_KILL","is_daily":false,"chose_seed":false,"campfire_upgraded":1,"win_rate":0.0,"timestamp":1613090713,"path_taken":["R","M","?","?","?","R","T","M","E","M","?","E","M","?","M","BOSS"],"items_purchased_type":["Card"],"build_version":"2020-12-22","purchased_purges":0,"victory":false,"max_hp_per_floor":[83,83,83,83,83,83,83,83,83,83,83,83,83,83,83,83,83,83],"card_choices":[{"not_picked":["sneckomod:UnknownClassBLUE","sneckomod:UnknownDraw"],"picked":"sneckomod:SnakeSap","floor":2},{"not_picked":["sneckomod:UnknownClassHEXA_GHOST_PURPLE","sneckomod:Rotation"],"picked":"sneckomod:UnknownClassPURPLE","floor":4},{"not_picked":["sneckomod:UnknownCommonSkill","sneckomod:UnknownClassGUARDIAN"],"picked":"sneckomod:ImprovisedGuard","floor":5},{"not_picked":["sneckomod:UnknownUncommonAttack","sneckomod:UnknownClassTHE_BRONZE_AUTOMATON"],"picked":"sneckomod:WideSting","floor":8},{"not_picked":["sneckomod:UnknownClassRED","sneckomod:UnknownClassTHE_CHAMP_GRAY"],"picked":"sneckomod:UnknownUncommonAttack","floor":9},{"not_picked":["sneckomod:UnknownDraw","sneckomod:UnknownClassGREEN"],"picked":"sneckomod:QuickMove","floor":10},{"not_picked":["sneckomod:UnknownExhaust","sneckomod:UnknownX"],"picked":"sneckomod:Restock","floor":12},{"not_picked":["sneckomod:UnknownStrike","sneckomod:Unknown2Cost"],"picked":"sneckomod:SoulRoll","floor":13},{"not_picked":["sneckomod:SoulRoll","sneckomod:MasterEye"],"picked":"sneckomod:TrashToTreasure","floor":15}],"player_experience":600714,"relics_obtained":[{"floor":7,"key":"Slimebound:PreparedRelic"},{"floor":9,"key":"Anchor"},{"floor":12,"key":"MealTicket"}],"event_choices":[{"damage_healed":0,"gold_gain":0,"player_choice":"Rummage","damage_taken":0,"relics_obtained":["WarpedTongs"],"max_hp_gain":0,"max_hp_loss":0,"event_name":"Accursed Blacksmith","floor":3,"gold_loss":0,"cards_obtained":["Pain"]}],"is_beta":false,"boss_relics":[],"items_purged_floors":[],"is_endless":false,"potions_floor_spawned":[8,9,10,15],"killed_by":"WA_ARCHETYPE_RETAIN","ascension_level":20}}