{"host":"dlqyscxstsnu98l1","time":1613159798,"event":{"mods":["AchievementEnabler","BaseMod","Colored Map","Colored Powertips","GifTheSpireLib","Highlight Path","Minty Spire (QoL Compilation)","Random Character Button","SacredBarkPlus","StSLib","everything is the same but u backflip on backflip"],"gold_per_floor":[115,128,128,49,63,89,89,107,177,190,200,219,184,184,184,283,283,264,264,264,189,209,209,229,229,229,239,239,239],"floor_reached":28,"language":"ENG","playtime":1557,"items_purged":["Pain"],"score":291,"play_id":"596e938f-b2a6-4a9d-b650-453b4f4700c7","local_time":"20210212135638","is_ascension_mode":true,"campfire_choices":[{"data":"Rainbow","floor":7,"key":"SMITH"},{"data":"Echo Form","floor":15,"key":"SMITH"},{"data":"Chill","floor":23,"key":"SMITH"},{"floor":25,"key":"REST"}],"circlet_count":0,"master_deck":["Strike_B","Strike_B","Strike_B","Defend_B","Defend_B","Defend_B","Defend_B","Zap","Dualcast","Rainbow+1","Conserve Battery","Blizzard","Creative AI","Self Repair","Coolheaded","Leap","Coolheaded","Echo Form+1","Leap","Glacier","Core Surge","Echo Form","Capacitor","Chill+1","Coolheaded","Blizzard","Leap+1","Leap+1","Self Repair"],"relics":["Cracked Core","Prayer Wheel","Pantograph","Sozu","WarpedTongs"],"acts_visited":["Exordium","TheCity"],"potions_floor_usage":[6,16],"damage_taken":[{"damage":0,"enemies":"2 Louse","floor":1,"turns":1},{"damage":0,"enemies":"Cultist","floor":2,"turns":3},{"damage":9,"enemies":"Jaw Worm","floor":5,"turns":6},{"damage":38,"enemies":"Lagavulin","floor":6,"turns":9},{"damage":11,"enemies":"3 Louse","floor":8,"turns":4},{"damage":7,"enemies":"Exordium Thugs","floor":10,"turns":5},{"damage":0,"enemies":"Large Slime","floor":11,"turns":5},{"damage":8,"enemies":"Red Slaver","floor":12,"turns":5},{"damage":62,"enemies":"Hexaghost","floor":16,"turns":14},{"damage":21,"enemies":"2 Thieves","floor":18,"turns":4},{"damage":4,"enemies":"Spheric Guardian","floor":22,"turns":8},{"damage":56,"enemies":"Chosen and Byrds","floor":24,"turns":17},{"damage":11,"enemies":"Centurion and Healer","floor":27,"turns":7},{"damage":40,"enemies":"Gremlin Leader","floor":28,"turns":3}],"seed_played":"3232700000165399312","potions_obtained":[{"floor":2,"key":"AttackPotion"},{"floor":8,"key":"SteroidPotion"},{"floor":11,"key":"EssenceOfDarkness"}],"is_trial":false,"path_per_floor":["M","M","?","$","M","E","R","M","T","M","M","M","?","?","R","B",null,"M","?","?","$","M","R","M","R","T","M","E"],"character_chosen":"DEFECT","items_purchased":["Self Repair"],"campfire_rested":1,"item_purchase_floors":[4],"current_hp_per_floor":[75,75,75,75,73,42,42,38,38,38,45,44,62,62,62,20,75,61,61,61,61,64,64,15,37,37,33,0,0],"gold":239,"neow_bonus":"ONE_RANDOM_RARE_CARD","is_daily":false,"chose_seed":false,"campfire_upgraded":3,"win_rate":0.0,"timestamp":1613159798,"path_taken":["M","M","?","?","M","E","R","?","T","M","M","M","?","?","R","BOSS","M","?","?","$","?","R","M","R","T","M","E"],"items_purchased_type":["Card"],"build_version":"2020-12-22","purchased_purges":1,"victory":false,"max_hp_per_floor":[75,75,75,75,75,75,75,75,75,75,75,75,75,75,75,75,75,75,75,75,75,75,75,75,75,75,75,75,75],"card_choices":[{"not_picked":["Coolheaded","Steam Power"],"picked":"Conserve Battery","floor":1},{"not_picked":["Streamline","Redo"],"picked":"Blizzard","floor":2},{"not_picked":["Reprogram","Streamline","Skim"],"picked":"SKIP","floor":5},{"not_picked":["Stack","Sweeping Beam"],"picked":"Coolheaded","floor":6},{"not_picked":["Hologram","Sweeping Beam"],"picked":"Leap","floor":8},{"not_picked":["Ball Lightning","Conserve Battery"],"picked":"Coolheaded","floor":8},{"not_picked":["Hello World","Redo","Ball Lightning"],"picked":"SKIP","floor":10},{"not_picked":["Lockon","Conserve Battery","Hologram"],"picked":"SKIP","floor":10},{"not_picked":["Barrage","Beam Cell"],"picked":"Echo Form","floor":11},{"not_picked":["Darkness","Recycle"],"picked":"Leap","floor":11},{"not_picked":["Go for the Eyes","Genetic Algorithm"],"picked":"Glacier","floor":12},{"not_picked":["Ball Lightning","Hologram"],"picked":"Core Surge","floor":12},{"not_picked":["Hyperbeam","Electrodynamics"],"picked":"Echo Form","floor":16},{"not_picked":["Sweeping Beam","Sunder"],"picked":"Capacitor","floor":18},{"not_picked":["Sweeping Beam","Coolheaded"],"picked":"Chill","floor":18},{"not_picked":["Reprogram","Heatsinks"],"picked":"Blizzard","floor":22},{"not_picked":["Stack","Recycle+1","Hologram"],"picked":"SKIP","floor":22},{"not_picked":["Rebound","Conserve Battery"],"picked":"Leap+1","floor":24},{"not_picked":["Lockon","Static Discharge","Sweeping Beam"],"picked":"SKIP","floor":24},{"not_picked":["BootSequence","Turbo"],"picked":"Leap+1","floor":27},{"not_picked":["Hello World","Heatsinks"],"picked":"Self Repair","floor":27}],"player_experience":177562,"relics_obtained":[{"floor":6,"key":"Prayer Wheel"},{"floor":9,"key":"Pantograph"}],"event_choices":[{"damage_healed":0,"gold_gain":0,"cards_transformed":["Strike_B"],"player_choice":"Transformed","damage_taken":0,"max_hp_gain":0,"max_hp_loss":0,"event_name":"Transmorgrifier","floor":3,"gold_loss":0,"cards_obtained":["Creative AI"]},{"damage_healed":18,"gold_gain":0,"player_choice":"Healed","damage_taken":0,"max_hp_gain":0,"max_hp_loss":0,"event_name":"The Cleric","floor":13,"gold_loss":35},{"damage_healed":0,"gold_gain":0,"player_choice":"Ignored","damage_taken":0,"max_hp_gain":0,"max_hp_loss":0,"event_name":"Liars Game","floor":14,"gold_loss":0},{"damage_healed":0,"gold_gain":0,"player_choice":"Read","damage_taken":0,"max_hp_gain":0,"max_hp_loss":0,"event_name":"The Library","floor":19,"gold_loss":0,"cards_obtained":["Coolheaded"]},{"damage_healed":0,"gold_gain":0,"player_choice":"Rummage","damage_taken":0,"relics_obtained":["WarpedTongs"],"max_hp_gain":0,"max_hp_loss":0,"event_name":"Accursed Blacksmith","floor":20,"gold_loss":0,"cards_obtained":["Pain"]}],"is_beta":false,"boss_relics":[{"not_picked":["Tiny House","Pandora\u0027s Box"],"picked":"Sozu"}],"items_purged_floors":[21],"is_endless":false,"potions_floor_spawned":[2,8,11,18],"killed_by":"Gremlin Leader","ascension_level":4}}