{"host":"ziko4uwynam20dv9","time":1613141212,"event":{"mods":["Aspiration","BaseMod","BetterRewards","Downfall","Hubris","Infinite Spire","Minty Spire (QoL Compilation)","Remilia??????","Replay The Spire","Shop Mod","StSLib","The Animator","The Jungle"],"gold_per_floor":[126,156,156,167,186,186,186,186,186,233,233,244,271,295,295,382,382,398,398,398,5,19,19,19],"floor_reached":23,"language":"FRA","playtime":1266,"items_purged":["Shame"],"score":352,"play_id":"eafa3a59-40cc-4f8b-ba34-ad90671421f9","local_time":"20210212154652","is_ascension_mode":true,"campfire_choices":[{"data":"animator:HigakiRinne","floor":6,"key":"SMITH"},{"data":"animator:AcuraAkari","floor":8,"key":"SMITH"},{"data":"animator:ChaikaBohdan","floor":11,"key":"SMITH"},{"floor":15,"key":"REST"}],"circlet_count":0,"master_deck":["AscendersBane","animator:Strike_HitsugiNoChaika","animator:Defend_HitsugiNoChaika","animator:Defend","animator:Defend","animator:Defend","animator:AcuraAkari+1","animator:Gillette","animator:ChaikaBohdan+1","animator:Shichika","animator:HigakiRinne+1","animator:Entoma+2","animator:AcuraTooru","animator:Souei","animator:Layla","animator:Biyorigo","animator:GazelDwargon+1","animator:Hitei+1","animator:HiiragiShinya+1","animator:Lancer+1","animator:Mitsuba"],"relics":["animator:LivingPicture","animator:TheMissingPiece","NeowsBlessing","infinitespire:CheckeredPen","Astrolabe","theJungle:SneckoAutograph","TheAbacus","MerchantsRug","Iron Hammer"],"acts_visited":["Exordium","Exordium"],"potions_floor_usage":[12,14,14,23],"damage_taken":[{"damage":0,"enemies":"Jaw Worm","floor":1,"turns":1},{"damage":0,"enemies":"Cultist","floor":2,"turns":1},{"damage":0,"enemies":"Small Slimes","floor":4,"turns":1},{"damage":1,"enemies":"Blue Slaver","floor":5,"turns":3},{"damage":14,"enemies":"Gremlin Nob","floor":10,"turns":3},{"damage":12,"enemies":"Lots of Slimes","floor":12,"turns":2},{"damage":21,"enemies":"Lagavulin","floor":13,"turns":4},{"damage":8,"enemies":"Gremlin Gang","floor":14,"turns":4},{"damage":18,"enemies":"The Guardian","floor":16,"turns":7},{"damage":9,"enemies":"theJungle:MUSHROOMGANG","floor":18,"turns":5},{"damage":23,"enemies":"Shell Parasite","floor":22,"turns":4},{"damage":72,"enemies":"theJungle:MamaSnecko","floor":23,"turns":4}],"seed_played":"-2290777205772612154","potions_obtained":[{"floor":1,"key":"SkillPotion"},{"floor":4,"key":"Regen Potion"},{"floor":13,"key":"Block Potion"},{"floor":18,"key":"LiquidBronze"}],"is_trial":false,"path_per_floor":["M","M","?","M","M","R","$","R","T","E","R","M","E","M","R","B",null,"M","?","?","$","M","E"],"character_chosen":"THE_ANIMATOR","items_purchased":["MerchantsRug","Iron Hammer"],"campfire_rested":1,"item_purchase_floors":[21,21],"current_hp_per_floor":[54,54,54,55,54,54,54,54,54,50,50,41,20,26,48,30,65,56,56,66,66,43,0,0],"gold":19,"neow_bonus":"THREE_ENEMY_KILL","is_daily":false,"chose_seed":false,"campfire_upgraded":3,"win_rate":0.0,"timestamp":1613141212,"path_taken":["M","M","?","M","M","R","$","R","T","E","R","?","E","M","R","BOSS","M","?","?","$","M","E"],"items_purchased_type":["Relic","Relic"],"build_version":"2020-12-22","purchased_purges":1,"victory":false,"max_hp_per_floor":[60,60,60,61,61,61,61,61,61,71,71,74,74,76,76,76,76,76,76,76,76,76,76,76],"card_choices":[{"not_picked":["animator:Konayuki","animator:FielNirvalen"],"picked":"animator:ChaikaBohdan","floor":1},{"not_picked":["animator:Assassin","animator:Emonzaemon"],"picked":"animator:Shichika","floor":2},{"not_picked":["animator:Souei","animator:RinTohsaka"],"picked":"animator:HigakiRinne","floor":4},{"not_picked":["animator:Togame","animator:Hitei"],"picked":"animator:Shichika","floor":5},{"not_picked":["animator:KrulTepes","animator:Hitei"],"picked":"animator:Entoma","floor":10},{"not_picked":["animator:Entoma","animator:Caster"],"picked":"animator:AcuraTooru","floor":12},{"not_picked":["animator:Togame","animator:Jibril"],"picked":"animator:Souei","floor":13},{"not_picked":["animator:AcuraAkari","animator:Guy"],"picked":"animator:Layla","floor":14},{"not_picked":["animator:ChaikaTrabant","animator:Ainz"],"picked":"animator:Biyorigo","floor":16},{"not_picked":["animator:Illya","animator:Sebas"],"picked":"animator:Lancer+1","floor":18},{"not_picked":["animator:Shion","animator:Entoma+1"],"picked":"animator:Mitsuba","floor":22}],"player_experience":1002848,"relics_obtained":[{"floor":9,"key":"infinitespire:CheckeredPen"},{"floor":10,"key":"Pear"},{"floor":13,"key":"hubris:DeckOfHolding"}],"event_choices":[{"cards_removed":["animator:Strike"],"damage_healed":0,"gold_gain":0,"player_choice":"Offered Basic","damage_taken":0,"max_hp_gain":0,"max_hp_loss":0,"event_name":"Bonfire Elementals","floor":3,"gold_loss":0}],"is_beta":false,"boss_relics":[{"not_picked":["aspiration:PoetsPen_weak","Kintsugi"],"picked":"Astrolabe"}],"items_purged_floors":[21],"is_endless":false,"potions_floor_spawned":[1,4,13,18],"killed_by":"theJungle:MamaSnecko","ascension_level":15}}