{"host":"3qkmyeoym75lj4wn","time":1613156039,"event":{"mods":["2.2 Compatiblity","BaseMod","Block Reminder","Colored Powertips","Highlight Path","Minty Spire (QoL Compilation)","Permanent Neow","Potion Indicator Mod","Rare Cards Sparkle","Relic Stats","StSLib","Unceasing Turn Reminder"],"gold_per_floor":[112,112,77,77,23,58,58,3,27,43,43,43,68,83,83,83,83],"floor_reached":16,"language":"ENG","playtime":331,"items_purged":[],"score":196,"play_id":"dc284ee6-c1a6-4c4f-9c6c-dcf32c7e40c5","local_time":"20210212185359","is_ascension_mode":true,"campfire_choices":[{"data":"Defragment","floor":7,"key":"SMITH"},{"data":"Zap","floor":12,"key":"SMITH"},{"data":"Defragment","floor":15,"key":"SMITH"}],"circlet_count":0,"master_deck":["AscendersBane","Strike_B","Strike_B","Strike_B","Strike_B","Defend_B","Defend_B","Defend_B","Defend_B","Zap+1","Dualcast","Defragment+1","Loop","Sweeping Beam","Defragment+1"],"relics":["Cracked Core","Anchor","Golden Idol","Shuriken","WingedGreaves","Bag of Marbles"],"acts_visited":["Exordium"],"potions_floor_usage":[6,16,16],"damage_taken":[{"damage":10,"enemies":"Small Slimes","floor":1,"turns":3},{"damage":48,"enemies":"Lagavulin","floor":6,"turns":7},{"damage":0,"enemies":"2 Louse","floor":10,"turns":3},{"damage":0,"enemies":"Cultist","floor":13,"turns":3},{"damage":0,"enemies":"Red Slaver","floor":14,"turns":3},{"damage":28,"enemies":"Hexaghost","floor":16,"turns":7}],"seed_played":"-5386413362182997199","potions_obtained":[{"floor":6,"key":"Fire Potion"},{"floor":13,"key":"LiquidBronze"}],"is_trial":false,"path_per_floor":["M","?","?","?","$","E","R","?","T","M","$","R","M","M","R","B"],"character_chosen":"DEFECT","items_purchased":["PowerPotion"],"campfire_rested":0,"item_purchase_floors":[5],"current_hp_per_floor":[54,54,64,69,69,21,21,21,21,21,21,21,21,21,21,0,0],"gold":83,"neow_bonus":"RANDOM_COMMON_RELIC","is_daily":false,"chose_seed":false,"campfire_upgraded":3,"win_rate":0.0,"timestamp":1613156039,"path_taken":["M","?","?","?","$","E","R","?","T","?","?","R","M","M","R","BOSS"],"items_purchased_type":["Potion"],"build_version":"2020-12-22","purchased_purges":0,"victory":false,"max_hp_per_floor":[71,64,64,69,69,69,69,69,69,69,69,69,69,69,69,69,69],"relic_stats":{"counters":[6,24],"Golden Idol":18,"Shuriken":[0],"obtain_stats":[{"Anchor":0,"Golden Idol":2,"Shuriken":6,"WingedGreaves":8,"Bag of Marbles":9,"Cracked Core":0},{"Anchor":0,"Golden Idol":1,"Shuriken":2,"WingedGreaves":2,"Bag of Marbles":2,"Cracked Core":0},{"Anchor":0,"Golden Idol":3,"Shuriken":9,"WingedGreaves":9,"Bag of Marbles":9,"Cracked Core":0}]},"card_choices":[{"not_picked":["Redo","Reinforced Body"],"picked":"Defragment","floor":1},{"not_picked":["Genetic Algorithm","Stack"],"picked":"Loop","floor":6},{"not_picked":["Beam Cell","Hologram","Stack"],"picked":"SKIP","floor":10},{"not_picked":["Rebound","Double Energy"],"picked":"Sweeping Beam","floor":13},{"not_picked":["Turbo","Streamline"],"picked":"Defragment","floor":14}],"player_experience":1749139,"relics_obtained":[{"floor":6,"key":"Shuriken"},{"floor":9,"key":"Bag of Marbles"}],"event_choices":[{"damage_healed":0,"gold_gain":0,"player_choice":"Lose Max HP","damage_taken":0,"relics_obtained":["Golden Idol"],"max_hp_gain":0,"max_hp_loss":7,"event_name":"Golden Idol","floor":2,"gold_loss":0},{"damage_healed":16,"gold_gain":0,"player_choice":"Healed","damage_taken":0,"max_hp_gain":0,"max_hp_loss":0,"event_name":"The Cleric","floor":3,"gold_loss":35},{"damage_healed":0,"gold_gain":0,"player_choice":"Donut","damage_taken":0,"max_hp_gain":5,"max_hp_loss":0,"event_name":"Big Fish","floor":4,"gold_loss":0},{"damage_healed":0,"gold_gain":0,"player_choice":"Paid Gold","damage_taken":0,"relics_obtained":["WingedGreaves"],"max_hp_gain":0,"max_hp_loss":0,"event_name":"WeMeetAgain","floor":8,"gold_loss":55}],"is_beta":false,"boss_relics":[],"items_purged_floors":[],"is_endless":false,"potions_floor_spawned":[6,13],"killed_by":"Hexaghost","ascension_level":20}}