{"host":"tcdxiwht2vajk3tk","time":1613173371,"event":{"mods":["AchievementEnabler","BaseMod","Beaked The Cultist","Colored Powertips","Conspire","Defuse TimeMaze Blight","Downfall","Halation","Hermit","Hubris","Infinite Spire","Lobotomy","LobotomyExtend","Minty Spire (QoL Compilation)","Replay The Spire","Shop Mod","StSLib","The Cursed","The Disciple"],"gold_per_floor":[118,118,118,118,37,64,76,76,76,76,76,76,95,128,128,229,229,243,55,75,90,90,90,90,110,134,134,148,148,148,195,195,296,346,358,358,368,381,332,360,360,51,51,51,91,119,78,78,78,78],"floor_reached":51,"language":"ENG","playtime":7637,"items_purged":[],"score":717,"play_id":"e938619a-c1b0-4832-8bdc-daaf4505082a","local_time":"20210212184251","is_ascension_mode":true,"campfire_choices":[{"floor":8.0,"key":"REST"},{"floor":10.0,"key":"REST"},{"floor":12.0,"key":"REST"},{"floor":15.0,"key":"REST"},{"floor":23.0,"key":"REST"},{"floor":27.0,"key":"REST"},{"data":"TheCursedMod:VoidForm","floor":30.0,"key":"SMITH"},{"data":"TheCursedMod:VoidForm","floor":32.0,"key":"SMITH"},{"floor":41.0,"key":"REST"},{"floor":44.0,"key":"REST"},{"floor":49.0,"key":"REST"}],"circlet_count":0,"master_deck":["TheCursedMod:Strike_TheCursed","TheCursedMod:Strike_TheCursed","TheCursedMod:Strike_TheCursed","TheCursedMod:Strike_TheCursed","TheCursedMod:Defend_TheCursed","TheCursedMod:Defend_TheCursed","TheCursedMod:Defend_TheCursed","TheCursedMod:Defend_TheCursed","TheCursedMod:CursedWand+1","TheCursedMod:CleanUpWorkshop","TheCursedMod:Dregs","WhiteAim","hubris:Defend_Merchant+1","TheCursedMod:ManaCirculation+1","TheCursedMod:Torture","TheCursedMod:SurpriseAttack","TheCursedMod:CleanUpWorkshop","TheCursedMod:HellfireBreathing+1","TheCursedMod:SpitefulPlan","TheCursedMod:Obscuration+1","TheCursedMod:CircleOfBlood","TheCursedMod:CursedBoomerang","TheCursedMod:VoidForm+1","TheCursedMod:BloodBarrier","TheCursedMod:VoidForm+1","TheCursedMod:CursedBlade","TheCursedMod:Torture","TheCursedMod:CircleOfFlame+1","TheCursedMod:SmokeScreen+1","TheCursedMod:OutForBlood","TheCursedMod:Stretching","TheCursedMod:CursedMace+1","TheCursedMod:SoulReap","TheCursedMod:BloodBarrier+1","TheCursedMod:Hemoplague","TheCursedMod:ManaCirculation","TheCursedMod:Stretching+1","TheCursedMod:AbyssShockwave","conspire:SpireCoStock+1"],"relics":["TheCursedMod:BlackMagic101","LetterFromLob","PreservedInsect","halation:VictoryRuler","Moonlight_r","Pet Ghost","Darkstone Periapt","MerchantsRug","DollysMirror","hubris:Icosahedron","Enchiridion","infinitespire:Satchel","halation:PromiseList","halation:PinkSoulGem","War Paint","CaptainsWheel","CeramicFish","Toxic Egg 2","hubris:Towel"],"acts_visited":["Exordium","TheCity","TheBeyond"],"potions_floor_usage":[],"damage_taken":[{"damage":4.0,"enemies":"Cultist","floor":1.0,"turns":5.0},{"damage":43.0,"enemies":"3 Sentries","floor":6.0,"turns":12.0},{"damage":1.0,"enemies":"Jaw Worm","floor":7.0,"turns":7.0},{"damage":0.0,"enemies":"2 Louse","floor":13.0,"turns":3.0},{"damage":39.0,"enemies":"Lagavulin","floor":14.0,"turns":10.0},{"damage":8.0,"enemies":"Fading Forest","floor":16.0,"turns":11.0},{"damage":19.0,"enemies":"Chosen","floor":18.0,"turns":5.0},{"damage":43.0,"enemies":"Shell Parasite","floor":20.0,"turns":7.0},{"damage":12.0,"enemies":"Snecko","floor":21.0,"turns":4.0},{"damage":3.0,"enemies":"Cultist and Chosen","floor":25.0,"turns":7.0},{"damage":23.0,"enemies":"3 Cultists","floor":28.0,"turns":4.0},{"damage":27.0,"enemies":"conspire:MysteriousRune","floor":33.0,"turns":7.0},{"damage":19.0,"enemies":"Orb Walker","floor":35.0,"turns":5.0},{"damage":21.0,"enemies":"3 Shapes","floor":37.0,"turns":5.0},{"damage":17.0,"enemies":"Sphere and 2 Shapes","floor":38.0,"turns":6.0},{"damage":31.0,"enemies":"Giant Head","floor":40.0,"turns":7.0},{"damage":47.0,"enemies":"beaked:SuperParasite","floor":45.0,"turns":9.0},{"damage":32.0,"enemies":"Spire Growth","floor":46.0,"turns":5.0},{"damage":22.0,"enemies":"hubris:GrandSnecko","floor":50.0,"turns":12.0}],"seed_played":"-4234018188625536254","potions_obtained":[{"floor":6.0,"key":"champ:CounterPotion"},{"floor":21.0,"key":"AttackPotion"},{"floor":28.0,"key":"Ancient Potion"},{"floor":34.0,"key":"Fruit Juice"}],"is_trial":false,"path_per_floor":["M","?","$","?","$","E","M","R","T","R","M","R","M","E","R","B",null,"M","$","M","M","?","R","?","M","T","R","M","?","R","T","R","B",null,"M","?","M","M","$","E","R","$","T","R","E","M","?","?","R","B",null],"character_chosen":"THE_CURSED","items_purchased":["TheCursedMod:HellfireBreathing","MerchantsRug","DollysMirror","TheCursedMod:Hemoplague","CaptainsWheel"],"campfire_rested":9,"item_purchase_floors":[5,19,19,39,42],"current_hp_per_floor":[71,71,71,71,71,28,27,49,49,71,46,68,68,29,51,45,75,56,56,15,7,7,29,13,14,14,36,52,52,52,52,52,25,80,61,61,46,40,40,26,50,50,50,74,37,14,14,14,38,68],"gold":78,"neow_bonus":"THREE_RARE_CARDS","is_daily":false,"chose_seed":false,"campfire_upgraded":2,"win_rate":0.0,"timestamp":1613173371,"path_taken":["M","?","$","?","?","E","M","R","T","R","?","R","M","E","R","BOSS","M","$","M","M","?","R","?","M","T","R","M","?","R","?","R","BOSS","M","?","M","M","$","E","R","$","T","R","E","M","?","?","R","BOSS"],"items_purchased_type":["Card","Relic","Relic","Card","Relic"],"build_version":"2020-12-22","purchased_purges":0,"victory":true,"max_hp_per_floor":[75,75,75,75,75,75,75,75,75,75,75,75,75,75,75,75,75,75,75,75,75,75,75,75,75,75,75,75,75,75,75,75,75,80,80,80,80,80,80,80,80,80,80,80,80,80,80,80,80,80],"card_choices":[{"not_picked":["TheCursedMod:CollectTribute","TheCursedMod:CursedRelics"],"picked":"TheCursedMod:ManaCirculation","floor":0.0},{"not_picked":["TheCursedMod:CursedShiv","TheCursedMod:CircleOfFlame"],"picked":"TheCursedMod:Torture","floor":1.0},{"not_picked":["TheCursedMod:TacticalStrike","TheCursedMod:CircleOfFlame"],"picked":"TheCursedMod:SpitefulPlan","floor":6.0},{"not_picked":["TheCursedMod:VitalStrike","TheCursedMod:BlessingInDisguise"],"picked":"TheCursedMod:Obscuration","floor":7.0},{"not_picked":["TheCursedMod:CursedBlade","TheCursedMod:Wield"],"picked":"TheCursedMod:CircleOfBlood","floor":13.0},{"not_picked":["TheCursedMod:Wield","TheCursedMod:CircleOfWindfury"],"picked":"TheCursedMod:CursedBoomerang","floor":14.0},{"not_picked":["TheCursedMod:DarkBarrier","TheCursedMod:CursedRelics"],"picked":"TheCursedMod:VoidForm","floor":16.0},{"not_picked":["TheCursedMod:Obscuration+1","TheCursedMod:SpitefulStrike"],"picked":"TheCursedMod:BloodBarrier","floor":18.0},{"not_picked":["TheCursedMod:WearCloak","TheCursedMod:CursedShiv"],"picked":"TheCursedMod:CursedBlade","floor":20.0},{"not_picked":["TheCursedMod:Evocation","TheCursedMod:FuryStrike"],"picked":"TheCursedMod:Torture","floor":21.0},{"not_picked":["TheCursedMod:CursedBlade","TheCursedMod:CircleOfFocus"],"picked":"TheCursedMod:CircleOfFlame+1","floor":25.0},{"not_picked":["TheCursedMod:Evocation","TheCursedMod:CursedMace"],"picked":"TheCursedMod:SmokeScreen+1","floor":28.0},{"not_picked":["TheCursedMod:NeowsMight","TheCursedMod:ForbiddenAlchemy"],"picked":"TheCursedMod:OutForBlood","floor":33.0},{"not_picked":["TheCursedMod:Obscuration","TheCursedMod:SurpriseAttack"],"picked":"TheCursedMod:Stretching","floor":34.0},{"not_picked":["TheCursedMod:CircleOfFlame","TheCursedMod:TacticalStrike+1"],"picked":"TheCursedMod:CursedMace+1","floor":35.0},{"not_picked":["TheCursedMod:CursedBlade","TheCursedMod:AbyssShockwave+1"],"picked":"TheCursedMod:SoulReap","floor":37.0},{"not_picked":["TheCursedMod:StingEye+1","TheCursedMod:DoubleShield+1"],"picked":"TheCursedMod:BloodBarrier+1","floor":38.0},{"not_picked":["TheCursedMod:Torture","TheCursedMod:RavingStaff"],"picked":"TheCursedMod:ManaCirculation","floor":40.0},{"not_picked":["TheCursedMod:CursedMace","TheCursedMod:ReleasedKnowledge+1"],"picked":"TheCursedMod:Stretching+1","floor":45.0},{"not_picked":["TheCursedMod:CursedBlade","TheCursedMod:CursedStaff"],"picked":"TheCursedMod:AbyssShockwave","floor":46.0}],"player_experience":1729811,"relics_obtained":[{"floor":1.0,"key":"LetterFromLob"},{"floor":6.0,"key":"PreservedInsect"},{"floor":9.0,"key":"halation:VictoryRuler"},{"floor":14.0,"key":"Pet Ghost"},{"floor":24.0,"key":"Enchiridion"},{"floor":26.0,"key":"infinitespire:Satchel"},{"floor":31.0,"key":"halation:PromiseList"},{"floor":40.0,"key":"War Paint"},{"floor":43.0,"key":"CeramicFish"},{"floor":45.0,"key":"Toxic Egg 2"}],"event_choices":[{"damage_healed":0.0,"max_hp_gain":0.0,"max_hp_loss":0.0,"gold_gain":0.0,"event_name":"Match and Keep!","player_choice":"2 cards matched","floor":2.0,"gold_loss":0.0,"damage_taken":0.0,"cards_obtained":["TheCursedMod:SurpriseAttack","TheCursedMod:CleanUpWorkshop"]},{"damage_healed":0.0,"max_hp_gain":0.0,"max_hp_loss":0.0,"gold_gain":0.0,"event_name":"Golden Wing","player_choice":"Ignored","floor":4.0,"gold_loss":0.0,"damage_taken":0.0},{"damage_healed":0.0,"max_hp_gain":0.0,"max_hp_loss":0.0,"gold_gain":0.0,"event_name":"Cursed Tome","player_choice":"Obtained Book","floor":24.0,"gold_loss":0.0,"damage_taken":16.0},{"damage_healed":0.0,"max_hp_gain":0.0,"max_hp_loss":0.0,"gold_gain":0.0,"event_name":"Vampires","player_choice":"Ignored","floor":29.0,"gold_loss":0.0,"damage_taken":0.0},{"damage_healed":0.0,"max_hp_gain":0.0,"max_hp_loss":0.0,"gold_gain":0.0,"event_name":"conspire:Investor","player_choice":"Invest 1","floor":47.0,"gold_loss":0.0,"damage_taken":0.0}],"is_beta":false,"boss_relics":[{"not_picked":["Snecko Eye","Pandora\u0027s Box"],"picked":"hubris:Backtick"},{"not_picked":["Fusion Hammer","Philosopher\u0027s Stone"],"picked":"Tiny House"}],"items_purged_floors":[],"is_endless":false,"potions_floor_spawned":[6,21,28,35,40],"ascension_level":1}}