{"host":"5n1fl7z5i1vf7jan","time":1613108021,"event":{"mods":["BaseMod","Minty Spire (QoL Compilation)","Quick Restart","Relic Stats"],"gold_per_floor":[113,38,38,50,69,97,97,110,162,236,255,290,290,323,323,397,397,413,413,429,444,444,444,472,472,472],"floor_reached":25,"language":"ENG","playtime":850,"items_purged":[],"score":482,"play_id":"cc61e227-36e5-4eff-8a6f-8c458a8d00c5","local_time":"20210211213341","is_ascension_mode":true,"campfire_choices":[{"floor":7.0,"key":"REST"},{"floor":15.0,"key":"REST"},{"floor":23,"key":"REST"}],"circlet_count":0,"master_deck":["AscendersBane","Strike_R","Strike_R","Strike_R","Strike_R","Defend_R","Defend_R","Defend_R","Defend_R","Bash+1","Pummel","Cleave","Feel No Pain","Spot Weakness+1","Uppercut","Flex+1","Corruption","Immolate"],"relics":["Fusion Hammer","Toxic Egg 2","Strawberry","Happy Flower","Torii","Centennial Puzzle","Busted Crown","Bottled Tornado","CeramicFish"],"acts_visited":["Exordium","TheCity"],"potions_floor_usage":[16,24,24,25],"damage_taken":[{"damage":4.0,"enemies":"Jaw Worm","floor":1.0,"turns":4.0},{"damage":0.0,"enemies":"2 Louse","floor":4.0,"turns":4.0},{"damage":0.0,"enemies":"Cultist","floor":5.0,"turns":3.0},{"damage":15.0,"enemies":"3 Sentries","floor":6.0,"turns":12.0},{"damage":7.0,"enemies":"2 Fungi Beasts","floor":8.0,"turns":3.0},{"damage":1.0,"enemies":"Looter","floor":11.0,"turns":3.0},{"damage":22.0,"enemies":"Lagavulin","floor":12.0,"turns":6.0},{"damage":2.0,"enemies":"3 Sentries","floor":14.0,"turns":4.0},{"damage":55,"enemies":"Slime Boss","floor":16,"turns":9},{"damage":6,"enemies":"Chosen","floor":18,"turns":4},{"damage":18,"enemies":"Shell Parasite","floor":20,"turns":4},{"damage":12,"enemies":"Centurion and Healer","floor":21,"turns":6},{"damage":30,"enemies":"Slavers","floor":24,"turns":4},{"damage":24,"enemies":"Snake Plant","floor":25,"turns":2}],"seed_played":"-8201967836806464021","potions_obtained":[{"floor":1.0,"key":"Swift Potion"},{"floor":4.0,"key":"SteroidPotion"},{"floor":12.0,"key":"DistilledChaos"},{"floor":16,"key":"BlessingOfTheForge"},{"floor":18,"key":"Explosive Potion"},{"floor":24,"key":"Dexterity Potion"}],"is_trial":false,"path_per_floor":["M","?","?","M","M","E","R","M","T","?","M","E","T","E","R","B",null,"M","?","M","M","T","R","E","M"],"character_chosen":"IRONCLAD","items_purchased":[],"campfire_rested":3,"item_purchase_floors":[],"current_hp_per_floor":[64,64,64,64,64,49,71,64,71,71,70,48,48,46,70,15,65,59,59,41,29,29,53,23,0,0],"gold":472,"neow_bonus":"BOSS_RELIC","is_daily":false,"chose_seed":false,"campfire_upgraded":0,"win_rate":0.0,"timestamp":1613108021,"path_taken":["M","?","?","M","M","E","R","?","T","?","M","E","?","E","R","BOSS","M","?","M","M","?","R","E","M"],"items_purchased_type":[],"build_version":"2020-12-22","purchased_purges":0,"victory":false,"max_hp_per_floor":[75,75,75,75,75,75,75,75,82,82,82,82,82,82,82,82,82,82,82,82,82,82,82,82,82,82],"relic_stats":{"Centennial Puzzle":[18],"Busted Crown":8,"Happy Flower":[11],"Torii":21,"counters":[14,68],"CeramicFish":0,"obtain_stats":[{"Centennial Puzzle":14,"Busted Crown":17,"Happy Flower":12,"Torii":13,"Strawberry":9,"CeramicFish":24,"Fusion Hammer":0,"Toxic Egg 2":6,"Bottled Tornado":22,"Burning Blood":0},{"Centennial Puzzle":8,"Busted Crown":9,"Happy Flower":7,"Torii":7,"Strawberry":5,"CeramicFish":13,"Fusion Hammer":0,"Toxic Egg 2":4,"Bottled Tornado":12,"Burning Blood":0},{"Centennial Puzzle":39,"Busted Crown":48,"Happy Flower":35,"Torii":35,"Strawberry":26,"CeramicFish":66,"Fusion Hammer":0,"Toxic Egg 2":23,"Bottled Tornado":62,"Burning Blood":0}]},"card_choices":[{"not_picked":["Shockwave","True Grit"],"picked":"Pummel","floor":1.0},{"not_picked":["Havoc","Warcry"],"picked":"Cleave","floor":4.0},{"not_picked":["Headbutt","Ghostly Armor"],"picked":"Feel No Pain","floor":5.0},{"not_picked":["Offering+1","Clothesline"],"picked":"Spot Weakness+1","floor":6.0},{"not_picked":["Metallicize","Twin Strike"],"picked":"Uppercut","floor":8.0},{"not_picked":["Havoc+1","Rupture","Pommel Strike"],"picked":"SKIP","floor":11.0},{"not_picked":["Sever Soul","Cleave"],"picked":"Flex+1","floor":12.0},{"not_picked":["Body Slam","Havoc+1"],"picked":"Corruption","floor":14.0},{"not_picked":["Juggernaut","Berserk"],"picked":"Immolate","floor":16},{"not_picked":["Sword Boomerang"],"picked":"SKIP","floor":18},{"not_picked":["Thunderclap"],"picked":"SKIP","floor":20},{"not_picked":["Twin Strike"],"picked":"SKIP","floor":21},{"not_picked":["Fire Breathing"],"picked":"SKIP","floor":24}],"player_experience":345899,"relics_obtained":[{"floor":6.0,"key":"Toxic Egg 2"},{"floor":9.0,"key":"Strawberry"},{"floor":12.0,"key":"Happy Flower"},{"floor":13.0,"key":"Torii"},{"floor":14.0,"key":"Centennial Puzzle"},{"floor":22,"key":"Bottled Tornado"},{"floor":24,"key":"CeramicFish"}],"event_choices":[{"cards_removed":["Strike_R"],"damage_healed":0.0,"max_hp_gain":0.0,"max_hp_loss":0.0,"gold_gain":0.0,"event_name":"The Cleric","player_choice":"Card Removal","floor":2.0,"gold_loss":75.0,"damage_taken":0.0},{"damage_healed":0.0,"max_hp_gain":0.0,"max_hp_loss":0.0,"gold_gain":0.0,"event_name":"Living Wall","player_choice":"Grow","floor":3.0,"gold_loss":0.0,"damage_taken":0.0,"cards_upgraded":["Bash"]},{"damage_healed":0.0,"max_hp_gain":0.0,"max_hp_loss":0.0,"gold_gain":74.0,"event_name":"Golden Wing","player_choice":"Gained Gold","floor":10.0,"gold_loss":0.0,"damage_taken":0.0},{"damage_healed":0,"gold_gain":0,"player_choice":"Ignored","damage_taken":0,"max_hp_gain":0,"max_hp_loss":0,"event_name":"Vampires","floor":19,"gold_loss":0}],"is_beta":false,"boss_relics":[{"not_picked":["Ectoplasm","Sozu"],"picked":"Busted Crown"}],"items_purged_floors":[],"is_endless":false,"potions_floor_spawned":[1,4,6,12,16,18,24],"killed_by":"Snake Plant","ascension_level":20}}