{"host":"f2zkc2gsfwbibc34","time":1613153539,"event":{"mods":["AchievementEnabler","BaseMod","Better Note","Colored Map","Colored Powertips","Defuse TimeMaze Blight","Minty Spire (QoL Compilation)","Permanent Neow","StSLib","SuperFastMode","The Necromancer"],"gold_per_floor":[109,184,201,166,53,53,65,65,65,98,98,118,36,57,57,187,187,210,210,258,277,277,277,290,290,290,330,430,430,54,54,54,54,54],"floor_reached":33,"language":"ENG","playtime":776,"items_purged":[],"score":261,"play_id":"5875342f-1054-4611-b4bf-961bcc8e4012","local_time":"20210212191219","is_ascension_mode":false,"campfire_choices":[{"data":"Blood_Is_Power","floor":6,"key":"SMITH"},{"data":"Vampiric_Strike","floor":11,"key":"SMITH"},{"data":"Summon_Undead_Army","floor":15,"key":"SMITH"},{"data":"Uncharnel","floor":23,"key":"SMITH"},{"data":"Vampiric_Strike","floor":25,"key":"SMITH"},{"floor":29,"key":"REST"},{"data":"Summon_Undead","floor":32,"key":"SMITH"}],"circlet_count":0,"master_deck":["Strike_W","Strike_W","Strike_W","Defend_W","Defend_W","Defend_W","Defend_W","Negative_Energy_Arrows+1","Bone_Wall","Vampiric_Strike+1","Negative_Energy_Shield","Blood_Shield","Blood_Is_Power+1","Siphon_Strength","Stop_Heart","Vampiric_Strike+1","Summon_Undead_Army+1","Negative_Energy_Sphere","Skeleton_Dragon","Uncharnel+1","Bone_Shift","Summon_Lich","Shackles_Of_Pain","Summon_Undead+1","Summon_Undead_Army","Writhe"],"relics":["Vampire_Amulet","Golden Idol","Bag of Preparation","Blood Vial","Sozu","Juzu Bracelet","Ornamental Fan","Smiling Mask","Mummified Hand","Toy Ornithopter"],"acts_visited":["Exordium","TheCity"],"potions_floor_usage":[16,16],"damage_taken":[{"damage":2,"enemies":"2 Louse","floor":1,"turns":3},{"damage":0,"enemies":"Small Slimes","floor":3,"turns":3},{"damage":4,"enemies":"Jaw Worm","floor":7,"turns":3},{"damage":22,"enemies":"Gremlin Nob","floor":10,"turns":5},{"damage":18,"enemies":"Lots of Slimes","floor":12,"turns":8},{"damage":4,"enemies":"2 Fungi Beasts","floor":14,"turns":4},{"damage":20,"enemies":"Hexaghost","floor":16,"turns":7},{"damage":7,"enemies":"Chosen","floor":18,"turns":4},{"damage":13,"enemies":"2 Thieves","floor":21,"turns":3},{"damage":26,"enemies":"Shelled Parasite and Fungi","floor":24,"turns":4},{"damage":60,"enemies":"Slavers","floor":27,"turns":6},{"damage":76,"enemies":"Automaton","floor":33,"turns":6}],"seed_played":"-6628336317980199352","potions_obtained":[{"floor":1,"key":"Weak Potion"},{"floor":12,"key":"DistilledChaos"}],"is_trial":false,"path_per_floor":["M","?","M","?","$","R","M","?","T","E","R","M","$","M","R","B",null,"M","?","T","M","?","R","M","R","T","E","?","R","$","?","R","B"],"character_chosen":"NECROMANCER","items_purchased":["Blood_Shield","Blood_Is_Power","Summon_Undead_Army","Summon_Undead","Mummified Hand","Summon_Undead_Army"],"campfire_rested":1,"item_purchase_floors":[5,5,13,30,30,30],"current_hp_per_floor":[75,64,70,75,75,75,73,55,55,37,37,38,38,42,42,36,75,72,72,72,69,69,69,49,49,49,3,3,25,25,25,25,0,0],"gold":54,"neow_bonus":"UPGRADE_CARD","is_daily":false,"chose_seed":false,"campfire_upgraded":6,"win_rate":0.0,"timestamp":1613153539,"path_taken":["M","?","M","?","$","R","M","?","T","E","R","M","?","M","R","BOSS","M","?","?","M","?","R","M","R","T","E","?","R","?","?","R","BOSS"],"items_purchased_type":["Card","Card","Card","Card","Relic","Card"],"build_version":"2020-12-22","purchased_purges":0,"victory":false,"max_hp_per_floor":[75,75,75,75,75,75,75,75,75,75,75,75,75,75,75,75,75,75,75,75,75,75,75,75,75,75,75,75,75,75,75,75,75,75],"card_choices":[{"not_picked":["Death_Knell","Consume_Illness"],"picked":"Vampiric_Strike","floor":1},{"not_picked":["Bones_to_Steel","Death_Coil"],"picked":"Negative_Energy_Shield","floor":3},{"not_picked":["Vampiric_Strike","Acid_Javelin"],"picked":"Siphon_Strength","floor":7},{"not_picked":["Spectral_Walk","Siphon_Strength"],"picked":"Stop_Heart","floor":10},{"not_picked":["Negative_Energy_Bomb","Blood_Whip"],"picked":"Vampiric_Strike","floor":12},{"not_picked":["Finger_Of_Death","Death_Coil"],"picked":"Negative_Energy_Sphere","floor":14},{"not_picked":["Grasp_Heart","Blood_Magic"],"picked":"Skeleton_Dragon","floor":16},{"not_picked":["Bone_Prison","Scare"],"picked":"Uncharnel","floor":18},{"not_picked":["Death_March_Dance+1","Life_Tap"],"picked":"Bone_Shift","floor":21},{"not_picked":["Negative_Energy_Sphere","Vampiric_Strike"],"picked":"Summon_Lich","floor":24},{"not_picked":["Consume_Illness","Negative_Energy_Shield"],"picked":"Shackles_Of_Pain","floor":27}],"player_experience":112409,"relics_obtained":[{"floor":9,"key":"Bag of Preparation"},{"floor":10,"key":"Blood Vial"},{"floor":20,"key":"Juzu Bracelet"},{"floor":26,"key":"Ornamental Fan"},{"floor":27,"key":"Smiling Mask"}],"event_choices":[{"damage_healed":0,"gold_gain":75,"player_choice":"Gather Gold","damage_taken":11,"max_hp_gain":0,"max_hp_loss":0,"event_name":"World of Goop","floor":2,"gold_loss":0},{"damage_healed":18,"gold_gain":0,"player_choice":"Healed","damage_taken":0,"max_hp_gain":0,"max_hp_loss":0,"event_name":"The Cleric","floor":4,"gold_loss":35},{"damage_healed":0,"gold_gain":0,"player_choice":"Take Damage","damage_taken":18,"relics_obtained":["Golden Idol"],"max_hp_gain":0,"max_hp_loss":0,"event_name":"Golden Idol","floor":8,"gold_loss":0},{"damage_healed":0,"gold_gain":0,"player_choice":"0 cards matched","damage_taken":0,"max_hp_gain":0,"max_hp_loss":0,"event_name":"Match and Keep!","floor":19,"gold_loss":0,"cards_obtained":[]},{"cards_removed":["Strike_W"],"damage_healed":0,"gold_gain":0,"player_choice":"Card Removal","damage_taken":0,"max_hp_gain":0,"max_hp_loss":0,"event_name":"Wheel of Change","floor":22,"gold_loss":0},{"damage_healed":0,"gold_gain":100,"player_choice":"Pray","damage_taken":0,"max_hp_gain":0,"max_hp_loss":0,"event_name":"Golden Shrine","floor":28,"gold_loss":0},{"damage_healed":0,"gold_gain":0,"player_choice":"Opened","damage_taken":0,"relics_obtained":["Toy Ornithopter"],"max_hp_gain":0,"max_hp_loss":0,"event_name":"The Mausoleum","floor":31,"gold_loss":0,"cards_obtained":["Writhe"]}],"is_beta":false,"boss_relics":[{"not_picked":["Ectoplasm","Astrolabe"],"picked":"Sozu"}],"items_purged_floors":[],"is_endless":false,"potions_floor_spawned":[1,12,27],"killed_by":"Automaton","ascension_level":0}}