{"host":"lwys0gbp6t40j7jh","time":1613160144,"event":{"mods":["Act Like it!","BaseMod","CapriCore","Downfall","Friendly Minions","GifTheSpireLib","Minty Spire (QoL Compilation)","StSLib","SuperFastMode"],"gold_per_floor":[99,114,114,128,147,147,147,167,63,82,82,67,67,82,96,197,197,97,115,128,145,145,163,218,218,218,218],"floor_reached":25,"language":"ENG","playtime":528,"items_purged":[],"score":197,"play_id":"c95fa8c8-690b-40c8-bfcb-691d0876a632","local_time":"20210212210224","is_ascension_mode":false,"campfire_choices":[{"floor":1,"key":"RECALL"},{"data":"bronze:WhirlingStrike","floor":11,"key":"SMITH"},{"data":"bronze:Replicate","floor":13,"key":"SMITH"},{"data":"bronze:DelayedSlice","floor":18,"key":"SMITH"}],"circlet_count":0,"master_deck":["bronze:Strike","bronze:Strike","bronze:Strike","bronze:Strike","bronze:Defend","bronze:Defend","bronze:Defend","bronze:Defend","bronze:Replicate+1","bronze:Goto","bronze:Iterate+1","Flash of Steel","bronze:WhirlingStrike+1","bronze:DelayedSlice+1","bronze:Turbo+1","RitualDagger+1","bronze:WhirlingStrike"],"relics":["bronze:PlatinumCore","Toxic Egg 2","downfall:HeartBlessingRed","bronze:ProtectiveGoggles"],"acts_visited":["Exordium","TheCity"],"potions_floor_usage":[8,16,16,23],"damage_taken":[{"damage":0,"enemies":"Small Slimes","floor":2,"turns":6},{"damage":0,"enemies":"Cultist","floor":4,"turns":3},{"damage":0,"enemies":"2 Louse","floor":5,"turns":3},{"damage":3,"enemies":"Red Slaver","floor":8,"turns":5},{"damage":0,"enemies":"downfall:FleeingMerchant","floor":9,"turns":4},{"damage":7,"enemies":"2 Fungi Beasts","floor":10,"turns":4},{"damage":5,"enemies":"downfall:FleeingMerchant","floor":12,"turns":4},{"damage":18,"enemies":"3 Louse","floor":14,"turns":5},{"damage":4,"enemies":"Blue Slaver","floor":15,"turns":3},{"damage":23,"enemies":"IC_STATUS_ARCHETYPE","floor":16,"turns":3},{"damage":0,"enemies":"Chosen","floor":19,"turns":3},{"damage":4,"enemies":"3 Cultists","floor":20,"turns":4},{"damage":20,"enemies":"Centurion and Healer","floor":21,"turns":6},{"damage":29,"enemies":"Shelled Parasite and Fungi","floor":23,"turns":4},{"damage":36,"enemies":"Snake Plant","floor":25,"turns":4}],"seed_played":"-4383715324333621584","potions_obtained":[{"floor":2,"key":"Fire Potion"},{"floor":10,"key":"Swift Potion"},{"floor":14,"key":"LiquidBronze"},{"floor":15,"key":"Strength Potion"},{"floor":21,"key":"Regen Potion"},{"floor":22,"key":"CultistPotion"},{"floor":23,"key":"champ:CounterPotion"}],"is_trial":false,"path_per_floor":["R","M","?","M","M","?","T","M","$","M","R","$","R","M","M","B",null,"R","M","M","M","?","M","T","M"],"character_chosen":"THE_AUTOMATON","items_purchased":["Flash of Steel"],"campfire_rested":0,"item_purchase_floors":[9],"current_hp_per_floor":[77,77,77,77,77,77,77,74,74,67,67,62,62,44,40,17,77,77,77,73,53,53,36,36,0,0,0],"gold":218,"neow_bonus":"TEN_PERCENT_HP_BONUS","is_daily":false,"chose_seed":false,"campfire_upgraded":3,"win_rate":0.0,"timestamp":1613160144,"path_taken":["R","M","?","M","?","?","T","M","$","?","R","?","R","M","M","BOSS","R","M","M","M","?","M","T","M"],"items_purchased_type":["Card"],"build_version":"2020-12-22","purchased_purges":0,"victory":false,"max_hp_per_floor":[77,77,77,77,77,77,77,77,77,77,77,77,77,77,77,77,77,77,77,77,77,77,77,77,77,77,77],"card_choices":[{"not_picked":["bronze:DigitalCarnage","bronze:OilSpill"],"picked":"bronze:Iterate","floor":2},{"not_picked":["bronze:Invalidate","bronze:BitShift","bronze:Return"],"picked":"SKIP","floor":4},{"not_picked":["bronze:MaxOutput","bronze:BuggyMess","bronze:CutThrough"],"picked":"SKIP","floor":5},{"not_picked":["bronze:Philosophize+1","bronze:Invalidate+1","bronze:Turbo+1"],"picked":"SKIP","floor":8},{"not_picked":["bronze:Overheat","bronze:CloningBeam","bronze:DelayedGuard+1"],"picked":"SKIP","floor":9},{"not_picked":["bronze:RecursiveStrike","bronze:Invalidate+1"],"picked":"bronze:WhirlingStrike","floor":10},{"not_picked":["bronze:Repair+1","bronze:CutThrough","bronze:DarkDash"],"picked":"SKIP","floor":12},{"not_picked":["bronze:Turbo+1","bronze:Iterate","bronze:OilSpill"],"picked":"SKIP","floor":14},{"not_picked":["bronze:Deprecate+1","bronze:CutThrough"],"picked":"bronze:DelayedSlice","floor":15},{"not_picked":["bronze:Deprecate+1","bronze:BugBarrage","bronze:DigitalCarnage+1"],"picked":"SKIP","floor":19},{"not_picked":["bronze:Deprecate+1","bronze:WhirlingStrike"],"picked":"bronze:Turbo+1","floor":20},{"not_picked":["bronze:CloningBeam+1","bronze:Turbo+1","bronze:DarkDash"],"picked":"SKIP","floor":21},{"not_picked":["bronze:CutThrough+1","bronze:BuggyMess+1"],"picked":"bronze:WhirlingStrike","floor":23}],"player_experience":1249059,"relics_obtained":[{"floor":7,"key":"Toxic Egg 2"},{"floor":24,"key":"bronze:ProtectiveGoggles"}],"event_choices":[],"is_beta":false,"boss_relics":[{"not_picked":["Fusion Hammer","Philosopher\u0027s Stone"],"picked":"bronze:PlatinumCore"}],"items_purged_floors":[],"is_endless":false,"potions_floor_spawned":[2,10,14,15,21,23],"killed_by":"Snake Plant","ascension_level":0}}