{"host":"7k2a2omxz3voj5ax","time":1613128494,"event":{"mods":["BaseMod","Marisa£¨ìFÓê¡¡Ä§ÀíÉ³£©","Minty Spire (QoL Compilation)","Quick Restart","Spicy Shops","StSLib","Starting Relic: Pandora\u0027s Box","Yakumo Yukari mod","¡¾ÒÅÎï¿¨ÅÆ¡¿REMEMod","óô»ðÖ¸ÄÏ"],"gold_per_floor":[116,116,116,116,116,143,143,177,188,188,204,204,224,224,124,124,135,135,212,212,224,236,289,25,38,38,38,38,38],"floor_reached":28,"language":"ZHS","playtime":835,"items_purged":["FlyingSleeves","JustLucky","EmptyFist"],"score":527,"play_id":"60606071-b00f-491e-af43-cc1b3b99a2b6","local_time":"20210212201454","is_ascension_mode":true,"campfire_choices":[{"data":"Human_Monster_Realm_purple","floor":7.0,"key":"SMITH"},{"data":"Brilliance","floor":12.0,"key":"SMITH"},{"data":"Worship","floor":18.0,"key":"SMITH"},{"data":"Tantrum","floor":27,"key":"SMITH"}],"circlet_count":0,"master_deck":["AscendersBane","Eruption+1","Vigilance","Indignation+1","TalkToTheHand","Collect+1","Human_Monster_Realm_purple+1","Brilliance+1","Worship+1","Establishment","InnerPeace+1","Tantrum+1"],"relics":["PureWater","REME_ComplimentaryCards","NeowsBlessing","Pantograph","Blood Vial","Smiling Mask","REME_ChargedStone","Orichalcum","Medical Kit","Ice Cream","Enchiridion"],"acts_visited":["Exordium","TheCity"],"potions_floor_usage":[],"damage_taken":[{"damage":0.0,"enemies":"Small Slimes","floor":1.0,"turns":2.0},{"damage":0.0,"enemies":"Gremlin Nob","floor":6.0,"turns":1.0},{"damage":0.0,"enemies":"3 Sentries","floor":8.0,"turns":2.0},{"damage":0.0,"enemies":"2 Louse","floor":9.0,"turns":2.0},{"damage":0.0,"enemies":"Jaw Worm","floor":11.0,"turns":1.0},{"damage":0.0,"enemies":"Large Slime","floor":13.0,"turns":3.0},{"damage":6.0,"enemies":"3 Louse","floor":17.0,"turns":3.0},{"damage":26.0,"enemies":"Hexaghost","floor":19.0,"turns":5.0},{"damage":23.0,"enemies":"2 Thieves","floor":21.0,"turns":3.0},{"damage":2.0,"enemies":"3 Byrds","floor":22.0,"turns":4.0},{"damage":14,"enemies":"Cultist and Chosen","floor":25,"turns":4},{"damage":16,"enemies":"Book of Stabbing","floor":28,"turns":1}],"seed_played":"3680810224642177893","potions_obtained":[{"floor":1.0,"key":"PowerPotion"},{"floor":8.0,"key":"DistilledChaos"},{"floor":19.0,"key":"PanachePotion"}],"is_trial":false,"path_per_floor":["M","?","?","?","?","E","R","E","M","T","M","R","M","?","$","?","M","R","B",null,"M","M","T","$","M","?","R","E"],"character_chosen":"WATCHER","items_purchased":["Medical Kit","Ice Cream"],"campfire_rested":0,"item_purchase_floors":[24,24],"current_hp_per_floor":[61,61,54,59,37,37,37,37,39,39,41,41,43,43,43,43,39,39,40,65,44,44,44,44,32,11,11,0,0],"gold":38,"neow_bonus":"THREE_ENEMY_KILL","is_daily":false,"chose_seed":false,"campfire_upgraded":4,"win_rate":0.0,"timestamp":1613128494,"path_taken":["M","?","?","?","?","E","R","E","M","T","?","R","M","?","$","?","M","R","BOSS","M","?","?","$","M","?","R","E"],"items_purchased_type":["Relic","Relic"],"build_version":"2020-12-22","purchased_purges":3,"victory":false,"max_hp_per_floor":[68,68,68,73,73,73,73,73,73,73,73,73,73,73,73,73,73,73,73,73,73,73,73,73,73,73,73,73,73],"card_choices":[{"not_picked":["Study","Crescendo","SashWhip"],"picked":"SKIP","floor":1.0},{"not_picked":["Consecrate","CarveReality","SashWhip"],"picked":"SKIP","floor":6.0},{"not_picked":["FlyingSleeves","Halt"],"picked":"Brilliance","floor":8.0},{"not_picked":["JustLucky","ThirdEye","REME_Repentance"],"picked":"SKIP","floor":9.0},{"not_picked":["ClearTheMind","ThirdEye","Worship"],"picked":"SKIP","floor":11.0},{"not_picked":["ClearTheMind","ThirdEye"],"picked":"Worship","floor":11.0},{"not_picked":["ConjureBlade","EmptyFist","PathToVictory"],"picked":"SKIP","floor":13.0},{"not_picked":["CutThroughFate","ThirdEye","REME_MusicOfDeath"],"picked":"SKIP","floor":17.0},{"not_picked":["CutThroughFate","ThirdEye","REME_MusicOfDeath"],"picked":"SKIP","floor":17.0},{"not_picked":["Scrawl","DeusExMachina"],"picked":"Establishment","floor":19.0},{"not_picked":["Meditate","ReachHeaven"],"picked":"InnerPeace+1","floor":21.0},{"not_picked":["Halt","SashWhip","CutThroughFate"],"picked":"SKIP","floor":22.0},{"not_picked":["REME_Repentance","JustLucky+1"],"picked":"Tantrum","floor":25}],"player_experience":305569,"relics_obtained":[{"floor":6.0,"key":"Pantograph"},{"floor":8.0,"key":"Blood Vial"},{"floor":10.0,"key":"Smiling Mask"},{"floor":23.0,"key":"Orichalcum"},{"floor":26,"key":"Enchiridion"}],"event_choices":[{"cards_removed":["Pray"],"damage_healed":0.0,"max_hp_gain":0.0,"max_hp_loss":0.0,"gold_gain":0.0,"event_name":"Living Wall","player_choice":"Forget","floor":2.0,"gold_loss":0.0,"damage_taken":0.0},{"cards_removed":["DeceiveReality"],"damage_healed":0.0,"max_hp_gain":0.0,"max_hp_loss":0.0,"gold_gain":0.0,"event_name":"Golden Wing","player_choice":"Card Removal","floor":3.0,"gold_loss":0.0,"damage_taken":7.0},{"damage_healed":0.0,"max_hp_gain":5.0,"max_hp_loss":0.0,"gold_gain":0.0,"event_name":"Big Fish","player_choice":"Donut","floor":4.0,"gold_loss":0.0,"damage_taken":0.0},{"damage_healed":0.0,"max_hp_gain":0.0,"max_hp_loss":0.0,"gold_gain":0.0,"event_name":"Shining Light","player_choice":"Entered Light","floor":5.0,"gold_loss":0.0,"damage_taken":22.0,"cards_upgraded":["Indignation","Collect"]},{"damage_healed":0.0,"max_hp_gain":0.0,"max_hp_loss":0.0,"gold_gain":0.0,"event_name":"Liars Game","player_choice":"Ignored","floor":14.0,"gold_loss":0.0,"damage_taken":0.0},{"damage_healed":0.0,"max_hp_gain":0.0,"max_hp_loss":0.0,"gold_gain":0.0,"event_name":"Upgrade Shrine","player_choice":"Upgraded","floor":16.0,"gold_loss":0.0,"damage_taken":0.0,"cards_upgraded":["Eruption"]},{"damage_healed":0,"gold_gain":0,"player_choice":"Obtained Book","damage_taken":21,"max_hp_gain":0,"max_hp_loss":0,"event_name":"Cursed Tome","floor":26,"gold_loss":0}],"is_beta":false,"boss_relics":[{"not_picked":["Runic Dome","Velvet Choker"],"picked":"REME_ChargedStone"}],"items_purged_floors":[15,15,24],"is_endless":false,"potions_floor_spawned":[1,8,17,19,25],"killed_by":"Book of Stabbing","ascension_level":15}}