{"host":"gtkw0hh8g0porc44","time":1613091317,"event":{"mods":["AchievementEnabler","BaseMod","Better Altar","Better Match","Better Note","Better Sensory Stone","Better Skull","Better Synergies","Better Vampires","BetterRewards","Colored Map","Colored Powertips","Custom Start","DeckTracker","Highlight Path","Infinite Spire","Minty Spire (QoL Compilation)","Relic Stats","Remove Card Discount Mod","Replay The Spire","StSLib","Synergy Search"],"gold_per_floor":[116,116,136,136,153,173,192,224,224,249,249,262,262,280,355,456,456,474,491,501,519,530,560,579,579,579,597,597,597,614,614,614,719,719,747,588,609,636,656,701,597,630,630,630,663,663,688,688,688,792,792,801,818,836,849,949,978,978,995,995,1014,1014,1027,1027,1027,1035,1035,1035,1143,1143,1160,1177,1198,1219,1219,1219,1248,1263,1263,1263,1281,1281,879,892,892,990,990,1004,1016,1011,1011],"floor_reached":90,"language":"ENG","playtime":4845,"items_purged":["Replay:Hysterical Blindness","Expunger+1","Crow Ritual","Whirlwind"],"score":1504,"play_id":"9118833b-37cb-400f-8216-ce329ad99809","local_time":"20210211195517","is_ascension_mode":false,"campfire_choices":[{"floor":13,"key":"REST"},{"floor":68,"key":"REST"}],"circlet_count":0,"master_deck":["Omega+1","Demon Form+1","Double Tap+1","Limit Break+1","Flex+1","Massacre+1","Whirlwind+1","Bludgeon+1","infinitespire:FutureSight","Omega+1","Pot Of Greed","Pot Of Greed","infinitespire:DeathsTouch","infinitespire:SealOfDarkness+"],"relics":["Burning Blood","Bag of Marbles","Blood Vial","Brimstone","Burning Blood","Electric Blood","Fusion Hammer","Black Blood","Vajra","Potion Belt","Odd Mushroom","Busted Crown","Pen Nib","Replay:Bandana","ReplayTheSpireMod:CursedCoin","infinitespire:EmpoweringShard","infinitespire:BottledMercury","Orrery","Black Star","Lantern","PreservedInsect","Thread and Needle","infinitespire:PuzzleCube","Mango","Chameleon Ring","Philosopher\u0027s Stone","Replay:Wanted Poster","Grinning Jar","infinitespire:Burning Sword","Mirror","Garlic","Replay:Baseball","Bronze Scales","Ring of Chaos"],"acts_visited":["Exordium","TheCity","TheBeyond","Exordium","TheCity","TheBeyond"],"potions_floor_usage":[16,23,24,45,50,66,69,83,88,90],"damage_taken":[{"damage":0,"enemies":"2 Louse","floor":1,"turns":1},{"damage":1,"enemies":"Small Slimes","floor":3,"turns":1},{"damage":3,"enemies":"Cultist","floor":5,"turns":1},{"damage":4,"enemies":"3 Louse","floor":6,"turns":1},{"damage":4,"enemies":"Exordium Thugs","floor":7,"turns":1},{"damage":6,"enemies":"Lagavulin","floor":8,"turns":1},{"damage":0,"enemies":"The Mushroom Lair","floor":10,"turns":1},{"damage":4,"enemies":"Looter","floor":12,"turns":1},{"damage":5,"enemies":"Large Slime","floor":14,"turns":1},{"damage":5,"enemies":"Slime Boss","floor":16,"turns":1},{"damage":2,"enemies":"3 Byrds","floor":18,"turns":1},{"damage":5,"enemies":"2 Thieves","floor":19,"turns":1},{"damage":6,"enemies":"Snake Plant","floor":20,"turns":1},{"damage":10,"enemies":"Snecko","floor":21,"turns":2},{"damage":3,"enemies":"3 Cultists","floor":22,"turns":1},{"damage":5,"enemies":"Nightmare","floor":23,"turns":2},{"damage":34,"enemies":"Snake Plant","floor":24,"turns":2},{"damage":0,"enemies":"Cultist and Chosen","floor":27,"turns":1},{"damage":0,"enemies":"3 Cultists","floor":30,"turns":1},{"damage":7,"enemies":"Collector","floor":33,"turns":2},{"damage":5,"enemies":"3 Darklings","floor":35,"turns":1},{"damage":5,"enemies":"Orb Walker","floor":37,"turns":1},{"damage":10,"enemies":"Spire Growth","floor":38,"turns":1},{"damage":6,"enemies":"Writhing Mass","floor":39,"turns":1},{"damage":11,"enemies":"Nightmare","floor":40,"turns":2},{"damage":10,"enemies":"3 Darklings","floor":42,"turns":1},{"damage":7,"enemies":"R_Hoarder","floor":45,"turns":2},{"damage":24,"enemies":"4 Shapes","floor":47,"turns":2},{"damage":8,"enemies":"infinitespire:MassOfShapes","floor":50,"turns":1},{"damage":3,"enemies":"Cultist","floor":52,"turns":1},{"damage":1,"enemies":"Small Slimes","floor":53,"turns":1},{"damage":4,"enemies":"Jaw Worm","floor":54,"turns":1},{"damage":7,"enemies":"2 Fungi Beasts","floor":55,"turns":2},{"damage":18,"enemies":"Nightmare","floor":57,"turns":2},{"damage":5,"enemies":"Exordium Thugs","floor":59,"turns":2},{"damage":9,"enemies":"Lagavulin","floor":61,"turns":2},{"damage":2,"enemies":"Red Slaver","floor":63,"turns":1},{"damage":6,"enemies":"Large Slime","floor":66,"turns":1},{"damage":21,"enemies":"Hexaghost","floor":69,"turns":2},{"damage":8,"enemies":"3 Byrds","floor":71,"turns":1},{"damage":0,"enemies":"Chosen","floor":72,"turns":1},{"damage":0,"enemies":"Snake Plant","floor":73,"turns":1},{"damage":0,"enemies":"Shelled Parasite and Fungi","floor":74,"turns":1},{"damage":0,"enemies":"Replay:Snechameleon","floor":77,"turns":1},{"damage":4,"enemies":"Snecko","floor":78,"turns":2},{"damage":0,"enemies":"3 Cultists","floor":81,"turns":1},{"damage":0,"enemies":"Centurion and Healer","floor":84,"turns":1},{"damage":0,"enemies":"Automaton","floor":86,"turns":1},{"damage":8,"enemies":"Orb Walker","floor":88,"turns":1},{"damage":8,"enemies":"3 Darklings","floor":89,"turns":2},{"damage":4,"enemies":"infinitespire:Three Voidlings","floor":90,"turns":1},{"damage":119,"enemies":"Nightmare_Alpha","floor":90,"turns":2}],"seed_played":"-5676647699216415698","potions_obtained":[{"floor":3,"key":"BloodPotion"},{"floor":6,"key":"LiquidMemories"},{"floor":8,"key":"BloodPotion"},{"floor":12,"key":"Reflective Coating"},{"floor":14,"key":"BloodPotion"},{"floor":16,"key":"DuplicationPotion"},{"floor":24,"key":"Adrenaline Potion"},{"floor":30,"key":"PowerPotion"},{"floor":47,"key":"BlessingOfTheForge"},{"floor":49,"key":"SmokeBomb"},{"floor":50,"key":"Explosive Potion"},{"floor":58,"key":"Adrenaline Potion"},{"floor":66,"key":"BlessingOfTheForge"},{"floor":71,"key":"AttackPotion"},{"floor":76,"key":"Fire Potion"},{"floor":78,"key":"AttackPotion"},{"floor":84,"key":"Regen Potion"},{"floor":85,"key":"DuplicationPotion"},{"floor":88,"key":"ColorlessPotion"}],"is_trial":true,"path_per_floor":["M","?","M","?","M","M","M","E","T","?","?","M","R","M","R_BF","B",null,"M","M","M","M","M","NM","M","$","T","M","?","AVR","M","?","R_BF","B",null,"M","$","M","M","M","NM","$","M","T","?","E","?","M","?","R","B",null,"M","M","M","M","AVR","NM","R","M","T","E","R","M","PTL","PTL","M","?","R","B",null,"M","M","M","M","AVR","R","E","M","T","?","M","?","$","M","R","B",null,"M","M","?"],"character_chosen":"IRONCLAD","items_purchased":["Replay:Bandana","ReplayTheSpireMod:CursedCoin","Lantern","Fruit Juice","Replay:Baseball","Bronze Scales","Fruit Juice"],"campfire_rested":2,"item_purchase_floors":[25,25,36,41,83,83,83],"current_hp_per_floor":[80,80,80,85,85,85,85,85,85,85,85,85,85,85,85,85,85,85,85,85,85,85,85,85,85,85,85,85,85,85,69,69,85,85,85,85,85,85,85,85,85,85,85,85,104,104,104,104,104,104,104,104,104,104,104,104,104,104,104,104,104,104,104,104,104,104,104,104,104,104,104,104,104,104,104,104,104,104,104,78,104,104,111,111,111,111,111,111,111,0,0],"gold":1011,"neow_bonus":"","is_daily":false,"chose_seed":false,"campfire_upgraded":0,"win_rate":0.0,"timestamp":1613091317,"path_taken":["M","?","M","?","M","M","M","E","T","?","?","M","R","M","R_BF","BOSS","M","M","M","M","M","NM","M","?","T","M","?","AVR","M","?","R_BF","BOSS","M","$","M","M","M","NM","$","M","T","?","E","?","M","?","R","BOSS","M","M","M","?","AVR","NM","R","M","T","E","R","M","PTL","PTL","M","?","R","BOSS","M","M","M","M","AVR","R","E","M","T","?","M","?","?","?","R","BOSS","M","M","?"],"items_purchased_type":["Relic","Relic","Relic","Potion","Relic","Relic","Potion"],"build_version":"2020-12-22","purchased_purges":4,"victory":false,"max_hp_per_floor":[80,80,80,85,85,85,85,85,85,85,85,85,85,85,85,85,85,85,85,85,85,85,85,85,85,85,85,85,85,85,85,85,85,85,85,85,85,85,85,85,85,85,85,85,104,104,104,104,104,104,104,104,104,104,104,104,104,104,104,104,104,104,104,104,104,104,104,104,104,104,104,104,104,104,104,104,104,104,104,104,104,104,111,111,111,111,111,111,111,111,111],"relic_stats":{"Blood Vial":4,"Busted Crown":124,"counters":[52,67],"Bronze Scales":[24],"Black Blood":326,"Pen Nib":[4],"PreservedInsect":452,"Black Star":5,"obtain_stats":[{"infinitespire:BottledMercury":28,"Lantern":36,"Black Blood":0,"Vajra":8,"Mango":45,"Burning Blood":0,"Blood Vial":0,"Replay:Wanted Poster":56,"Replay:Bandana":25,"Chameleon Ring":45,"Philosopher\u0027s Stone":51,"Fusion Hammer":0,"Electric Blood":0,"Potion Belt":9,"ReplayTheSpireMod:CursedCoin":25,"Thread and Needle":40,"Pen Nib":23,"PreservedInsect":40,"Ring of Chaos":87,"Odd Mushroom":10,"Replay:Baseball":83,"Busted Crown":17,"Brimstone":0,"Bronze Scales":83,"Orrery":29,"Bag of Marbles":0,"infinitespire:EmpoweringShard":26,"Black Star":34,"infinitespire:Burning Sword":70,"Garlic":79,"Grinning Jar":61,"Mirror":75,"infinitespire:PuzzleCube":43},{"infinitespire:BottledMercury":18,"Lantern":21,"Black Blood":0,"Vajra":6,"Mango":27,"Burning Blood":0,"Blood Vial":0,"Replay:Wanted Poster":33,"Replay:Bandana":17,"Chameleon Ring":27,"Philosopher\u0027s Stone":29,"Fusion Hammer":0,"Electric Blood":0,"Potion Belt":6,"ReplayTheSpireMod:CursedCoin":17,"Thread and Needle":25,"Pen Nib":16,"PreservedInsect":25,"Ring of Chaos":48,"Odd Mushroom":7,"Replay:Baseball":46,"Busted Crown":10,"Brimstone":0,"Bronze Scales":46,"Orrery":18,"Bag of Marbles":0,"infinitespire:EmpoweringShard":17,"Black Star":20,"infinitespire:Burning Sword":39,"Garlic":45,"Grinning Jar":36,"Mirror":43,"infinitespire:PuzzleCube":26},{"infinitespire:BottledMercury":21,"Lantern":25,"Black Blood":0,"Vajra":6,"Mango":33,"Burning Blood":0,"Blood Vial":0,"Replay:Wanted Poster":41,"Replay:Bandana":20,"Chameleon Ring":33,"Philosopher\u0027s Stone":36,"Fusion Hammer":0,"Electric Blood":0,"Potion Belt":6,"ReplayTheSpireMod:CursedCoin":20,"Thread and Needle":30,"Pen Nib":18,"PreservedInsect":30,"Ring of Chaos":61,"Odd Mushroom":7,"Replay:Baseball":59,"Busted Crown":10,"Brimstone":0,"Bronze Scales":59,"Orrery":21,"Bag of Marbles":0,"infinitespire:EmpoweringShard":20,"Black Star":24,"infinitespire:Burning Sword":51,"Garlic":58,"Grinning Jar":47,"Mirror":55,"infinitespire:PuzzleCube":31}],"Burning Blood":326},"card_choices":[{"not_picked":["Heavy Blade","Blood for Blood","Replay:Undeath\u0027s Touch"],"picked":"SKIP","floor":1},{"not_picked":["Cleave","Perfected Strike","Infernal Blade"],"picked":"SKIP","floor":3},{"not_picked":["Dark Embrace","Iron Wave","Armaments"],"picked":"SKIP","floor":5},{"not_picked":["Evolve","Thunderclap","Heavy Blade"],"picked":"SKIP","floor":6},{"not_picked":["Dropkick","Sentinel","Rampage"],"picked":"SKIP","floor":7},{"not_picked":["Intimidate","Clothesline","Thunderclap"],"picked":"SKIP","floor":8},{"not_picked":["ReplayTheSpireMod:Muscle Training","Abandon"],"picked":"Bludgeon","floor":12},{"not_picked":["Cleave","Replay:Undeath\u0027s Touch","Anger"],"picked":"SKIP","floor":14},{"not_picked":["Twin Strike"],"picked":"SKIP","floor":18},{"not_picked":["Twin Strike"],"picked":"SKIP","floor":18},{"not_picked":["Carnage"],"picked":"SKIP","floor":19},{"not_picked":["Blood for Blood"],"picked":"SKIP","floor":20},{"not_picked":["Clothesline+1"],"picked":"SKIP","floor":21},{"not_picked":["ReplayTheSpireMod:Strike From Hell+1"],"picked":"SKIP","floor":22},{"not_picked":["infinitespire:Punishment","ReplayTheSpireMod:Echoes of Time"],"picked":"infinitespire:FutureSight","floor":23},{"not_picked":["Shrug It Off+1"],"picked":"SKIP","floor":23},{"not_picked":["Anger"],"picked":"SKIP","floor":24},{"not_picked":["Thunderclap+1"],"picked":"SKIP","floor":27},{"not_picked":["Warcry+1"],"picked":"SKIP","floor":30},{"not_picked":["Ghostly Armor"],"picked":"SKIP","floor":35},{"not_picked":["Replay:Undeath\u0027s Touch"],"picked":"SKIP","floor":37},{"not_picked":["Replay:Undeath\u0027s Touch"],"picked":"SKIP","floor":37},{"not_picked":["Rampage+1"],"picked":"SKIP","floor":38},{"not_picked":["Thunderclap"],"picked":"SKIP","floor":39},{"not_picked":["ReplayTheSpireMod:Stacked+1"],"picked":"SKIP","floor":40},{"not_picked":["Wild Strike+1"],"picked":"SKIP","floor":42},{"not_picked":["Twin Strike"],"picked":"SKIP","floor":45},{"not_picked":[],"picked":"Crow Ritual","floor":46},{"not_picked":["Heavy Blade"],"picked":"SKIP","floor":47},{"not_picked":[],"picked":"Demon Form","floor":50},{"not_picked":["Cleave"],"picked":"SKIP","floor":52},{"not_picked":["Run Through"],"picked":"SKIP","floor":53},{"not_picked":["Sever Soul"],"picked":"SKIP","floor":54},{"not_picked":["ReplayTheSpireMod:Muscle Training"],"picked":"SKIP","floor":55},{"not_picked":["infinitespire:Punishment","ReplayTheSpireMod:??????????????????????"],"picked":"infinitespire:SealOfDarkness+","floor":57},{"not_picked":["Defy Death"],"picked":"SKIP","floor":57},{"not_picked":["ReplayTheSpireMod:Strike From Hell"],"picked":"SKIP","floor":59},{"not_picked":["Ghostly Armor"],"picked":"SKIP","floor":61},{"not_picked":["Bloodletting"],"picked":"SKIP","floor":63},{"not_picked":["Twin Strike"],"picked":"SKIP","floor":66},{"not_picked":["Clothesline+1"],"picked":"SKIP","floor":71},{"not_picked":["Wild Strike"],"picked":"SKIP","floor":72},{"not_picked":["ReplayTheSpireMod:Muscle Training"],"picked":"SKIP","floor":73},{"not_picked":["Cleave"],"picked":"SKIP","floor":74},{"not_picked":["infinitespire:Punishment","ReplayTheSpireMod:??????????????????????"],"picked":"infinitespire:DeathsTouch","floor":75},{"not_picked":["Iron Wave"],"picked":"SKIP","floor":77},{"not_picked":["Iron Wave"],"picked":"SKIP","floor":77},{"not_picked":["True Grit"],"picked":"SKIP","floor":78},{"not_picked":["Replay:Fractal Strike","ReplayTheSpireMod:??????????????????????"],"picked":"infinitespire:SealOfDarkness+","floor":80},{"not_picked":["Iron Wave"],"picked":"SKIP","floor":81},{"not_picked":["Flex"],"picked":"SKIP","floor":84},{"not_picked":["Combust+1"],"picked":"SKIP","floor":88},{"not_picked":["Combust+1"],"picked":"SKIP","floor":89}],"player_experience":119773,"relics_obtained":[{"floor":8,"key":"Vajra"},{"floor":9,"key":"Potion Belt"},{"floor":10,"key":"Odd Mushroom"},{"floor":23,"key":"Pen Nib"},{"floor":26,"key":"infinitespire:EmpoweringShard"},{"floor":40,"key":"PreservedInsect"},{"floor":40,"key":"Thread and Needle"},{"floor":43,"key":"infinitespire:PuzzleCube"},{"floor":45,"key":"Mango"},{"floor":45,"key":"Chameleon Ring"},{"floor":61,"key":"Grinning Jar"},{"floor":79,"key":"Garlic"}],"event_choices":[{"cards_removed":["Impervious"],"damage_healed":0,"gold_gain":0,"player_choice":"Forget","damage_taken":0,"max_hp_gain":0,"max_hp_loss":0,"event_name":"Living Wall","floor":2,"gold_loss":0},{"damage_healed":0,"gold_gain":0,"player_choice":"Donut","damage_taken":0,"max_hp_gain":5,"max_hp_loss":0,"event_name":"Big Fish","floor":4,"gold_loss":0},{"damage_healed":0,"gold_gain":0,"player_choice":"Fought Mushrooms","damage_taken":0,"max_hp_gain":0,"max_hp_loss":0,"event_name":"Mushrooms","floor":10,"gold_loss":0},{"cards_removed":["Omega"],"damage_healed":0,"gold_gain":0,"player_choice":"Give","damage_taken":0,"max_hp_gain":0,"max_hp_loss":0,"event_name":"betterNote:BetterNote","floor":11,"gold_loss":0,"cards_obtained":["None"]},{"damage_healed":0,"gold_gain":0,"player_choice":"Obtained Book","damage_taken":16,"max_hp_gain":0,"max_hp_loss":0,"event_name":"Cursed Tome","floor":31,"gold_loss":0},{"damage_healed":0,"gold_gain":2,"player_choice":"4","damage_taken":0,"max_hp_gain":0,"max_hp_loss":0,"event_name":"betterStone:BetterStone","floor":32,"gold_loss":0,"cards_obtained":["Omega"]},{"damage_healed":0,"gold_gain":0,"player_choice":"Ignored","damage_taken":0,"max_hp_gain":0,"max_hp_loss":0,"event_name":"Tomb of Lord Red Mask","floor":44,"gold_loss":0},{"damage_healed":0,"gold_gain":3,"player_choice":"1","damage_taken":0,"max_hp_gain":0,"max_hp_loss":0,"event_name":"betterStone:BetterStone","floor":46,"gold_loss":0},{"damage_healed":0,"gold_gain":0,"player_choice":"Forge","damage_taken":0,"max_hp_gain":0,"max_hp_loss":0,"event_name":"Accursed Blacksmith","floor":48,"gold_loss":0,"cards_upgraded":["Bludgeon"]},{"cards_removed":["Demon Form"],"damage_healed":0,"gold_gain":0,"player_choice":"Forget","damage_taken":0,"max_hp_gain":0,"max_hp_loss":0,"event_name":"Living Wall","floor":67,"gold_loss":0},{"damage_healed":0,"gold_gain":0,"player_choice":"Read","damage_taken":0,"max_hp_gain":0,"max_hp_loss":0,"event_name":"The Library","floor":82,"gold_loss":0,"cards_obtained":["Whirlwind"]}],"is_beta":false,"boss_relics":[{"not_picked":["Calling Bell","Empty Cage"],"picked":"Busted Crown"},{"not_picked":["Kintsugi","Velvet Choker"],"picked":"Black Star"},{"not_picked":["Fusion Hammer","Tiny House"],"picked":"Philosopher\u0027s Stone"},{"not_picked":["Tiny House","ReplayTheSpireMod:DimensionalGlitch"],"picked":"infinitespire:Burning Sword"},{"not_picked":["Snecko Eye","ChewingGum"],"picked":"Ring of Chaos"}],"items_purged_floors":[25,36,56,83],"is_endless":true,"potions_floor_spawned":[3,6,8,12,14,16,19,20,21,24,30,33,38,45,47,50,54,55,59,63,66,71,73,78,81,84,88,90],"killed_by":"Nightmare_Alpha","ascension_level":0}}