{"host":"guk5h31bsklpp7e4","time":1613115660,"event":{"mods":["AchievementEnabler","BaseMod","Colored Map","Colored Powertips","Highlight Path","Minty Spire (QoL Compilation)","Quick Restart"],"gold_per_floor":[16,31,41,56,56,56,83,83,106,135,155,167,167,167,167,272,272,289,289,289,34,34,34,45,45,45,45,64,77,94,169,169,273,273,284,67,117,117,117,117,127,127,195,195,218,218,229,24,24,24],"floor_reached":51,"language":"ENG","playtime":2857,"items_purged":["Strike_B","Defend_B"],"score":834,"play_id":"4603e347-5230-4df3-8639-6e5983e862ff","local_time":"20210212024100","is_ascension_mode":true,"campfire_choices":[{"data":"Static Discharge","floor":6,"key":"SMITH"},{"floor":8,"key":"REST"},{"floor":15,"key":"REST"},{"data":"Creative AI","floor":23,"key":"SMITH"},{"data":"Fusion","floor":27,"key":"SMITH"},{"floor":32,"key":"REST"},{"floor":40,"key":"REST"},{"data":"Rainbow","floor":42,"key":"SMITH"},{"data":"Static Discharge","floor":44,"key":"SMITH"},{"data":"Storm","floor":46,"key":"SMITH"},{"floor":49,"key":"REST"}],"circlet_count":0,"master_deck":["Strike_B","Defend_B","Zap","Dualcast","Auto Shields","Genetic Algorithm","Static Discharge+1","Lockon","Rebound","Fusion+1","Skim","Tempest","Core Surge","Creative AI+1","Go for the Eyes+1","Storm+1","Leap","Force Field","Buffer+1","Leap+1","Static Discharge+1","Rainbow+1","Ball Lightning+1"],"relics":["Cracked Core","Anchor","Omamori","Bag of Preparation","Regal Pillow","Empty Cage","Tiny Chest","Meat on the Bone","Sundial","Snecko Eye","Bronze Scales","WingedGreaves","InkBottle","Nunchaku"],"acts_visited":["Exordium","TheCity","TheBeyond"],"potions_floor_usage":[7,7,16,28,29,33,37,41,50,50],"damage_taken":[{"damage":0,"enemies":"2 Louse","floor":1,"turns":3},{"damage":0,"enemies":"Cultist","floor":2,"turns":4},{"damage":7,"enemies":"Jaw Worm","floor":3,"turns":3},{"damage":10,"enemies":"3 Louse","floor":4,"turns":4},{"damage":8,"enemies":"Lagavulin","floor":7,"turns":4},{"damage":25,"enemies":"3 Sentries","floor":10,"turns":5},{"damage":8,"enemies":"Exordium Wildlife","floor":11,"turns":3},{"damage":2,"enemies":"2 Fungi Beasts","floor":12,"turns":2},{"damage":29,"enemies":"The Guardian","floor":16,"turns":8},{"damage":17,"enemies":"Spheric Guardian","floor":18,"turns":4},{"damage":7,"enemies":"Chosen","floor":24,"turns":4},{"damage":25,"enemies":"Centurion and Healer","floor":28,"turns":7},{"damage":23,"enemies":"Shelled Parasite and Fungi","floor":29,"turns":5},{"damage":19,"enemies":"Snecko","floor":30,"turns":5},{"damage":23,"enemies":"Champ","floor":33,"turns":10},{"damage":28,"enemies":"3 Shapes","floor":35,"turns":4},{"damage":8,"enemies":"Mind Bloom Boss Battle","floor":37,"turns":7},{"damage":0,"enemies":"Orb Walker","floor":41,"turns":5},{"damage":6,"enemies":"Jaw Worm Horde","floor":47,"turns":4},{"damage":98,"enemies":"Awakened One","floor":50,"turns":13}],"seed_played":"-6579172224144091799","potions_obtained":[{"floor":1,"key":"FearPotion"},{"floor":3,"key":"PowerPotion"},{"floor":4,"key":"SkillPotion"},{"floor":10,"key":"Block Potion"},{"floor":28,"key":"Weak Potion"},{"floor":29,"key":"CultistPotion"},{"floor":33,"key":"ColorlessPotion"},{"floor":35,"key":"EssenceOfDarkness"},{"floor":37,"key":"BlessingOfTheForge"},{"floor":41,"key":"Weak Potion"}],"is_trial":false,"path_per_floor":["M","M","M","M","?","R","E","R","T","E","M","M","?","?","R","B",null,"M","?","?","$","?","R","M","?","T","R","M","M","M","T","R","B",null,"M","$","?","?","?","R","M","R","T","R","T","R","M","$","R","B",null],"character_chosen":"DEFECT","items_purchased":["Storm","Tiny Chest","Static Discharge","Bronze Scales","FairyPotion"],"campfire_rested":5,"item_purchase_floors":[21,21,36,36,48],"current_hp_per_floor":[68,68,61,51,51,51,43,65,65,40,32,30,30,30,67,38,66,49,49,74,74,74,74,67,61,61,61,48,37,30,30,67,44,67,39,39,43,43,43,75,75,75,75,75,75,75,69,69,75,16],"gold":24,"neow_bonus":"TRANSFORM_TWO_CARDS","is_daily":false,"chose_seed":false,"campfire_upgraded":6,"win_rate":0.0,"timestamp":1613115660,"path_taken":["M","M","M","M","?","R","E","R","T","E","M","?","?","?","R","BOSS","M","?","?","$","?","R","?","?","T","R","M","M","M","?","R","BOSS","M","$","?","?","?","R","M","R","T","R","?","R","?","?","R","BOSS"],"items_purchased_type":["Card","Relic","Card","Relic","Potion"],"build_version":"2020-12-22","purchased_purges":2,"victory":true,"max_hp_per_floor":[75,75,75,75,75,75,75,75,75,75,75,75,75,75,75,75,75,75,75,75,75,75,75,75,75,75,75,75,75,75,75,75,75,75,75,75,75,75,75,75,75,75,75,75,75,75,75,75,75,75],"card_choices":[{"not_picked":["Blizzard","Self Repair"],"picked":"Static Discharge","floor":1},{"not_picked":["Rebound","Gash"],"picked":"Lockon","floor":2},{"not_picked":["Gash","Beam Cell"],"picked":"Rebound","floor":3},{"not_picked":["Go for the Eyes","Aggregate"],"picked":"Doom and Gloom","floor":4},{"not_picked":["Stack","Go for the Eyes"],"picked":"Fusion","floor":7},{"not_picked":["Fusion","Gash"],"picked":"Skim","floor":10},{"not_picked":["Cold Snap","Hello World"],"picked":"Tempest","floor":11},{"not_picked":["Sunder","Reprogram"],"picked":"Core Surge","floor":12},{"not_picked":["Amplify","All For One"],"picked":"Creative AI","floor":16},{"not_picked":["Cold Snap","Scrape"],"picked":"Go for the Eyes+1","floor":18},{"not_picked":["Barrage","Coolheaded","Streamline"],"picked":"SKIP","floor":24},{"not_picked":["Beam Cell","Coolheaded+1"],"picked":"Leap","floor":28},{"not_picked":["Recycle","Melter"],"picked":"Force Field","floor":29},{"not_picked":["Rebound","Compile Driver","Barrage"],"picked":"SKIP","floor":30},{"not_picked":["Fission","Hyperbeam"],"picked":"Buffer","floor":33},{"not_picked":["Genetic Algorithm+1","Ball Lightning"],"picked":"Leap+1","floor":35},{"not_picked":["Go for the Eyes+1","Compile Driver+1"],"picked":"Rainbow","floor":41},{"not_picked":["Rebound","Steam"],"picked":"Ball Lightning+1","floor":47}],"player_experience":352086,"relics_obtained":[{"floor":5,"key":"Anchor"},{"floor":7,"key":"Omamori"},{"floor":9,"key":"Bag of Preparation"},{"floor":10,"key":"Regal Pillow"},{"floor":26,"key":"Meat on the Bone"},{"floor":31,"key":"Sundial"},{"floor":37,"key":"WingedGreaves"},{"floor":43,"key":"InkBottle"},{"floor":45,"key":"Nunchaku"}],"event_choices":[{"damage_healed":0,"gold_gain":0,"player_choice":"Relic","damage_taken":0,"max_hp_gain":0,"max_hp_loss":0,"event_name":"Wheel of Change","floor":5,"gold_loss":0},{"damage_healed":0,"gold_gain":0,"player_choice":"Searched \u00270\u0027 times","damage_taken":0,"max_hp_gain":0,"max_hp_loss":0,"event_name":"Dead Adventurer","floor":13,"gold_loss":0},{"damage_healed":0,"gold_gain":0,"player_choice":"Ignored","damage_taken":0,"max_hp_gain":0,"max_hp_loss":0,"event_name":"Golden Idol","floor":14,"gold_loss":0},{"damage_healed":0,"gold_gain":0,"player_choice":"Ignored","damage_taken":0,"max_hp_gain":0,"max_hp_loss":0,"event_name":"Vampires","floor":19,"gold_loss":0},{"damage_healed":25,"gold_gain":0,"player_choice":"Heal","damage_taken":0,"max_hp_gain":0,"max_hp_loss":0,"event_name":"The Library","floor":20,"gold_loss":0},{"damage_healed":0,"gold_gain":0,"player_choice":"Cursed","damage_taken":0,"max_hp_gain":0,"max_hp_loss":0,"event_name":"Wheel of Change","floor":22,"gold_loss":0,"cards_obtained":["Decay"]},{"damage_healed":0,"gold_gain":0,"player_choice":"","damage_taken":6,"max_hp_gain":0,"max_hp_loss":0,"event_name":"Knowing Skull","floor":25,"potions_obtained":[],"gold_loss":0,"cards_obtained":[]},{"damage_healed":0,"gold_gain":0,"player_choice":"Fight","damage_taken":0,"max_hp_gain":0,"max_hp_loss":0,"event_name":"MindBloom","floor":37,"gold_loss":0},{"cards_removed":["Doom and Gloom"],"damage_healed":0,"gold_gain":0,"player_choice":"Removed Attack","damage_taken":0,"max_hp_gain":0,"max_hp_loss":0,"event_name":"Falling","floor":38,"gold_loss":0},{"damage_healed":0,"gold_gain":0,"player_choice":"Forge","damage_taken":0,"max_hp_gain":0,"max_hp_loss":0,"event_name":"Accursed Blacksmith","floor":39,"gold_loss":0,"cards_upgraded":["Buffer"]}],"is_beta":false,"boss_relics":[{"not_picked":["SacredBark","Fusion Hammer"],"picked":"Empty Cage"},{"not_picked":["Pandora\u0027s Box","Runic Dome"],"picked":"Snecko Eye"}],"items_purged_floors":[21,48],"is_endless":false,"potions_floor_spawned":[1,3,4,10,28,29,33,35,37,41],"ascension_level":6}}