{"host":"ix07nhfx4o3nf6kx","time":1613128293,"event":{"mods":["BaseMod","Hermit","Minty Spire (QoL Compilation)","StSLib","The Bug Knight","The Cursed","The Dragon Tamer","The Hierophant","The Jungle","The Runesmith"],"gold_per_floor":[104,104,104,114,34,34,34,34,34,70,143,163,213,94,94,0,0],"floor_reached":16,"language":"KOR","playtime":1274,"items_purged":[],"score":115,"play_id":"382dd559-b8f0-4e5f-b576-c16e88cdd39b","local_time":"20210212201133","is_ascension_mode":false,"campfire_choices":[{"data":"hierophant:Charity","floor":6,"key":"SMITH"},{"data":"hierophant:ChurchCoffers","floor":8,"key":"SMITH"},{"data":"hierophant:Flagellation","floor":15,"key":"SMITH"}],"circlet_count":0,"master_deck":["hierophant:Strike_Hierophant","hierophant:Strike_Hierophant","hierophant:Strike_Hierophant","hierophant:Strike_Hierophant","hierophant:Punish","hierophant:Defend_Hierophant","hierophant:Defend_Hierophant","hierophant:Defend_Hierophant","hierophant:Defend_Hierophant","hierophant:ChurchCoffers+1","hierophant:Flagellation+1","hierophant:Doubloon","hierophant:CursedGold","hierophant:Charity+1","hierophant:Doubloon","Injury","hierophant:RustyCrate","hierophant:Doubloon","hierophant:Doubloon","hierophant:Doubloon","hierophant:CursedGold","hierophant:OrnateBuckler","hierophant:Doubloon","hierophant:Refuge","hierophant:Doubloon","hierophant:HolyVerse"],"relics":["hierophant:PropheticMaskRelic","White Beast Statue","Golden Idol","FossilizedHelix","Odd Mushroom"],"acts_visited":["Exordium"],"potions_floor_usage":[11,11,12,16,16,16],"damage_taken":[{"damage":3,"enemies":"Jaw Worm","floor":1,"turns":7},{"damage":0,"enemies":"Small Slimes","floor":4,"turns":1},{"damage":0,"enemies":"2 Louse","floor":10,"turns":1},{"damage":0,"enemies":"The Mushroom Lair","floor":11,"turns":2},{"damage":0,"enemies":"Exordium Thugs","floor":12,"turns":2},{"damage":0,"enemies":"2 Fungi Beasts","floor":13,"turns":2},{"damage":93,"enemies":"The Guardian","floor":16,"turns":24}],"seed_played":"-7771648288101144488","potions_obtained":[{"floor":1,"key":"AttackPotion"},{"floor":4,"key":"SteroidPotion"},{"floor":10,"key":"Fire Potion"},{"floor":11,"key":"SteroidPotion"},{"floor":12,"key":"EssenceOfSteel"},{"floor":13,"key":"SpeedPotion"}],"is_trial":false,"path_per_floor":["M","?","?","M","$","R","?","R","T","M","?","M","M","$","R","B"],"character_chosen":"HIEROPHANT","items_purchased":["hierophant:Charity","hierophant:Refuge","hierophant:HolyVerse"],"campfire_rested":0,"item_purchase_floors":[5,14,14],"current_hp_per_floor":[79,79,72,72,72,72,72,72,72,72,72,72,72,72,72,0,0],"gold":0,"neow_bonus":"TEN_PERCENT_HP_BONUS","is_daily":false,"chose_seed":false,"campfire_upgraded":3,"win_rate":0.0,"timestamp":1613128293,"path_taken":["M","?","?","M","$","R","?","R","T","M","?","M","M","$","R","BOSS"],"items_purchased_type":["Card","Card","Card"],"build_version":"2020-12-22","purchased_purges":0,"victory":false,"max_hp_per_floor":[82,82,82,82,82,82,82,82,82,82,82,82,82,82,82,82,82],"card_choices":[{"not_picked":["hierophant:Upheaval","hierophant:Smite"],"picked":"hierophant:Flagellation","floor":1},{"not_picked":["hierophant:SealAway","hierophant:PassingBell"],"picked":"hierophant:CursedGold","floor":4},{"not_picked":["hierophant:OrnateBuckler","hierophant:AuricBeam"],"picked":"hierophant:RustyCrate","floor":10},{"not_picked":["hierophant:Sermon","hierophant:Doubloon"],"picked":"hierophant:CursedGold","floor":11},{"not_picked":["hierophant:ArchangelShield","hierophant:WrathOfGod"],"picked":"hierophant:OrnateBuckler","floor":12},{"not_picked":["hierophant:OrnateBuckler","hierophant:Shelter"],"picked":"hierophant:Doubloon","floor":13}],"player_experience":254867,"relics_obtained":[{"floor":9,"key":"FossilizedHelix"},{"floor":11,"key":"Odd Mushroom"}],"event_choices":[{"damage_healed":0,"gold_gain":0,"player_choice":"Box","damage_taken":0,"relics_obtained":["White Beast Statue"],"max_hp_gain":0,"max_hp_loss":0,"event_name":"Big Fish","floor":2,"gold_loss":0,"cards_obtained":["Regret"]},{"cards_removed":["Regret"],"damage_healed":0,"gold_gain":0,"player_choice":"Card Removal","damage_taken":7,"max_hp_gain":0,"max_hp_loss":0,"event_name":"Golden Wing","floor":3,"gold_loss":0},{"damage_healed":0,"gold_gain":0,"player_choice":"Take Wound","damage_taken":0,"relics_obtained":["Golden Idol"],"max_hp_gain":0,"max_hp_loss":0,"event_name":"Golden Idol","floor":7,"gold_loss":0,"cards_obtained":["Injury"]},{"damage_healed":0,"gold_gain":0,"player_choice":"Fought Mushrooms","damage_taken":0,"max_hp_gain":0,"max_hp_loss":0,"event_name":"Mushrooms","floor":11,"gold_loss":0}],"is_beta":false,"boss_relics":[],"items_purged_floors":[],"is_endless":false,"potions_floor_spawned":[1,4,10,11,12,13],"killed_by":"The Guardian","ascension_level":0}}