{"host":"ynimr9ugvc6f046i","time":1613133909,"event":{"mods":["2.2 Compatiblity","BaseMod","Colored Map","DeckTracker","Highlight Path","Keyboard Shortcuts","Minty Spire (QoL Compilation)","Permanent Neow","Quick Restart","StSLib","SuperFastMode"],"gold_per_floor":[110,110,122,132,152,180,180,199,280,280,293,328,328,359,359,359,359],"floor_reached":16,"language":"KOR","playtime":294,"items_purged":[],"score":244,"play_id":"d8944734-6d31-4b1e-bc3a-aa565ccca9dd","local_time":"20210212214509","is_ascension_mode":true,"campfire_choices":[{"data":"Sunder","floor":7,"key":"SMITH"},{"floor":10,"key":"REST"},{"data":"Consume","floor":13,"key":"SMITH"},{"data":"Zap","floor":15,"key":"SMITH"}],"circlet_count":0,"master_deck":["AscendersBane","Strike_B","Strike_B","Strike_B","Strike_B","Defend_B","Defend_B","Defend_B","Defend_B","Zap+1","Dualcast","Cold Snap","Sunder+1","Consume+1","Glacier","Gash"],"relics":["Sozu","Potion Belt","Pantograph","FossilizedHelix","Dream Catcher"],"acts_visited":["Exordium"],"potions_floor_usage":[],"damage_taken":[{"damage":9.0,"enemies":"Jaw Worm","floor":1.0,"turns":4.0},{"damage":5.0,"enemies":"Small Slimes","floor":3.0,"turns":4.0},{"damage":2.0,"enemies":"2 Louse","floor":4.0,"turns":2.0},{"damage":0.0,"enemies":"Large Slime","floor":5.0,"turns":4.0},{"damage":33,"enemies":"3 Sentries","floor":6,"turns":8},{"damage":0,"enemies":"2 Fungi Beasts","floor":8,"turns":4},{"damage":0,"enemies":"Exordium Thugs","floor":11,"turns":5},{"damage":24,"enemies":"Gremlin Nob","floor":12,"turns":4},{"damage":5,"enemies":"3 Sentries","floor":14,"turns":10},{"damage":41,"enemies":"Hexaghost","floor":16,"turns":9}],"seed_played":"-399812623419478689","potions_obtained":[],"is_trial":false,"path_per_floor":["M","?","M","M","M","E","R","M","T","R","M","E","R","E","R","B"],"character_chosen":"DEFECT","items_purchased":[],"campfire_rested":1,"item_purchase_floors":[],"current_hp_per_floor":[55,60,55,53,53,20,20,20,20,42,42,18,18,13,13,0,0],"gold":359,"neow_bonus":"BOSS_RELIC","is_daily":false,"chose_seed":false,"campfire_upgraded":3,"win_rate":0.0,"timestamp":1613133909,"path_taken":["M","?","M","M","M","E","R","M","T","R","M","E","R","E","R","BOSS"],"items_purchased_type":[],"build_version":"2020-12-22","purchased_purges":0,"victory":false,"max_hp_per_floor":[71,76,76,76,76,76,76,76,76,76,76,76,76,76,76,76,76],"card_choices":[{"not_picked":["Double Energy","Coolheaded"],"picked":"Cold Snap","floor":1.0},{"not_picked":["Reprogram","Double Energy"],"picked":"Sunder","floor":3.0},{"not_picked":["Undo","Blizzard"],"picked":"Consume","floor":4.0},{"not_picked":["Recycle","Hello World","Reprogram"],"picked":"SKIP","floor":5.0},{"not_picked":["Conserve Battery","Hyperbeam"],"picked":"Glacier","floor":6},{"not_picked":["Compile Driver","Sunder","Reprogram"],"picked":"SKIP","floor":8},{"not_picked":["Sweeping Beam","Go for the Eyes"],"picked":"Gash","floor":11},{"not_picked":["Go for the Eyes","Steam","White Noise"],"picked":"SKIP","floor":12},{"not_picked":["Rip and Tear","Go for the Eyes","Conserve Battery"],"picked":"SKIP","floor":14}],"player_experience":578600,"relics_obtained":[{"floor":6,"key":"Potion Belt"},{"floor":9,"key":"Pantograph"},{"floor":12,"key":"FossilizedHelix"},{"floor":14,"key":"Dream Catcher"}],"event_choices":[{"damage_healed":0.0,"max_hp_gain":5.0,"max_hp_loss":0.0,"gold_gain":0.0,"event_name":"Big Fish","player_choice":"Donut","floor":2.0,"gold_loss":0.0,"damage_taken":0.0}],"is_beta":false,"boss_relics":[],"items_purged_floors":[],"is_endless":false,"potions_floor_spawned":[1,3,5,6,11],"killed_by":"Hexaghost","ascension_level":20}}