{"host":"19r1ww88x2tc73i0","time":1613152764,"event":{"mods":["BaseMod","BetterRewards","Colored Map","Minty Spire (QoL Compilation)","Relic Stats","StSLib","SuperFastMode","slay the spire mod where everything is the same but ironclad has a cowboy hat"],"gold_per_floor":[112,112,162,174,13,13,42,60,87,118,118,175,175,175],"floor_reached":13,"language":"ENG","playtime":298,"items_purged":["Strike_G"],"score":182,"play_id":"11980d2a-373f-423d-834c-fd73d68b8c50","local_time":"25640213005924","is_ascension_mode":true,"campfire_choices":[{"data":"Poisoned Stab","floor":6,"key":"SMITH"},{"data":"Backstab","floor":11,"key":"SMITH"}],"circlet_count":0,"master_deck":["AscendersBane","Strike_G","Strike_G","Strike_G","Strike_G","Defend_G","Defend_G","Defend_G","Defend_G","Defend_G","Survivor","Neutralize","Poisoned Stab+1","Flying Knee","Backstab+1","Calculated Gamble"],"relics":["Ring of the Snake","The Specimen","Pen Nib","Smiling Mask","Bronze Scales","Regal Pillow"],"acts_visited":["Exordium"],"potions_floor_usage":[7,10,12],"damage_taken":[{"damage":4.0,"enemies":"Small Slimes","floor":1.0,"turns":4.0},{"damage":1,"enemies":"Cultist","floor":4,"turns":4},{"damage":17,"enemies":"Lagavulin","floor":7,"turns":6},{"damage":0,"enemies":"2 Louse","floor":8,"turns":3},{"damage":4,"enemies":"3 Sentries","floor":10,"turns":7},{"damage":18,"enemies":"Gremlin Nob","floor":12,"turns":4},{"damage":15,"enemies":"Lagavulin","floor":13,"turns":3}],"seed_played":"8638876361635363008","potions_obtained":[{"floor":7,"key":"Block Potion"},{"floor":8,"key":"FearPotion"}],"is_trial":false,"path_per_floor":["M","?","?","M","$","R","E","M","T","E","R","?","E"],"character_chosen":"THE_SILENT","items_purchased":["DuplicationPotion"],"campfire_rested":0,"item_purchase_floors":[5],"current_hp_per_floor":[55,60,54,53,53,53,36,36,36,32,32,14,0,0],"gold":175,"neow_bonus":"ONE_RARE_RELIC","is_daily":false,"chose_seed":false,"campfire_upgraded":2,"win_rate":0.0,"timestamp":1613152764,"path_taken":["M","?","?","?","$","R","E","M","T","E","R","?","E"],"items_purchased_type":["Potion"],"build_version":"2020-12-22","purchased_purges":1,"victory":false,"max_hp_per_floor":[60,65,65,65,65,65,65,65,65,65,65,65,65,65],"relic_stats":{"Regal Pillow":0,"counters":[7,31],"Bronze Scales":[6],"Pen Nib":[3],"Smiling Mask":0,"obtain_stats":[{"Regal Pillow":12,"The Specimen":0,"Bronze Scales":10,"Pen Nib":7,"Smiling Mask":9,"Ring of the Snake":0},{"Regal Pillow":6,"The Specimen":0,"Bronze Scales":5,"Pen Nib":3,"Smiling Mask":4,"Ring of the Snake":0},{"Regal Pillow":28,"The Specimen":0,"Bronze Scales":24,"Pen Nib":14,"Smiling Mask":17,"Ring of the Snake":0}],"Ring of the Snake":[14]},"card_choices":[{"not_picked":["Quick Slash","Sucker Punch"],"picked":"Poisoned Stab","floor":1.0},{"not_picked":["Reflex","Setup"],"picked":"Flying Knee","floor":4},{"not_picked":["Cloak And Dagger","Poisoned Stab"],"picked":"Backstab","floor":7},{"not_picked":["Flying Knee","Outmaneuver","Dodge and Roll"],"picked":"SKIP","floor":8},{"not_picked":["Quick Slash","Sucker Punch"],"picked":"Calculated Gamble","floor":10}],"player_experience":1061670,"relics_obtained":[{"floor":7,"key":"Pen Nib"},{"floor":9,"key":"Smiling Mask"},{"floor":10,"key":"Bronze Scales"},{"floor":12,"key":"Regal Pillow"}],"event_choices":[{"damage_healed":0.0,"max_hp_gain":5.0,"max_hp_loss":0.0,"gold_gain":0.0,"event_name":"Big Fish","player_choice":"Donut","floor":2.0,"gold_loss":0.0,"damage_taken":0.0},{"damage_healed":0,"gold_gain":50,"player_choice":"Touch","damage_taken":6,"max_hp_gain":0,"max_hp_loss":0,"event_name":"FaceTrader","floor":3,"gold_loss":0},{"damage_healed":0,"gold_gain":0,"player_choice":"Searched \u00272\u0027 times","damage_taken":0,"max_hp_gain":0,"max_hp_loss":0,"event_name":"Dead Adventurer","floor":12,"gold_loss":0}],"is_beta":false,"boss_relics":[],"items_purged_floors":[5],"is_endless":false,"potions_floor_spawned":[7,8],"killed_by":"Lagavulin","ascension_level":20}}