{"host":"6xsbn6ynqlzwllfm","time":1613154848,"event":{"mods":["2.2 Compatiblity","BaseMod","Bestiary","Colored Map","Colored Powertips","Curses Come First","Downfall","Highlight Path","Keyboard Shortcuts","Minty Spire (QoL Compilation)","Relic Stats","Slay the Relics Exporter","StSLib","SuperFastMode"],"gold_per_floor":[99,119,119,139,139,158,237,263,280,280,295,195,228,8,21,120,120,32,59,71,68,180,342,369,379,379,379,279,388,401,431,447,552,552,552,571,583,583,596,496,496,506,578,578,38,49,74,92,107,107,107,135,15,15,15,15],"floor_reached":57,"language":"ENG","playtime":2045,"items_purged":["bronze:Strike","bronze:Defend","bronze:Defend","Pride"],"score":1705,"play_id":"c4f17e86-262b-46dc-9159-643d35a1923d","local_time":"20210212133408","is_ascension_mode":true,"campfire_choices":[{"data":"bronze:Goto","floor":1,"key":"SMITH"},{"floor":10,"key":"RECALL"},{"data":"bronze:BugBarrage","floor":12,"key":"SMITH"},{"data":"bronze:Shell","floor":18,"key":"SMITH"},{"data":"bronze:ItsAFeature","floor":28,"key":"SMITH"},{"data":"bronze:Flail","floor":35,"key":"SMITH"},{"floor":44,"key":"REST"},{"floor":54,"key":"REST"}],"circlet_count":0,"master_deck":["bronze:Defend","bronze:Replicate+1","bronze:Goto+1","bronze:DelayedSlice","bronze:DazingPulse+1","bronze:BugBarrage+1","bronze:Shell+1","bronze:ShipIt","bronze:Shield","bronze:Flail+1","bronze:Break","bronze:Turbo","bronze:FindAndReplace","CurseOfTheBell","bronze:FineTuning+1","downfall:Bewildered","bronze:Iterate","bronze:Format","bronze:BronzeArmor","bronze:BuggyMess+1","bronze:ItsAFeature+1","bronze:ItsAFeature+1","bronze:BronzeArmor+1"],"relics":["bronze:MakeshiftBattery","Singing Bowl","bronze:DecasWashers","Du-Vu Doll","downfall:HeartBlessingRed","Tiny Chest","OrangePellets","Calling Bell","Sundial","Torii","downfall:HeartBlessingGreen","sneckomod:BabySnecko","MutagenicStrength","HornCleat","Potion Belt","downfall:HeartBlessingBlue","DollysMirror","bronze:CableSpool","Empty Cage","Question Card","The Courier","Lee\u0027s Waffle","Anchor","Pear","Omamori","StoneCalendar"],"acts_visited":["Exordium","TheCity","TheBeyond","TheEnding"],"potions_floor_usage":[8,13,14,22,33,33,42,42,42,42,48,55,55,55,55,56],"damage_taken":[{"damage":7,"enemies":"2 Louse","floor":2,"turns":3},{"damage":0,"enemies":"2 Louse","floor":3,"turns":2},{"damage":0,"enemies":"Jaw Worm","floor":4,"turns":2},{"damage":0,"enemies":"Small Slimes","floor":6,"turns":3},{"damage":10,"enemies":"Lagavulin","floor":8,"turns":6},{"damage":0,"enemies":"3 Louse","floor":9,"turns":1},{"damage":0,"enemies":"Gremlin Gang","floor":11,"turns":4},{"damage":7,"enemies":"Gremlin Nob","floor":13,"turns":3},{"damage":0,"enemies":"downfall:FleeingMerchant","floor":14,"turns":4},{"damage":0,"enemies":"Large Slime","floor":15,"turns":1},{"damage":4,"enemies":"WA_ARCHETYPE_RETAIN","floor":16,"turns":4},{"damage":0,"enemies":"Chosen","floor":19,"turns":2},{"damage":0,"enemies":"downfall:FleeingMerchant","floor":21,"turns":4},{"damage":16,"enemies":"downfall:Augmenter","floor":22,"turns":5},{"damage":18,"enemies":"Shell Parasite","floor":25,"turns":3},{"damage":0,"enemies":"downfall:FleeingMerchant","floor":29,"turns":1},{"damage":11,"enemies":"Centurion and Healer","floor":30,"turns":3},{"damage":8,"enemies":"Slavers","floor":31,"turns":2},{"damage":0,"enemies":"Snecko","floor":32,"turns":3},{"damage":1,"enemies":"DF_ARCHETYPE_CLAW","floor":33,"turns":5},{"damage":21,"enemies":"3 Darklings","floor":36,"turns":3},{"damage":0,"enemies":"Orb Walker","floor":37,"turns":2},{"damage":0,"enemies":"Jaw Worm Horde","floor":39,"turns":1},{"damage":35,"enemies":"Transient","floor":42,"turns":5},{"damage":0,"enemies":"3 Darklings","floor":46,"turns":4},{"damage":44,"enemies":"Giant Head","floor":47,"turns":7},{"damage":9,"enemies":"Spire Growth","floor":48,"turns":4},{"damage":0,"enemies":"Jaw Worm Horde","floor":49,"turns":3},{"damage":16,"enemies":"SI_POISON_ARCHETYPE","floor":50,"turns":6},{"damage":84,"enemies":"downfall:CharBossMerchant","floor":52,"turns":8},{"damage":15,"enemies":"downfall:NeowBoss","floor":55,"turns":6},{"damage":44,"enemies":"downfall:NeowBossFinal","floor":56,"turns":11}],"seed_played":"4577039958601061412","potions_obtained":[{"floor":3,"key":"GamblersBrew"},{"floor":4,"key":"Ancient Potion"},{"floor":9,"key":"BlessingOfTheForge"},{"floor":11,"key":"Ancient Potion"},{"floor":13,"key":"LiquidBronze"},{"floor":15,"key":"bronze:FreeFunctionsPotion"},{"floor":22,"key":"DuplicationPotion"},{"floor":31,"key":"ColorlessPotion"},{"floor":32,"key":"champ:CounterPotion"},{"floor":36,"key":"Slimebound:ThreeZeroPotion"},{"floor":37,"key":"EntropicBrew"},{"floor":48,"key":"SteroidPotion"},{"floor":49,"key":"Block Potion"}],"is_trial":false,"path_per_floor":["R","M","?","M","T","M","T","E","M","R","M","R","E","$","M","B",null,"R","M","?","$","?","?","T","M","T","?","R","$","M","E","M","B",null,"R","M","M","?","M","$","T","M","T","R","$","M","E","M","M","B",null,"E","$","R","B","B",null],"character_chosen":"THE_AUTOMATON","items_purchased":["OrangePellets","bronze:Turbo","DollysMirror","Lee\u0027s Waffle","Anchor","Pear"],"campfire_rested":2,"item_purchase_floors":[14,14,29,45,45,45],"current_hp_per_floor":[63,56,56,56,56,56,56,46,46,46,46,46,41,41,43,39,65,65,65,65,65,51,51,51,33,33,33,43,45,36,28,30,31,78,78,59,61,61,63,63,63,30,30,60,119,121,79,72,74,58,110,28,28,66,51,7],"gold":15,"neow_bonus":"BOSS_RELIC","is_daily":false,"chose_seed":false,"campfire_upgraded":5,"win_rate":0.0,"timestamp":1613154848,"path_taken":["R","M","?","M","?","M","T","E","M","R","M","R","E","$","M","BOSS","R","M","?","$","?","?","T","M","?","?","R","$","M","E","M","BOSS","R","M","M","?","M","$","T","?","?","R","$","M","E","?","M","BOSS","E","$","R","BOSS","BOSS"],"items_purchased_type":["Relic","Card","Relic","Relic","Relic","Relic"],"build_version":"2020-12-22","purchased_purges":4,"victory":true,"max_hp_per_floor":[70,70,70,70,70,70,70,70,70,70,70,70,72,72,74,74,74,74,74,74,74,76,76,76,76,76,76,86,88,90,90,92,94,94,94,96,98,98,100,100,100,102,102,102,119,121,123,125,127,127,127,129,129,129,129,129],"relic_stats":{"OrangePellets":[14],"Lee\u0027s Waffle":49,"Singing Bowl":32,"Torii":19,"counters":[32,121],"Sundial":[6],"Tiny Chest":2,"StoneCalendar":[52],"Question Card":6,"obtain_stats":[{"bronze:BronzeCore":0,"Singing Bowl":5,"Torii":17,"downfall:HeartBlessingGreen":18,"StoneCalendar":52,"Empty Cage":34,"bronze:CableSpool":31,"HornCleat":26,"Sundial":17,"downfall:HeartBlessingBlue":28,"DollysMirror":29,"Tiny Chest":13,"Potion Belt":27,"Lee\u0027s Waffle":45,"Pear":45,"downfall:HeartBlessingRed":12,"bronze:DecasWashers":7,"The Courier":43,"Omamori":47,"MawBank":17,"Question Card":41,"Du-Vu Doll":8,"Calling Bell":17,"OrangePellets":14,"sneckomod:BabySnecko":20,"Anchor":45,"MutagenicStrength":22,"bronze:MakeshiftBattery":0},{"bronze:BronzeCore":0,"Singing Bowl":3,"Torii":11,"downfall:HeartBlessingGreen":11,"StoneCalendar":30,"Empty Cage":20,"bronze:CableSpool":18,"HornCleat":15,"Sundial":11,"downfall:HeartBlessingBlue":15,"DollysMirror":16,"Tiny Chest":8,"Potion Belt":15,"Lee\u0027s Waffle":24,"Pear":24,"downfall:HeartBlessingRed":7,"bronze:DecasWashers":4,"The Courier":24,"Omamori":26,"MawBank":11,"Question Card":23,"Du-Vu Doll":5,"Calling Bell":11,"OrangePellets":9,"sneckomod:BabySnecko":12,"Anchor":24,"MutagenicStrength":14,"bronze:MakeshiftBattery":0},{"bronze:BronzeCore":0,"Singing Bowl":7,"Torii":33,"downfall:HeartBlessingGreen":33,"StoneCalendar":104,"Empty Cage":61,"bronze:CableSpool":53,"HornCleat":47,"Sundial":33,"downfall:HeartBlessingBlue":47,"DollysMirror":48,"Tiny Chest":24,"Potion Belt":47,"Lee\u0027s Waffle":72,"Pear":72,"downfall:HeartBlessingRed":21,"bronze:DecasWashers":10,"The Courier":72,"Omamori":83,"MawBank":33,"Question Card":67,"Du-Vu Doll":16,"Calling Bell":33,"OrangePellets":28,"sneckomod:BabySnecko":35,"Anchor":72,"MutagenicStrength":44,"bronze:MakeshiftBattery":0}]},"card_choices":[{"not_picked":["bronze:WildBeam","bronze:Shield"],"picked":"bronze:DelayedSlice","floor":2},{"not_picked":[],"picked":"bronze:DazingPulse","floor":3},{"not_picked":["bronze:DelayedGuard","bronze:Invalidate"],"picked":"bronze:BugBarrage","floor":4},{"not_picked":["bronze:Boost","bronze:DelayedSlice"],"picked":"bronze:Shell","floor":6},{"not_picked":["bronze:ChosenStrike","bronze:Turbo"],"picked":"bronze:ShipIt","floor":8},{"not_picked":["bronze:WildBeam","bronze:WhirlingStrike"],"picked":"bronze:Shield","floor":9},{"not_picked":["bronze:Shell","bronze:Shield"],"picked":"bronze:Flail","floor":11},{"not_picked":["bronze:CutThrough","bronze:ForLoop","bronze:ChildClass"],"picked":"Singing Bowl","floor":13},{"not_picked":["bronze:Allocate","bronze:Deprecate"],"picked":"bronze:Break","floor":14},{"not_picked":["bronze:OilSpill","bronze:ChildClass","bronze:Refactor"],"picked":"Singing Bowl","floor":15},{"not_picked":["bronze:Virus","bronze:Break"],"picked":"bronze:FindAndReplace","floor":16},{"not_picked":["bronze:WildBeam","bronze:ForLoop+1"],"picked":"bronze:FineTuning+1","floor":19},{"not_picked":["bronze:Return","bronze:Branch"],"picked":"bronze:Iterate","floor":21},{"not_picked":["J.A.X."],"picked":"Singing Bowl","floor":22},{"not_picked":["bronze:ClassDefault","bronze:WhirlingStrike+1"],"picked":"bronze:BuggyMess","floor":22},{"not_picked":["bronze:MaxOutput","bronze:Iterate"],"picked":"bronze:ItsAFeature","floor":25},{"not_picked":["bronze:Optimize","bronze:Assembly","bronze:Overheat"],"picked":"Singing Bowl","floor":29},{"not_picked":["bronze:Deprecate","bronze:BitShift","bronze:Repair"],"picked":"Singing Bowl","floor":30},{"not_picked":["bronze:BronzeOrb+1","bronze:Constructor+1"],"picked":"bronze:BronzeArmor+1","floor":31},{"not_picked":["bronze:Separator+1","bronze:WhirlingStrike","bronze:BronzeArmor+1"],"picked":"Singing Bowl","floor":32},{"not_picked":["bronze:InfiniteLoop","bronze:ShipIt","bronze:HyperBeam"],"picked":"Singing Bowl","floor":33},{"not_picked":["bronze:BitShift","bronze:Deprecate+1","bronze:DelayedGuard"],"picked":"Singing Bowl","floor":36},{"not_picked":["bronze:Turbo","bronze:Repair+1","bronze:DelayedGuard+1"],"picked":"Singing Bowl","floor":37},{"not_picked":["bronze:Philosophize+1","bronze:Backtrace+1","bronze:BronzeArmor"],"picked":"Singing Bowl","floor":39},{"not_picked":["bronze:Repair","bronze:Repulsor+1","bronze:OilSpill+1","bronze:Shield+1"],"picked":"Singing Bowl","floor":42},{"not_picked":["bronze:CutThrough","bronze:Separator+1","bronze:Branch","bronze:Break"],"picked":"Singing Bowl","floor":46},{"not_picked":["bronze:MaxOutput+1","bronze:WildBeam","bronze:NullPointer","bronze:Invalidate"],"picked":"Singing Bowl","floor":47},{"not_picked":["bronze:Constructor+1","bronze:WhirlingStrike+1","bronze:BronzeOrb","bronze:Terminator+1"],"picked":"Singing Bowl","floor":48},{"not_picked":["bronze:ItsAFeature+1","bronze:Iterate+1","bronze:Return","bronze:BitShift"],"picked":"Singing Bowl","floor":49},{"not_picked":["bronze:HardenedForm","bronze:Allocate","bronze:Frontload","bronze:CutThrough"],"picked":"Singing Bowl","floor":52}],"player_experience":1752918,"relics_obtained":[{"floor":5,"key":"Singing Bowl"},{"floor":7,"key":"bronze:DecasWashers"},{"floor":8,"key":"Du-Vu Doll"},{"floor":13,"key":"Tiny Chest"},{"floor":17,"key":"MawBank"},{"floor":17,"key":"Sundial"},{"floor":17,"key":"Torii"},{"floor":22,"key":"MutagenicStrength"},{"floor":26,"key":"HornCleat"},{"floor":31,"key":"bronze:CableSpool"},{"floor":41,"key":"Question Card"},{"floor":43,"key":"The Courier"},{"floor":47,"key":"Omamori"},{"floor":52,"key":"StoneCalendar"}],"event_choices":[{"damage_healed":0,"gold_gain":0,"player_choice":"Stole Relic","damage_taken":0,"relics_obtained":["Potion Belt"],"max_hp_gain":0,"max_hp_loss":0,"event_name":"Addict","floor":27,"gold_loss":0,"cards_obtained":["Pride"]}],"is_beta":false,"boss_relics":[{"not_picked":["Busted Crown","Sozu"],"picked":"Calling Bell"},{"not_picked":["Runic Pyramid","SlaversCollar"],"picked":"Empty Cage"}],"items_purged_floors":[29,40,45,53],"is_endless":false,"potions_floor_spawned":[3,4,9,11,13,15,22,31,32,36,37,48,49,52],"ascension_level":8}}