{"host":"f2zkc2gsfwbibc34","time":1613155544,"event":{"mods":["AchievementEnabler","BaseMod","Better Note","Colored Map","Colored Powertips","Defuse TimeMaze Blight","Minty Spire (QoL Compilation)","Permanent Neow","StSLib","SuperFastMode","The Necromancer"],"gold_per_floor":[115,115,190,190,206,206,219,219,290,310,329,329,347,365,365,460,460,400,93,53,67,84,84,99,99,99,110,130,130,144,175,175,273,273,285,295,12,0,0,0,50,78,78,139,170,200,212,237,249,261],"floor_reached":51,"language":"ENG","playtime":1990,"items_purged":["Defend_W","Strike_W"],"score":691,"play_id":"263118c1-535d-456c-9056-22977502039e","local_time":"20210212194544","is_ascension_mode":false,"campfire_choices":[{"data":"Summon_Vampire_Lady","floor":6,"key":"SMITH"},{"data":"Bones_to_Steel","floor":8,"key":"SMITH"},{"data":"Summon_Vampire_Lady","floor":15,"key":"SMITH"},{"data":"Summon_Death_Knight","floor":23,"key":"SMITH"},{"data":"Summon_Undead","floor":25,"key":"SMITH"},{"data":"Summon_Undead_Army","floor":29,"key":"SMITH"},{"data":"Summon_Death_Knight","floor":32,"key":"SMITH"},{"data":"Skeleton_Dragon","floor":40,"key":"SMITH"},{"data":"Shade_Step","floor":49,"key":"SMITH"}],"circlet_count":0,"master_deck":["Strike_W","Strike_W+1","Defend_W+1","Defend_W+1","Defend_W","Negative_Energy_Arrows","Bone_Wall","Summon_Vampire_Lady+1","Spectral_Walk","Bones_to_Steel+1","Life_Drain","Bone_Shift","Shade_Step+1","Summon_Vampire_Lady+1","Summon_Undead+1","Summon_Death_Knight+1","Dramatic Entrance","Acid_Javelin","Summon_Undead_Army+1","Summon_Death_Knight+1","Spectral_Armor+1","Corrupt+1","Skeleton_Dragon+1","Bone_Armory+1","Master of Strategy","Spectral_Armor+1","Skeleton_Dragon","Summon_Undead+1","Shade_Step+1"],"relics":["Vampire_Amulet","Question Card","SlaversCollar","Lantern","Bottled Lightning","TungstenRod","Coffee Dripper","Red Mask","Dead Branch","Mercury Hourglass","MawBank","Prayer Wheel"],"acts_visited":["Exordium","TheCity","TheBeyond"],"potions_floor_usage":[16,22,22,22,22,24,33,33,44,50,50],"damage_taken":[{"damage":10,"enemies":"Jaw Worm","floor":1,"turns":5},{"damage":5,"enemies":"2 Louse","floor":5,"turns":3},{"damage":0,"enemies":"Cultist","floor":7,"turns":5},{"damage":2,"enemies":"2 Fungi Beasts","floor":10,"turns":6},{"damage":18,"enemies":"Exordium Thugs","floor":11,"turns":6},{"damage":20,"enemies":"Large Slime","floor":13,"turns":10},{"damage":16,"enemies":"Red Slaver","floor":14,"turns":5},{"damage":27,"enemies":"Hexaghost","floor":16,"turns":11},{"damage":27,"enemies":"2 Thieves","floor":18,"turns":4},{"damage":31,"enemies":"3 Byrds","floor":21,"turns":5},{"damage":53,"enemies":"Cultist and Chosen","floor":22,"turns":7},{"damage":13,"enemies":"Centurion and Healer","floor":24,"turns":17},{"damage":15,"enemies":"Snake Plant","floor":27,"turns":5},{"damage":24,"enemies":"Chosen and Byrds","floor":28,"turns":6},{"damage":5,"enemies":"Centurion and Healer","floor":30,"turns":6},{"damage":26,"enemies":"Slavers","floor":31,"turns":4},{"damage":6,"enemies":"Champ","floor":33,"turns":11},{"damage":26,"enemies":"3 Darklings","floor":35,"turns":6},{"damage":24,"enemies":"3 Shapes","floor":36,"turns":5},{"damage":0,"enemies":"Mind Bloom Boss Battle","floor":41,"turns":6},{"damage":28,"enemies":"Nemesis","floor":42,"turns":7},{"damage":51,"enemies":"2 Orb Walkers","floor":44,"turns":5},{"damage":37,"enemies":"Writhing Mass","floor":45,"turns":5},{"damage":0,"enemies":"Maw","floor":46,"turns":8},{"damage":25,"enemies":"4 Shapes","floor":48,"turns":3},{"damage":59,"enemies":"Time Eater","floor":50,"turns":11}],"seed_played":"-111401629390800381","potions_obtained":[{"floor":1,"key":"FairyPotion"},{"floor":5,"key":"EntropicBrew"},{"floor":10,"key":"Swift Potion"},{"floor":11,"key":"DistilledChaos"},{"floor":16,"key":"FearPotion"},{"floor":22,"key":"Swift Potion"},{"floor":24,"key":"Fruit Juice"},{"floor":30,"key":"SpeedPotion"},{"floor":33,"key":"Dexterity Potion"},{"floor":36,"key":"GamblersBrew"},{"floor":46,"key":"Regen Potion"}],"is_trial":false,"path_per_floor":["M","?","?","?","M","R","M","R","T","M","M","?","M","M","R","B",null,"M","$","?","M","M","R","M","R","T","M","M","R","M","E","R","B",null,"M","M","$","?","$","R","?","E","T","?","M","M","?","M","R","B",null],"character_chosen":"NECROMANCER","items_purchased":["Lantern","Dramatic Entrance","Master of Strategy"],"campfire_rested":0,"item_purchase_floors":[19,19,37],"current_hp_per_floor":[75,60,49,49,54,54,65,65,65,75,75,75,75,68,68,73,75,54,54,54,51,38,38,80,80,80,80,80,80,80,78,78,80,80,80,74,74,74,74,74,80,80,80,57,46,80,80,69,69,80],"gold":273,"neow_bonus":"ONE_RANDOM_RARE_CARD","is_daily":false,"chose_seed":false,"campfire_upgraded":9,"win_rate":0.0,"timestamp":1613155544,"path_taken":["M","?","?","?","M","R","M","R","T","M","?","?","M","M","R","BOSS","M","$","?","M","?","R","M","R","T","M","M","R","M","E","R","BOSS","M","M","$","?","$","R","?","E","T","?","M","?","?","M","R","BOSS"],"items_purchased_type":["Relic","Card","Card"],"build_version":"2020-12-22","purchased_purges":2,"victory":true,"max_hp_per_floor":[75,75,75,75,75,75,75,75,75,75,75,75,75,75,75,75,75,75,75,75,75,75,75,80,80,80,80,80,80,80,80,80,80,80,80,80,80,80,80,80,80,80,80,80,80,80,80,80,80,80],"card_choices":[{"not_picked":["Strike_from_Beyond","Negative_Energy_Sphere"],"picked":"Spectral_Walk","floor":1},{"not_picked":["Shackles_Of_Pain","Negative_Energy_Burst"],"picked":"Bones_to_Steel","floor":5},{"not_picked":["Bones_to_Steel","Strike_from_Beyond"],"picked":"Life_Drain","floor":7},{"not_picked":["Blood_Curse","Violent_Necrosis","Vampiric_Strike"],"picked":"Bone_Shift","floor":10},{"not_picked":["Consume_Illness","Negative_Energy_Mist","Violent_Necrosis"],"picked":"Shade_Step","floor":11},{"not_picked":["Chill_Blood","Blood_for_Blood","Flesh_Made_Foul"],"picked":"Summon_Vampire_Lady","floor":13},{"not_picked":["Blood_Whip","Life_Tap","Blood_Curse"],"picked":"Summon_Undead","floor":14},{"not_picked":["Skeleton_Dragon","Blood_Wake","Negative_Energy_Bomb"],"picked":"Summon_Death_Knight","floor":16},{"not_picked":["Bone_Prison","Bone_Shift","Negative_Energy_Sphere+1","Scare"],"picked":"SKIP","floor":18},{"not_picked":["Death_March_Dance+1","Negative_Energy_Sphere","Deaths_Shadow","Consume_Illness"],"picked":"SKIP","floor":21},{"not_picked":["Chill_Blood","Bone_Shift","Bone_Spikes","Blood_Whip"],"picked":"SKIP","floor":22},{"not_picked":["Negative_Energy_Shield","Negative_Energy_Mist+1","Chill_Blood"],"picked":"Acid_Javelin","floor":24},{"not_picked":["Negative_Energy_Mist+1","Spectral_Walk","Bones_to_Steel"],"picked":"Summon_Undead_Army","floor":27},{"not_picked":["Consume_Illness","Vampiric_Strike+1","Bone_Shift"],"picked":"Summon_Death_Knight","floor":28},{"not_picked":["Negative_Energy_Javelin","Shackles_Of_Pain","Death_Knell"],"picked":"Spectral_Armor+1","floor":30},{"not_picked":["Consume_Illness","Negative_Energy_Shield+1","Finger_Of_Death"],"picked":"Corrupt+1","floor":31},{"not_picked":["Blood_Wake","Summon_Vampire_Lady","Hellfire"],"picked":"Skeleton_Dragon","floor":33},{"not_picked":["Negative_Energy_Shield+1","Bone_Prison","Chill_Blood+1"],"picked":"Bone_Armory+1","floor":35},{"not_picked":["Chill_Blood","Bone_Shift","Negative_Energy_Shield+1","Pandemic"],"picked":"SKIP","floor":36},{"not_picked":["Corrupt+1","Slay_Living+1","Death_March_Dance+1"],"picked":"Spectral_Armor+1","floor":41},{"not_picked":["Negative_Energy_Sphere+1","Exploit+1","Finger_Of_Death+1"],"picked":"Skeleton_Dragon","floor":42},{"not_picked":["Negative_Energy_Mist+1","Chill_Blood+1","Vampiric_Strike+1"],"picked":"Summon_Undead","floor":44},{"not_picked":["Pandemic+1","Death_Coil+1","Bone_Spikes+1","Negative_Energy_Javelin+1"],"picked":"SKIP","floor":45},{"not_picked":["Negative_Energy_Javelin+1","Scare","Bones_to_Steel","Blood_Shield+1"],"picked":"SKIP","floor":45},{"not_picked":["Bone_Shift","Chill_Blood+1","Negative_Energy_Burst+1","Skeleton_Dragon"],"picked":"SKIP","floor":46},{"not_picked":["Thousand_Bone_Knives+1","Bone_Shift","Death_March_Dance+1","Chill_Blood"],"picked":"SKIP","floor":46},{"not_picked":["Death_Coil+1","Blood_Curse+1","Bone_Shift"],"picked":"Shade_Step","floor":48},{"not_picked":["Negative_Energy_Sphere","Blood_Whip","Chill_Blood","Blood_Curse+1"],"picked":"SKIP","floor":48}],"player_experience":113185,"relics_obtained":[{"floor":9,"key":"Question Card"},{"floor":26,"key":"Bottled Lightning"},{"floor":31,"key":"TungstenRod"},{"floor":41,"key":"Dead Branch"},{"floor":42,"key":"Mercury Hourglass"},{"floor":43,"key":"MawBank"},{"floor":44,"key":"Prayer Wheel"}],"event_choices":[{"damage_healed":0,"gold_gain":0,"player_choice":"Entered Light","damage_taken":15,"max_hp_gain":0,"max_hp_loss":0,"event_name":"Shining Light","floor":2,"gold_loss":0,"cards_upgraded":["Strike_W","Defend_W"]},{"damage_healed":0,"gold_gain":75,"player_choice":"Gather Gold","damage_taken":11,"max_hp_gain":0,"max_hp_loss":0,"event_name":"World of Goop","floor":3,"gold_loss":0},{"cards_removed":["Strike_W"],"damage_healed":0,"gold_gain":0,"player_choice":"Offered Basic","damage_taken":0,"max_hp_gain":0,"max_hp_loss":0,"event_name":"Bonfire Elementals","floor":4,"gold_loss":0},{"damage_healed":0,"gold_gain":0,"player_choice":"Bought 0 Potions","damage_taken":0,"max_hp_gain":0,"max_hp_loss":0,"event_name":"The Woman in Blue","floor":12,"gold_loss":0},{"damage_healed":0,"gold_gain":0,"player_choice":"Upgraded Two","damage_taken":0,"max_hp_gain":0,"max_hp_loss":0,"event_name":"Designer","floor":20,"gold_loss":40,"cards_upgraded":["Defend_W","Shade_Step"]},{"damage_healed":0,"gold_gain":0,"player_choice":"Paid","damage_taken":0,"relics_obtained":["Red Mask"],"max_hp_gain":0,"max_hp_loss":0,"event_name":"Tomb of Lord Red Mask","floor":38,"gold_loss":12},{"damage_healed":0,"gold_gain":0,"player_choice":"Fight","damage_taken":0,"max_hp_gain":0,"max_hp_loss":0,"event_name":"MindBloom","floor":41,"gold_loss":0},{"damage_healed":0,"gold_gain":0,"player_choice":"Fight","damage_taken":0,"max_hp_gain":0,"max_hp_loss":0,"event_name":"Mysterious Sphere","floor":44,"gold_loss":0},{"damage_healed":0,"gold_gain":0,"player_choice":"Forge","damage_taken":0,"max_hp_gain":0,"max_hp_loss":0,"event_name":"Accursed Blacksmith","floor":47,"gold_loss":0,"cards_upgraded":["Summon_Undead"]}],"is_beta":false,"boss_relics":[{"not_picked":["Pandora\u0027s Box","Cursed Key"],"picked":"SlaversCollar"},{"not_picked":["Black Star","SacredBark"],"picked":"Coffee Dripper"}],"items_purged_floors":[19,37],"is_endless":false,"potions_floor_spawned":[1,5,10,11,16,21,22,24,30,33,36,41,46,48],"ascension_level":0}}