{"host":"zxxo33bmnyuz0c2o","time":1613111717,"event":{"mods":["2.2 Compatiblity","Aspiration","BaseMod","BetterRewards","Block Reminder","Colored Map","Colored Powertips","Conspire","DeckTracker","GifTheSpireLib","Hermit","Highlight Path","HornydragonMod","Hubris","Lobotomy","LobotomyExtend","Marisa¡]Ãú«B¡@Å]²z¨F¡^","Minty Spire (QoL Compilation)","Permanent Neow","Quick Restart","Random Character Button","Rare Cards Sparkle","Reimu¡]³Õ???¡^","Relic Sorter","Relic Stats","Remilia¡]Á¢¦Ì²ú?¡^","Replay The Spire","Shop Mod","StSLib","SuperFastMode","Td1madao Mod","The Administrix","The Animator","The Bug Knight","The Construct","The Disciple","The Gatherer","The Hierophant","The Servant 0.9.4","Unknown Chances","WarShipGirlsR/??¤Ö¤kR mod","Youmu¡]»î¾z§¯?¡^","Yuyuko"],"gold_per_floor":[114,130,147,147,147,182,198,198,224,238,257,257,257,280,280,405,405,429,300,300,300,215,215,166,166,166,199,223,223,223],"floor_reached":29,"language":"ZHT","playtime":1676,"items_purged":["hubris:Despair"],"score":243,"play_id":"052c38fe-7d88-4f73-af9d-2a756f33be98","local_time":"20210212143517","is_ascension_mode":false,"campfire_choices":[{"floor":8.0,"key":"REST"},{"data":"MasterSpark","floor":12.0,"key":"SMITH"},{"floor":15.0,"key":"REST"},{"data":"AsteroidBelt","floor":23.0,"key":"SMITH"}],"circlet_count":0,"master_deck":["Strike_MRS","Strike_MRS","Defend_MRS","Defend_MRS","Defend_MRS","MasterSpark+1","UpSweep","Dramatic Entrance","AsteroidBelt","BlazeAway","PowerUp","StarlightTyphoon","DC","AsteroidBelt+1","EscapeVelocity","MasterSpark+1","UnstableBomb","NonDirectionalLaser","PowerUp","UltimateShortwave","RefractionSpark","Calculated Gamble","Outmaneuver","Lust_TH","PowerUp","UltimateShortwave","hubris:DuctTapeCard","GrandCross"],"relics":["MiniHakkero","LetterFromLob","Blue Doll","Golden Idol","Prayer Wheel","Pet Ghost","aspiration:SilentSkillbook","hubris:DuctTape","hubris:Icosahedron","AmplifyWand","aspiration:Lifesprig"],"acts_visited":["Exordium","TheCity"],"potions_floor_usage":[],"damage_taken":[{"damage":0.0,"enemies":"Cultist","floor":1.0,"turns":3.0},{"damage":6.0,"enemies":"Jaw Worm","floor":2.0,"turns":3.0},{"damage":5.0,"enemies":"conspire:RoseBush","floor":3.0,"turns":3.0},{"damage":13.0,"enemies":"Replay:BlueRogue","floor":6.0,"turns":6.0},{"damage":8.0,"enemies":"Red Slaver","floor":7.0,"turns":2.0},{"damage":5.0,"enemies":"conspire:2 RoseBushes","floor":10.0,"turns":4.0},{"damage":12.0,"enemies":"Blue Slaver","floor":11.0,"turns":2.0},{"damage":0.0,"enemies":"Large Slime","floor":14.0,"turns":2.0},{"damage":31.0,"enemies":"Hexaghost","floor":16.0,"turns":7.0},{"damage":7.0,"enemies":"Shell Parasite","floor":18.0,"turns":4.0},{"damage":21.0,"enemies":"conspire:SneckoGhost","floor":27.0,"turns":7.0},{"damage":5,"enemies":"3 Byrds","floor":28,"turns":5},{"damage":0,"enemies":"Centurion and Healer","floor":29,"turns":2}],"seed_played":"6517393755861000774","potions_obtained":[{"floor":2.0,"key":"Milkshake"},{"floor":6.0,"key":"Adrenaline Potion"},{"floor":7.0,"key":"Strength Potion"},{"floor":18.0,"key":"SteroidPotion"},{"floor":28,"key":"ZuzhouPotion:ReiMu"}],"is_trial":false,"path_per_floor":["M","M","M","?","?","E","M","R","T","M","M","R","?","M","R","B",null,"M","$","?","?","?","R","$","?","T","E","M","M"],"character_chosen":"MARISA","items_purchased":["Outmaneuver","PowerUp"],"campfire_rested":2,"item_purchase_floors":[19,24],"current_hp_per_floor":[75,69,64,61,43,30,22,44,44,39,27,27,27,27,49,18,75,68,68,75,75,75,75,75,75,75,54,49,49,49],"gold":223,"neow_bonus":"RANDOM_COLORLESS","is_daily":false,"chose_seed":false,"campfire_upgraded":2,"win_rate":0.0,"timestamp":1613111717,"path_taken":["M","M","?","?","?","E","M","R","T","M","M","R","?","M","R","BOSS","M","$","?","?","?","R","$","?","T","E","?","M"],"items_purchased_type":["Card","Card"],"build_version":"2020-12-22","purchased_purges":1,"victory":false,"max_hp_per_floor":[75,75,75,75,75,75,75,75,75,75,75,75,75,75,75,75,75,75,75,75,75,75,75,75,75,75,75,75,75,75],"relic_stats":{"counters":[13,50],"Golden Idol":64,"Prayer Wheel":6,"obtain_stats":[{"AmplifyWand":26,"aspiration:Lifesprig":27,"hubris:Icosahedron":25,"hubris:DuctTape":22,"Golden Idol":5,"Blue Doll":4,"Prayer Wheel":6,"aspiration:SilentSkillbook":17,"LetterFromLob":1,"MiniHakkero":0,"Pet Ghost":9},{"AmplifyWand":10,"aspiration:Lifesprig":11,"hubris:Icosahedron":10,"hubris:DuctTape":10,"Golden Idol":3,"Blue Doll":3,"Prayer Wheel":4,"aspiration:SilentSkillbook":9,"LetterFromLob":1,"MiniHakkero":0,"Pet Ghost":5},{"AmplifyWand":36,"aspiration:Lifesprig":43,"hubris:Icosahedron":36,"hubris:DuctTape":36,"Golden Idol":9,"Blue Doll":9,"Prayer Wheel":15,"aspiration:SilentSkillbook":32,"LetterFromLob":3,"MiniHakkero":0,"Pet Ghost":17}]},"card_choices":[{"not_picked":["Swift Strike","Trip"],"picked":"Dramatic Entrance","floor":0.0},{"not_picked":["DC","FairyDestructionRay"],"picked":"GrandCross","floor":1.0},{"not_picked":["OortCloud","GalacticHalo"],"picked":"AsteroidBelt","floor":2.0},{"not_picked":["ChargeUpSpray","UnstableBomb"],"picked":"BlazeAway","floor":3.0},{"not_picked":["DoubleSpark","MeteoricShower"],"picked":"PowerUp","floor":6.0},{"not_picked":["FinalSpark","AsteroidBelt"],"picked":"StarlightTyphoon","floor":7.0},{"not_picked":["GalacticHalo","AsteroidBelt"],"picked":"GrandCross","floor":7.0},{"not_picked":["GravityBeat","Acceleration","IllusionStar"],"picked":"SKIP","floor":10.0},{"not_picked":["IllusionStar","GravityBeat","MeteoricShower"],"picked":"SKIP","floor":10.0},{"not_picked":["BlazeAway","UnstableBomb"],"picked":"DC","floor":11.0},{"not_picked":["Acceleration","GravityBeat"],"picked":"AsteroidBelt","floor":11.0},{"not_picked":["GasGiant","ChargeUpSpray"],"picked":"NonDirectionalLaser","floor":14.0},{"not_picked":["PowerUp","MysteriousBeam","Acceleration"],"picked":"SKIP","floor":14.0},{"not_picked":["MysteriousBeam","Acceleration"],"picked":"PowerUp","floor":14.0},{"not_picked":["BinaryStars","SatelliteIllusion"],"picked":"UltimateShortwave","floor":16.0},{"not_picked":["Singularity+1","DoubleSpark+1","Bane"],"picked":"RefractionSpark","floor":18.0},{"not_picked":["Finisher","PiercingWail","Acceleration"],"picked":"Calculated Gamble","floor":18.0},{"not_picked":["Bane","GalacticHalo+1","Blade Dance"],"picked":"UltimateShortwave","floor":27.0},{"not_picked":["Dagger Throw+1","UnstableBomb+1","AlicesGift"],"picked":"GrandCross","floor":28},{"not_picked":["StarlightTyphoon","Flying Knee","OneTimeOff","Acrobatics+1"],"picked":"SKIP","floor":28}],"player_experience":31813,"relics_obtained":[{"floor":1.0,"key":"LetterFromLob"},{"floor":6.0,"key":"Prayer Wheel"},{"floor":9.0,"key":"Pet Ghost"},{"floor":26.0,"key":"AmplifyWand"},{"floor":27.0,"key":"aspiration:Lifesprig"}],"event_choices":[{"damage_healed":0.0,"max_hp_gain":0.0,"max_hp_loss":0.0,"gold_gain":0.0,"event_name":"Scrap Ooze","player_choice":"Success","floor":4.0,"gold_loss":0.0,"damage_taken":3.0,"relics_obtained":["Blue Doll"]},{"damage_healed":0.0,"max_hp_gain":0.0,"max_hp_loss":0.0,"gold_gain":0.0,"event_name":"Golden Idol","player_choice":"Take Damage","floor":5.0,"gold_loss":0.0,"damage_taken":18.0,"relics_obtained":["Golden Idol"]},{"damage_healed":0.0,"max_hp_gain":0.0,"max_hp_loss":0.0,"gold_gain":0.0,"event_name":"Match and Keep!","player_choice":"4 cards matched","floor":13.0,"gold_loss":0.0,"damage_taken":0.0,"cards_obtained":["EscapeVelocity","MasterSpark","UnstableBomb","hubris:Despair"]},{"damage_healed":0.0,"max_hp_gain":0.0,"max_hp_loss":0.0,"gold_gain":0.0,"event_name":"Addict","player_choice":"Obtained Relic","floor":22.0,"gold_loss":85.0,"damage_taken":0.0,"relics_obtained":["hubris:DuctTape"]}],"is_beta":false,"boss_relics":[{"not_picked":["hubris:ScarierMask","Calling Bell"],"picked":"aspiration:SilentSkillbook"}],"items_purged_floors":[19],"is_endless":false,"potions_floor_spawned":[2,6,7,10,18,28],"killed_by":"Centurion and Healer","ascension_level":0}}