{"host":"mi0eibewekhugwl1","time":1613126529,"event":{"mods":["AchievementEnabler","BaseMod","Colored Map","Colored Powertips","DeckTracker","Keyboard Shortcuts","Minty Spire (QoL Compilation)","Quick Restart","Rare Cards Sparkle","Relic Stats","StSLib","SuperFastMode","everything is the same but u backflip on backflip"],"gold_per_floor":[112,127,139,139,150,150,162,162,162,173,98,111,111,136,136,208,208,222,54,54,54,70,70,30,58,58,58,70,99,99,134,134,207,207,217,45,0,0,18,18,18,35,110,121,140,140,40,52,52,52,52,52],"floor_reached":51,"language":"KOR","playtime":1089,"items_purged":["Strike_G+1","Strike_G+1"],"score":1464,"play_id":"6043fd8f-90ba-42f4-b786-7308db4bb73a","local_time":"20210212194209","is_ascension_mode":true,"campfire_choices":[{"data":"Caltrops","floor":6,"key":"SMITH"},{"data":"Neutralize","floor":8,"key":"SMITH"},{"data":"A Thousand Cuts","floor":13,"key":"SMITH"},{"floor":15,"key":"REST"},{"floor":23,"key":"REST"},{"data":"Footwork","floor":27,"key":"SMITH"},{"floor":30,"key":"REST"},{"data":"Noxious Fumes","floor":32,"key":"SMITH"},{"data":"Catalyst","floor":40,"key":"SMITH"},{"floor":49,"key":"RECALL"}],"circlet_count":0,"master_deck":["AscendersBane","Strike_G+1","Strike_G+1","Defend_G+1","Defend_G+1","Defend_G+1","Defend_G+1","Defend_G+1","Survivor","Neutralize+1","Dagger Throw","Dagger Spray","Caltrops+1","Riddle With Holes","Backflip","Leg Sweep+1","A Thousand Cuts+1","Die Die Die","Noxious Fumes+1","Footwork+1","Escape Plan+1","Infinite Blades","Noxious Fumes+1","Corpse Explosion","CurseOfTheBell","Choke","Footwork","Catalyst+1","Malaise","Backflip+1","Escape Plan+1"],"relics":["Ring of the Snake","Bottled Tornado","Mummified Hand","Philosopher\u0027s Stone","Bag of Preparation","Potion Belt","Ice Cream","HornCleat","War Paint","Calling Bell","Centennial Puzzle","Darkstone Periapt","FossilizedHelix","Red Mask"],"acts_visited":["Exordium","TheCity","TheBeyond"],"potions_floor_usage":[14,14,18,25,31,31,46,50,50,51,51],"damage_taken":[{"damage":0,"enemies":"2 Louse","floor":1,"turns":3},{"damage":1,"enemies":"Small Slimes","floor":2,"turns":3},{"damage":0,"enemies":"Jaw Worm","floor":3,"turns":5},{"damage":8,"enemies":"Large Slime","floor":5,"turns":7},{"damage":4,"enemies":"Blue Slaver","floor":7,"turns":5},{"damage":4,"enemies":"Lots of Slimes","floor":10,"turns":3},{"damage":0,"enemies":"Looter","floor":12,"turns":4},{"damage":30,"enemies":"Gremlin Nob","floor":14,"turns":4},{"damage":32,"enemies":"The Guardian","floor":16,"turns":14},{"damage":13,"enemies":"Shell Parasite","floor":18,"turns":4},{"damage":0,"enemies":"Chosen","floor":22,"turns":3},{"damage":10,"enemies":"Slavers","floor":25,"turns":4},{"damage":16,"enemies":"Sentry and Sphere","floor":28,"turns":4},{"damage":13,"enemies":"Gremlin Leader","floor":29,"turns":4},{"damage":7,"enemies":"Book of Stabbing","floor":31,"turns":4},{"damage":48,"enemies":"Collector","floor":33,"turns":10},{"damage":0,"enemies":"Orb Walker","floor":35,"turns":4},{"damage":9,"enemies":"3 Darklings","floor":39,"turns":2},{"damage":0,"enemies":"Spire Growth","floor":42,"turns":6},{"damage":12,"enemies":"Transient","floor":44,"turns":6},{"damage":0,"enemies":"3 Darklings","floor":45,"turns":2},{"damage":18,"enemies":"Spire Growth","floor":48,"turns":5},{"damage":0,"enemies":"Donu and Deca","floor":50,"turns":7},{"damage":36,"enemies":"Awakened One","floor":51,"turns":5}],"seed_played":"-5318298212103379685","potions_obtained":[{"floor":1,"key":"SpeedPotion"},{"floor":5,"key":"DistilledChaos"},{"floor":12,"key":"BlessingOfTheForge"},{"floor":16,"key":"AttackPotion"},{"floor":24,"key":"PowerPotion"},{"floor":24,"key":"DuplicationPotion"},{"floor":25,"key":"Explosive Potion"},{"floor":29,"key":"Poison Potion"},{"floor":31,"key":"FairyPotion"},{"floor":35,"key":"DuplicationPotion"},{"floor":39,"key":"Dexterity Potion"},{"floor":46,"key":"Fruit Juice"},{"floor":46,"key":"Swift Potion"},{"floor":48,"key":"PowerPotion"}],"is_trial":false,"path_per_floor":["M","M","M","?","M","R","M","R","T","M","?","M","R","E","R","B",null,"M","$","?","?","M","R","?","E","T","R","M","E","R","E","R","B",null,"M","$","?","?","M","R","$","M","T","M","M","?","$","M","R","B","B"],"character_chosen":"THE_SILENT","items_purchased":["Bag of Preparation","Footwork","Dodge and Roll"],"campfire_rested":3,"item_purchase_floors":[19,36,36],"current_hp_per_floor":[65,64,64,69,61,61,57,57,57,53,53,53,53,23,46,14,61,48,48,48,48,48,71,71,61,61,61,45,32,55,48,48,23,64,64,64,64,64,55,55,55,55,55,43,43,48,48,30,30,30,0,0],"gold":52,"neow_bonus":"TEN_PERCENT_HP_BONUS","is_daily":false,"chose_seed":false,"campfire_upgraded":6,"win_rate":0.0,"timestamp":1613126529,"path_taken":["M","M","M","?","M","R","M","R","T","M","?","M","R","E","R","BOSS","M","$","?","?","M","R","?","E","T","R","M","E","R","E","R","BOSS","M","?","?","?","M","R","$","M","T","?","M","?","?","M","R","BOSS","BOSS"],"items_purchased_type":["Relic","Card","Card"],"build_version":"2020-12-22","purchased_purges":2,"victory":false,"max_hp_per_floor":[72,72,72,77,77,77,77,77,77,77,77,77,77,77,77,77,77,77,77,77,77,77,77,77,77,77,77,77,77,77,77,77,77,77,77,77,77,77,77,77,77,77,77,77,77,82,82,82,82,82,82,82],"relic_stats":{"Darkstone Periapt":0,"Centennial Puzzle":[12],"counters":[24,118],"Mummified Hand":[91],"Bag of Preparation":[28],"War Paint":["Escape Plan","Leg Sweep"],"obtain_stats":[{"Potion Belt":25,"Ice Cream":26,"Darkstone Periapt":34,"Bag of Preparation":19,"Bottled Tornado":9,"War Paint":31,"Calling Bell":34,"Centennial Puzzle":34,"HornCleat":29,"Mummified Hand":14,"Philosopher\u0027s Stone":17,"Red Mask":37,"FossilizedHelix":34,"Ring of the Snake":0},{"Potion Belt":12,"Ice Cream":12,"Darkstone Periapt":16,"Bag of Preparation":10,"Bottled Tornado":5,"War Paint":15,"Calling Bell":16,"Centennial Puzzle":16,"HornCleat":14,"Mummified Hand":8,"Philosopher\u0027s Stone":9,"Red Mask":17,"FossilizedHelix":16,"Ring of the Snake":0},{"Potion Belt":59,"Ice Cream":59,"Darkstone Periapt":81,"Bag of Preparation":52,"Bottled Tornado":23,"War Paint":71,"Calling Bell":81,"Centennial Puzzle":81,"HornCleat":67,"Mummified Hand":34,"Philosopher\u0027s Stone":48,"Red Mask":85,"FossilizedHelix":81,"Ring of the Snake":0}],"Ring of the Snake":[48]},"card_choices":[{"not_picked":["Leg Sweep","Underhanded Strike"],"picked":"Dagger Throw","floor":1},{"not_picked":["Concentrate","Deflect"],"picked":"Dagger Spray","floor":2},{"not_picked":["Infinite Blades","Reflex"],"picked":"Caltrops","floor":3},{"not_picked":["Cloak And Dagger","Slice"],"picked":"Riddle With Holes","floor":5},{"not_picked":["Underhanded Strike","Unload"],"picked":"Backflip","floor":7},{"not_picked":["Deadly Poison","Bane"],"picked":"Leg Sweep","floor":10},{"not_picked":["Dash","Underhanded Strike"],"picked":"A Thousand Cuts","floor":12},{"not_picked":["PiercingWail","Quick Slash","Dagger Spray"],"picked":"SKIP","floor":14},{"not_picked":["Unload","Glass Knife"],"picked":"Die Die Die","floor":16},{"not_picked":["Quick Slash","Outmaneuver"],"picked":"Noxious Fumes","floor":18},{"not_picked":["Outmaneuver","Quick Slash"],"picked":"Footwork","floor":22},{"not_picked":["Dagger Spray","Blur"],"picked":"Escape Plan","floor":25},{"not_picked":["PiercingWail","Dagger Spray"],"picked":"Infinite Blades","floor":28},{"not_picked":["Skewer","Dagger Spray","Sucker Punch+1"],"picked":"SKIP","floor":29},{"not_picked":["Riddle With Holes","Quick Slash"],"picked":"Noxious Fumes+1","floor":31},{"not_picked":["Die Die Die","Grand Finale"],"picked":"Corpse Explosion","floor":33},{"not_picked":["Flying Knee","Underhanded Strike"],"picked":"Choke","floor":35},{"not_picked":["Blade Dance+1","Quick Slash+1"],"picked":"Catalyst","floor":39},{"not_picked":["Deflect","Outmaneuver+1"],"picked":"Malaise","floor":42},{"not_picked":["PiercingWail+1","Poisoned Stab"],"picked":"Backflip+1","floor":44},{"not_picked":["Reflex","Quick Slash+1","Dagger Throw"],"picked":"SKIP","floor":45},{"not_picked":["Flying Knee+1","Backstab"],"picked":"Escape Plan+1","floor":48}],"player_experience":1800287,"relics_obtained":[{"floor":9,"key":"Bottled Tornado"},{"floor":14,"key":"Mummified Hand"},{"floor":25,"key":"Potion Belt"},{"floor":26,"key":"Ice Cream"},{"floor":29,"key":"HornCleat"},{"floor":31,"key":"War Paint"},{"floor":34,"key":"Centennial Puzzle"},{"floor":34,"key":"Darkstone Periapt"},{"floor":34,"key":"FossilizedHelix"}],"event_choices":[{"damage_healed":0,"gold_gain":0,"player_choice":"Donut","damage_taken":0,"max_hp_gain":5,"max_hp_loss":0,"event_name":"Big Fish","floor":4,"gold_loss":0},{"cards_removed":["Strike_G"],"damage_healed":0,"gold_gain":0,"player_choice":"Card Removal","damage_taken":0,"max_hp_gain":0,"max_hp_loss":0,"event_name":"The Cleric","floor":11,"gold_loss":75},{"damage_healed":0,"gold_gain":0,"player_choice":"Ignored","damage_taken":0,"max_hp_gain":0,"max_hp_loss":0,"event_name":"Cursed Tome","floor":20,"gold_loss":0},{"damage_healed":0,"gold_gain":0,"player_choice":"Simplicity","damage_taken":0,"max_hp_gain":0,"max_hp_loss":0,"event_name":"Back to Basics","floor":21,"gold_loss":0,"cards_upgraded":["Strike_G","Strike_G","Strike_G","Strike_G","Defend_G","Defend_G","Defend_G","Defend_G","Defend_G"]},{"damage_healed":0,"gold_gain":0,"player_choice":"Bought 3 Potions","damage_taken":0,"max_hp_gain":0,"max_hp_loss":0,"event_name":"The Woman in Blue","floor":24,"gold_loss":0},{"damage_healed":0,"gold_gain":0,"player_choice":"Paid","damage_taken":0,"relics_obtained":["Red Mask"],"max_hp_gain":0,"max_hp_loss":0,"event_name":"Tomb of Lord Red Mask","floor":37,"gold_loss":45},{"cards_removed":["Dodge and Roll"],"damage_healed":0,"gold_gain":0,"player_choice":"Removed Skill","damage_taken":0,"max_hp_gain":0,"max_hp_loss":0,"event_name":"Falling","floor":38,"gold_loss":0},{"damage_healed":0,"gold_gain":0,"player_choice":"Got Potions","damage_taken":0,"max_hp_gain":0,"max_hp_loss":0,"event_name":"Lab","floor":46,"gold_loss":0}],"is_beta":false,"boss_relics":[{"not_picked":["Tiny House","Empty Cage"],"picked":"Philosopher\u0027s Stone"},{"not_picked":["Coffee Dripper","Snecko Eye"],"picked":"Calling Bell"}],"items_purged_floors":[36,47],"is_endless":false,"potions_floor_spawned":[1,5,12,16,25,29,31,35,39,48],"killed_by":"Awakened One","ascension_level":20}}