{"host":"x1d9cj1vze2ie4yu","time":1613108989,"event":{"mods":["Act Like it!","BaseMod","Better Vampires","Conspire","Minty Spire (QoL Compilation)","Pale of the Ancients","Permanent Neow","Relic Stats","Reliquary","Replay The Spire","Spicy Shops","StSLib","[IsaacMod]以撒尖塔","【功能Mod】聪明的最终Boss"],"gold_per_floor":[109,109,125,125,125,125,151,162,209,239,251,269,299,26,26,124,124,155,168,194,194,204,230,265,290,317,9,9,9,9],"floor_reached":29,"language":"ZHS","playtime":1148,"items_purged":["Defend_R","Clumsy"],"score":713,"play_id":"bd99a983-d7b0-4187-97ed-a57c887edb43","local_time":"20210212134949","is_ascension_mode":true,"campfire_choices":[{"data":"EpicFetus","floor":6.0,"key":"SMITH"},{"data":"Shrug It Off","floor":28.0,"key":"SMITH"}],"circlet_count":0,"master_deck":["Strike_R","Strike_R","Strike_R","Strike_R","Strike_R","Bash+1","EpicFetus+1","Perfected Strike+1","Feed","Searing Blow","Shrug It Off+1"],"relics":["Burning Blood","HushsDoor","SteamSale","reliquary:PrincelyHelmet","SharpPlug","reliquary:RoseTintedGlasses","Mercury Hourglass","TheAbacus","Ancient Tea Set","reliquary:Buckler","CultistMask","Replay:Grab Bag","Philosopher\u0027s Stone","ChampionBelt","conspire:SpecialSausage","reliquary:SilkGlove","Pen Nib","Mango","Red Mask","reliquary:Boomerang","UnicornStump","King of Hearts","Habit"],"acts_visited":["TheCity"],"potions_floor_usage":[],"damage_taken":[{"damage":10.0,"enemies":"2 Louse","floor":1.0,"turns":4.0},{"damage":22.0,"enemies":"Small Slimes","floor":3.0,"turns":3.0},{"damage":32.0,"enemies":"3 Sentries","floor":7.0,"turns":5.0},{"damage":6.0,"enemies":"Cultist","floor":8.0,"turns":3.0},{"damage":0.0,"enemies":"Gremlin Nob","floor":10.0,"turns":3.0},{"damage":18.0,"enemies":"Exordium Thugs","floor":11.0,"turns":4.0},{"damage":6.0,"enemies":"3 Louse","floor":12.0,"turns":3.0},{"damage":2.0,"enemies":"Lagavulin","floor":13.0,"turns":4.0},{"damage":19.0,"enemies":"The Guardian","floor":16.0,"turns":6.0},{"damage":34.0,"enemies":"conspire:SneckoGhost","floor":18.0,"turns":4.0},{"damage":2.0,"enemies":"Spheric Guardian","floor":19.0,"turns":3.0},{"damage":40.0,"enemies":"Slavers","floor":20.0,"turns":5.0},{"damage":0.0,"enemies":"Chosen","floor":22.0,"turns":2.0},{"damage":11.0,"enemies":"conspire:SneckoGhost","floor":23.0,"turns":4.0},{"damage":5.0,"enemies":"Masked Bandits","floor":24.0,"turns":3.0},{"damage":13.0,"enemies":"conspire:Head Lice","floor":25.0,"turns":4.0},{"damage":24,"enemies":"Book of Stabbing","floor":29,"turns":2}],"seed_played":"-5712657299025388586","potions_obtained":[{"floor":1.0,"key":"BloodPotion"},{"floor":7.0,"key":"SteroidPotion"},{"floor":8.0,"key":"GamblersBrew"},{"floor":13.0,"key":"conspire:TimeTravelPotion"},{"floor":19.0,"key":"BlessingOfTheForge"}],"is_trial":false,"path_per_floor":["M","?","M","T","?","R","E","M","T","E","M","M","E","$","R","B",null,"M","M","M","?","M","E","?","E","T","$","R","M"],"character_chosen":"IRONCLAD","items_purchased":["TheAbacus","Ancient Tea Set","reliquary:Buckler","UnicornStump","King of Hearts","Habit"],"campfire_rested":0,"item_purchase_floors":[14,14,14,27,27,27],"current_hp_per_floor":[63,56,40,40,40,40,14,14,14,20,8,8,12,12,12,8,62,34,41,10,10,16,25,29,22,22,22,22,0,0],"gold":9,"neow_bonus":"RANDOM_COLORLESS_2","is_daily":false,"chose_seed":false,"campfire_upgraded":2,"win_rate":0.0,"timestamp":1613108989,"path_taken":["M","?","?","?","?","R","E","M","T","E","?","M","E","?","R","BOSS","M","M","?","?","M","E","?","E","T","?","R","M"],"items_purchased_type":["Relic","Relic","Relic","Relic","Relic","Relic"],"build_version":"2020-12-22","purchased_purges":2,"victory":false,"max_hp_per_floor":[80,80,80,80,80,80,80,80,80,80,80,80,80,80,80,80,80,80,83,86,86,86,100,103,103,103,103,103,103,103],"relic_stats":{"TheAbacus":[72],"counters":[17,62],"Pen Nib":[3],"obtain_stats":[{"KeepersGift":0,"UnicornStump":27,"reliquary:SilkGlove":18,"reliquary:Boomerang":25,"reliquary:PrincelyHelmet":4,"Replay:Grab Bag":17,"SharpPlug":7,"conspire:SpecialSausage":17,"Mango":23,"Pen Nib":20,"King of Hearts":27,"SteamSale":0,"Ancient Tea Set":14,"Burning Blood":0,"Mercury Hourglass":10,"Habit":27,"TheAbacus":14,"ChampionBelt":17,"reliquary:Buckler":14,"Philosopher\u0027s Stone":17,"reliquary:RoseTintedGlasses":9,"CultistMask":15,"Red Mask":24,"HushsDoor":0},{"KeepersGift":0,"UnicornStump":16,"reliquary:SilkGlove":10,"reliquary:Boomerang":16,"reliquary:PrincelyHelmet":2,"Replay:Grab Bag":9,"SharpPlug":3,"conspire:SpecialSausage":9,"Mango":14,"Pen Nib":12,"King of Hearts":16,"SteamSale":0,"Ancient Tea Set":8,"Burning Blood":0,"Mercury Hourglass":5,"Habit":16,"TheAbacus":8,"ChampionBelt":9,"reliquary:Buckler":8,"Philosopher\u0027s Stone":9,"reliquary:RoseTintedGlasses":4,"CultistMask":8,"Red Mask":15,"HushsDoor":0},{"KeepersGift":0,"UnicornStump":60,"reliquary:SilkGlove":39,"reliquary:Boomerang":60,"reliquary:PrincelyHelmet":7,"Replay:Grab Bag":35,"SharpPlug":12,"conspire:SpecialSausage":35,"Mango":53,"Pen Nib":47,"King of Hearts":60,"SteamSale":0,"Ancient Tea Set":29,"Burning Blood":0,"Mercury Hourglass":18,"Habit":60,"TheAbacus":29,"ChampionBelt":35,"reliquary:Buckler":29,"Philosopher\u0027s Stone":35,"reliquary:RoseTintedGlasses":15,"CultistMask":29,"Red Mask":56,"HushsDoor":0}],"Burning Blood":96,"Mercury Hourglass":[161]},"card_choices":[{"not_picked":["Secret Technique","Violence"],"picked":"EpicFetus","floor":0.0},{"not_picked":["Twin Strike","Run Through"],"picked":"Perfected Strike","floor":1.0},{"not_picked":["Anger","ReplayTheSpireMod:Muscle Training","Headbutt"],"picked":"SKIP","floor":3.0},{"not_picked":["Rampage","Disarm","Run Through"],"picked":"SKIP","floor":7.0},{"not_picked":["Entrench","Twin Strike","ReplayTheSpireMod:Muscle Training"],"picked":"SKIP","floor":8.0},{"not_picked":["Entrench","Body Slam","Rupture"],"picked":"SKIP","floor":10.0},{"not_picked":["Headbutt","Entrench","Ghostly Armor"],"picked":"SKIP","floor":11.0},{"not_picked":["True Grit","Wild Strike","Shockwave"],"picked":"SKIP","floor":12.0},{"not_picked":["Burning Pact","Heavy Blade","Anger"],"picked":"SKIP","floor":13.0},{"not_picked":["Berserk","Exhume"],"picked":"Feed","floor":16.0},{"not_picked":["Heavy Blade","Intimidate","Clothesline"],"picked":"SKIP","floor":18.0},{"not_picked":["Flex","ReplayTheSpireMod:Muscle Training+1"],"picked":"Searing Blow","floor":19.0},{"not_picked":["Hemogenesis","Blood for Blood+1","Flex"],"picked":"SKIP","floor":20.0},{"not_picked":["Shrug It Off","Entrench+1","Cleave"],"picked":"SKIP","floor":22.0},{"not_picked":["Entrench+1","Cleave"],"picked":"Shrug It Off","floor":22.0},{"not_picked":["Pummel","Replay:Undeath\u0027s Touch","Replay:Many Hands"],"picked":"SKIP","floor":23.0},{"not_picked":["Sword Boomerang","Run Through+1","Hemokinesis"],"picked":"SKIP","floor":25.0}],"player_experience":78397,"relics_obtained":[{"floor":4.0,"key":"reliquary:PrincelyHelmet"},{"floor":7.0,"key":"SharpPlug"},{"floor":9.0,"key":"reliquary:RoseTintedGlasses"},{"floor":10.0,"key":"Mercury Hourglass"},{"floor":18.0,"key":"reliquary:SilkGlove"},{"floor":20.0,"key":"Pen Nib"},{"floor":23.0,"key":"Mango"},{"floor":24.0,"key":"Red Mask"},{"floor":25.0,"key":"reliquary:Boomerang"}],"event_choices":[{"cards_removed":["Defend_R"],"damage_healed":0.0,"max_hp_gain":0.0,"max_hp_loss":0.0,"gold_gain":0.0,"event_name":"Golden Wing","player_choice":"Card Removal","floor":2.0,"gold_loss":0.0,"damage_taken":7.0},{"cards_removed":["Defend_R"],"damage_healed":0.0,"max_hp_gain":0.0,"max_hp_loss":0.0,"gold_gain":0.0,"event_name":"Purifier","player_choice":"Purged","floor":5.0,"gold_loss":0.0,"damage_taken":0.0},{"damage_healed":0.0,"max_hp_gain":0.0,"max_hp_loss":0.0,"gold_gain":0.0,"event_name":"FaceTrader","player_choice":"Trade","floor":15.0,"gold_loss":0.0,"damage_taken":0.0,"relics_obtained":["CultistMask"]},{"cards_removed":["Defend_R"],"damage_healed":0.0,"max_hp_gain":0.0,"max_hp_loss":0.0,"gold_gain":0.0,"event_name":"Back to Basics","player_choice":"Elegance","floor":21.0,"gold_loss":0.0,"damage_taken":0.0},{"damage_healed":0.0,"max_hp_gain":0.0,"max_hp_loss":0.0,"gold_gain":0.0,"event_name":"Masked Bandits","player_choice":"Fought Bandits","floor":24.0,"gold_loss":0.0,"damage_taken":0.0}],"is_beta":false,"boss_relics":[{"not_picked":["SlaversCollar","reliquary:Craggleroot"],"picked":"Replay:Grab Bag"},{"not_picked":["Cursed Key","Ooze Armor"],"picked":"Philosopher\u0027s Stone"},{"not_picked":["Fusion Hammer","Velvet Choker"],"picked":"ChampionBelt"},{"not_picked":["Empty Cage","Ring of Chaos"],"picked":"conspire:SpecialSausage"},{"not_picked":[]}],"items_purged_floors":[14,27],"is_endless":false,"potions_floor_spawned":[1,7,8,13,19],"killed_by":"Book of Stabbing","ascension_level":20}}