{"host":"zjc1tzo4ovig5lll","time":1613141563,"event":{"mods":["AchievementEnabler","Aspiration","BaseMod","Beaked The Cultist","Better Altar","Better Match","Better Note","Better Sensory Stone","Colored Map","Colored Powertips","Conspire","Energized Spire","Friendly Minions","GifTheSpireLib","Halation","Hermit","Hubris","Minty Spire (QoL Compilation)","Rare Cards Sparkle","Reliquary","Replay The Spire","StSLib","The Blue Laboratory","The Bug Knight","The Construct","The Jungle","everything is the same but u backflip on backflip"],"gold_per_floor":[212,224,147,147,159,159,178,118,118,118,43,63,63,91,91,186,186,197,105,105,125,139,139,64,64,64,64,64,64,84,102,102,202,202,219,119,119,119],"floor_reached":37,"language":"ENG","playtime":1570,"items_purged":["hermit:Snipe","hermit:Strike_Hermit"],"score":440,"play_id":"97415e8c-96ed-412a-8548-9e61ecf57212","local_time":"20210212165243","is_ascension_mode":true,"campfire_choices":[{"data":"hermit:Brawl","floor":10,"key":"SMITH"},{"floor":15,"key":"REST"},{"data":"hermit:FlashPowder","floor":23,"key":"SMITH"},{"floor":25,"key":"RECALL"},{"floor":27,"key":"REST"},{"data":"Neutralize","floor":32,"key":"SMITH"}],"circlet_count":0,"master_deck":["hermit:Defend_Hermit","hermit:Defend_Hermit","hermit:Defend_Hermit","hermit:Snapshot","hermit:Covet","hermit:HighCaliber","hermit:FlashPowder+1","hermit:HoleUp","hermit:Roulette","hermit:Brawl+1","hermit:Brawl","hermit:Roulette+1","Crow Ritual+1","hermit:LoneWolf","hermit:FlashPowder+1","hermit:HoleUp","Neutralize+1","ReplayTheSpireMod:From All Sides","Storm of Steel"],"relics":["hermit:Momento","hubris:Towel","ReplayTheSpireMod:Shallot","Ginger","BranchBurnRelic","Sozu","Pantograph","aspiration:RitualDagger"],"acts_visited":["Exordium","Exordium","TheBeyond"],"potions_floor_usage":[],"damage_taken":[{"damage":6,"enemies":"Small Slimes","floor":1,"turns":3},{"damage":7,"enemies":"Jaw Worm","floor":2,"turns":3},{"damage":0,"enemies":"Cultist","floor":5,"turns":3},{"damage":1,"enemies":"2 Fungi Beasts","floor":7,"turns":3},{"damage":0,"enemies":"3 Louse","floor":12,"turns":3},{"damage":14,"enemies":"Replay:BlueRogue","floor":14,"turns":6},{"damage":25,"enemies":"Hexaghost","floor":16,"turns":6},{"damage":11,"enemies":"Shell Parasite","floor":18,"turns":6},{"damage":11,"enemies":"theJungle:5_Spyders","floor":21,"turns":8},{"damage":4,"enemies":"theJungle:JungleHuntersEncounter","floor":22,"turns":7},{"damage":11,"enemies":"theJungle:Lyon","floor":30,"turns":4},{"damage":4,"enemies":"theJungle:SlimyTreeVines","floor":31,"turns":5},{"damage":11,"enemies":"theJungle:FunGuy","floor":33,"turns":9},{"damage":53,"enemies":"Orb Walker","floor":35,"turns":6},{"damage":106,"enemies":"3 Shapes","floor":37,"turns":5}],"seed_played":"997685127117570743","potions_obtained":[{"floor":5,"key":"blueLaboratory:FrostheartPotion"},{"floor":14,"key":"Energy Potion"}],"is_trial":false,"path_per_floor":["M","M","$","?","M","?","M","$","T","R","?","M","?","E","R","B",null,"M","$","?","M","M","R","$","R","T","R","$","?","M","M","R","B",null,"M","$","M"],"character_chosen":"HERMIT","items_purchased":["hermit:FlashPowder","hermit:Brawl","hermit:FlashPowder","hermit:HoleUp"],"campfire_rested":2,"item_purchase_floors":[3,8,19,19],"current_hp_per_floor":[69,62,62,62,62,62,61,61,61,61,61,61,49,35,57,47,75,64,64,64,53,49,49,49,49,49,71,71,71,64,66,66,70,75,22,22,0,0],"gold":119,"neow_bonus":"HUNDRED_GOLD","is_daily":false,"chose_seed":false,"campfire_upgraded":3,"win_rate":0.0,"timestamp":1613141563,"path_taken":["M","M","$","?","M","?","M","$","T","R","?","M","?","E","R","BOSS","M","$","?","M","M","R","$","R","T","R","?","?","M","M","R","BOSS","M","$","M"],"items_purchased_type":["Card","Card","Card","Card"],"build_version":"2020-12-22","purchased_purges":2,"victory":false,"max_hp_per_floor":[75,75,75,75,75,75,75,75,75,75,75,75,75,75,75,75,75,75,75,75,75,75,75,75,75,75,75,75,75,75,75,75,75,75,75,75,75,75],"card_choices":[{"not_picked":["hermit:Snipe","hermit:Virtue"],"picked":"hermit:HighCaliber","floor":1},{"not_picked":["hermit:ItchyTrigger","hermit:Showdown","hermit:Vantage"],"picked":"SKIP","floor":2},{"not_picked":["hermit:CalledShot","hermit:TrackingShot"],"picked":"hermit:HoleUp","floor":5},{"not_picked":["hermit:TrackingShot","hermit:Ricochet"],"picked":"hermit:Roulette","floor":7},{"not_picked":["hermit:HoleUp+1","hermit:HighCaliber+1"],"picked":"hermit:Roulette+1","floor":11},{"not_picked":["Thinking Ahead+1","ReplayTheSpireMod:Necrogeddon+1"],"picked":"Crow Ritual+1","floor":11},{"not_picked":["hermit:Midnight","hermit:ShadowCloak"],"picked":"hermit:LoneWolf","floor":12},{"not_picked":["hermit:LuckOfTheDraw","hermit:ItchyTrigger","hermit:Glare"],"picked":"SKIP","floor":14},{"not_picked":["hermit:LuckOfTheDraw","hermit:ItchyTrigger","hermit:Glare"],"picked":"SKIP","floor":14},{"not_picked":["hermit:Misfire","hermit:Grudge+1","hermit:Coalescence"],"picked":"SKIP","floor":18},{"not_picked":["hermit:Feint+1","hermit:Horror+1","hermit:Headshot+1"],"picked":"SKIP","floor":21},{"not_picked":["hermit:Maintenance","hermit:SprayPray","hermit:Snipe"],"picked":"SKIP","floor":22},{"not_picked":["hermit:TrackingShot","hermit:Reprieve","hermit:Deadeye"],"picked":"SKIP","floor":30},{"not_picked":["hermit:SprayPray+1","hermit:CalledShot","hermit:Ricochet"],"picked":"SKIP","floor":31},{"not_picked":["hermit:Enervate+1","hermit:Ricochet","hermit:CalledShot"],"picked":"SKIP","floor":35}],"player_experience":718462,"relics_obtained":[{"floor":9,"key":"ReplayTheSpireMod:Shallot"},{"floor":14,"key":"Ginger"},{"floor":26,"key":"Pantograph"}],"event_choices":[{"damage_healed":0,"gold_gain":0,"player_choice":"Grow","damage_taken":0,"max_hp_gain":0,"max_hp_loss":0,"event_name":"Living Wall","floor":4,"gold_loss":0,"cards_upgraded":["hermit:FlashPowder"]},{"damage_healed":0,"gold_gain":0,"player_choice":"2","damage_taken":0,"max_hp_gain":0,"max_hp_loss":0,"event_name":"betterMatch:BetterMatch","floor":11,"gold_loss":0,"cards_obtained":["betterMatch:CommonCard","betterMatch:ColorlessRareCard"]},{"damage_healed":0,"gold_gain":0,"player_choice":"Success","damage_taken":12,"relics_obtained":["Dead Branch"],"max_hp_gain":0,"max_hp_loss":0,"event_name":"Scrap Ooze","floor":13,"gold_loss":0},{"damage_healed":0,"gold_gain":0,"cards_transformed":["hermit:Strike_Hermit"],"player_choice":"Transformed","damage_taken":0,"max_hp_gain":0,"max_hp_loss":0,"event_name":"Transmorgrifier","floor":20,"gold_loss":0,"cards_obtained":["hermit:Snipe"]}],"is_beta":false,"boss_relics":[{"not_picked":["Abe\u0027s Treasure","Tiny House"],"picked":"Sozu"},{"not_picked":["hermit:BartenderGlass","Pandora\u0027s Box"],"picked":"aspiration:RitualDagger"}],"items_purged_floors":[24,36],"is_endless":false,"potions_floor_spawned":[5,12,14,21,22,31],"killed_by":"3 Shapes","ascension_level":4}}