{"host":"y3h3n3f7seyagppx","time":1613155415,"event":{"mods":["AlwaysNeverKeys","BaseMod","Better Vampires","Colored Powertips","DeckTracker","Emptier Cage","Minty Spire (QoL Compilation)","Permanent Neow","Quick Restart","Rare Cards Sparkle","Relic Sorter","Relic Stats","StSLib","Transform Curses"],"gold_per_floor":[114,125,125,49,49,85,105,136,136,172,247,347,19,60,60,149,149,163,163,2,2,2,2,2,2],"floor_reached":24,"language":"ENG","playtime":2390,"items_purged":[],"score":486,"play_id":"bff380fd-3774-44d5-a05b-3183380faf2d","local_time":"20210212134335","is_ascension_mode":true,"campfire_choices":[{"data":"Impervious","floor":15,"key":"SMITH"},{"data":"Barricade","floor":23,"key":"SMITH"}],"circlet_count":0,"master_deck":["AscendersBane","Strike_R+1","Strike_R+1","Strike_R+1","Strike_R+1","Strike_R+1","Defend_R+1","Defend_R+1","Defend_R+1","Defend_R+1","Bash","Shrug It Off","Dropkick","Battle Trance","Barricade+1","Pummel","Flame Barrier","Impervious+1","Shrug It Off","Offering","Headbutt","RitualDagger"],"relics":["Burning Blood","NeowsBlessing","Bloody Idol","Red Skull","Bag of Preparation","Bottled Lightning","Lee\u0027s Waffle","Centennial Puzzle","Ice Cream","Cursed Key","Strange Spoon"],"acts_visited":["Exordium","TheCity"],"potions_floor_usage":[10,16,24],"damage_taken":[{"damage":0,"enemies":"Cultist","floor":1,"turns":1},{"damage":0,"enemies":"Jaw Worm","floor":2,"turns":1},{"damage":0,"enemies":"3 Sentries","floor":6,"turns":2},{"damage":0,"enemies":"Small Slimes","floor":7,"turns":5},{"damage":27,"enemies":"Lagavulin","floor":8,"turns":7},{"damage":28,"enemies":"Gremlin Nob","floor":10,"turns":4},{"damage":21,"enemies":"Lagavulin","floor":14,"turns":10},{"damage":29,"enemies":"Hexaghost","floor":16,"turns":11},{"damage":6,"enemies":"Shell Parasite","floor":18,"turns":13},{"damage":87,"enemies":"Gremlin Leader","floor":24,"turns":9}],"seed_played":"-6163183771994098582","potions_obtained":[{"floor":2,"key":"SpeedPotion"},{"floor":6,"key":"LiquidMemories"},{"floor":14,"key":"LiquidBronze"},{"floor":16,"key":"Dexterity Potion"}],"is_trial":false,"path_per_floor":["M","M","?","$","?","E","M","E","T","E","?","?","$","E","R","B",null,"M","?","$","?","?","R","E"],"character_chosen":"IRONCLAD","items_purchased":["Battle Trance","Lee\u0027s Waffle","Centennial Puzzle","Strange Spoon"],"campfire_rested":0,"item_purchase_floors":[4,13,13,20],"current_hp_per_floor":[74,75,49,49,49,55,61,40,40,18,7,7,82,67,67,44,73,73,73,73,67,67,67,0,0],"gold":2,"neow_bonus":"THREE_ENEMY_KILL","is_daily":false,"chose_seed":false,"campfire_upgraded":2,"win_rate":0.0,"timestamp":1613155415,"path_taken":["M","?","?","$","?","E","?","E","T","E","?","?","$","E","R","BOSS","M","?","$","?","?","R","E"],"items_purchased_type":["Card","Relic","Relic","Relic"],"build_version":"2020-12-22","purchased_purges":0,"victory":false,"max_hp_per_floor":[75,75,75,75,75,75,75,75,75,75,75,75,82,82,82,82,82,82,82,82,82,82,82,82,82],"relic_stats":{"Strange Spoon":[1],"Lee\u0027s Waffle":75,"Centennial Puzzle":[12],"counters":[10,63],"Bloody Idol":0,"Bag of Preparation":[10],"Cursed Key":0,"obtain_stats":[{"Ice Cream":14,"Strange Spoon":20,"Lee\u0027s Waffle":13,"Centennial Puzzle":13,"NeowsBlessing":0,"Golden Idol":3,"Bloody Idol":22,"Bag of Preparation":9,"Bottled Lightning":10,"Cursed Key":17,"Burning Blood":0,"Red Skull":6},{"Ice Cream":7,"Strange Spoon":9,"Lee\u0027s Waffle":6,"Centennial Puzzle":6,"NeowsBlessing":0,"Golden Idol":2,"Bloody Idol":9,"Bag of Preparation":5,"Bottled Lightning":6,"Cursed Key":8,"Burning Blood":0,"Red Skull":3},{"Ice Cream":30,"Strange Spoon":54,"Lee\u0027s Waffle":20,"Centennial Puzzle":20,"NeowsBlessing":0,"Golden Idol":2,"Bloody Idol":54,"Bag of Preparation":16,"Bottled Lightning":20,"Cursed Key":41,"Burning Blood":0,"Red Skull":4}],"Burning Blood":49},"card_choices":[{"not_picked":["Flex","Headbutt"],"picked":"Shrug It Off","floor":1},{"not_picked":["Dual Wield","Body Slam"],"picked":"Dropkick","floor":2},{"not_picked":["Iron Wave","Ghostly Armor"],"picked":"Barricade","floor":6},{"not_picked":["Warcry","Perfected Strike"],"picked":"Pummel","floor":7},{"not_picked":["Anger","Havoc"],"picked":"Flame Barrier","floor":8},{"not_picked":["Spot Weakness","Intimidate"],"picked":"Impervious","floor":10},{"not_picked":["Cleave","Flex"],"picked":"Shrug It Off","floor":14},{"not_picked":["Demon Form","Reaper"],"picked":"Offering","floor":16},{"not_picked":["Thunderclap","Anger"],"picked":"Headbutt","floor":18}],"player_experience":22151127,"relics_obtained":[{"floor":6,"key":"Red Skull"},{"floor":9,"key":"Bag of Preparation"},{"floor":10,"key":"Bottled Lightning"},{"floor":14,"key":"Ice Cream"}],"event_choices":[{"damage_healed":0,"gold_gain":0,"player_choice":"Take Damage","damage_taken":26,"relics_obtained":["Golden Idol"],"max_hp_gain":0,"max_hp_loss":0,"event_name":"Golden Idol","floor":3,"gold_loss":0},{"damage_healed":0,"gold_gain":0,"player_choice":"0 cards matched","damage_taken":0,"max_hp_gain":0,"max_hp_loss":0,"event_name":"Match and Keep!","floor":5,"gold_loss":0,"cards_obtained":[]},{"damage_healed":0,"gold_gain":75,"player_choice":"Gather Gold","damage_taken":11,"max_hp_gain":0,"max_hp_loss":0,"event_name":"World of Goop","floor":11,"gold_loss":0},{"damage_healed":0,"gold_gain":100,"player_choice":"Gold","damage_taken":0,"max_hp_gain":0,"max_hp_loss":0,"event_name":"Wheel of Change","floor":12,"gold_loss":0},{"damage_healed":0,"gold_gain":0,"player_choice":"Simplicity","damage_taken":0,"max_hp_gain":0,"max_hp_loss":0,"event_name":"Back to Basics","floor":19,"gold_loss":0,"cards_upgraded":["Strike_R","Strike_R","Strike_R","Strike_R","Strike_R","Defend_R","Defend_R","Defend_R","Defend_R"]},{"damage_healed":0,"gold_gain":0,"player_choice":"Joined the Cult","damage_taken":6,"max_hp_gain":0,"max_hp_loss":0,"event_name":"Nest","floor":21,"gold_loss":0,"cards_obtained":["RitualDagger"]},{"damage_healed":0,"gold_gain":0,"player_choice":"Gave Idol","damage_taken":0,"relics_obtained":["Bloody Idol"],"max_hp_gain":0,"max_hp_loss":0,"event_name":"Forgotten Altar","floor":22,"relics_lost":["Golden Idol"],"gold_loss":0}],"is_beta":false,"boss_relics":[{"not_picked":["Philosopher\u0027s Stone","Fusion Hammer"],"picked":"Cursed Key"}],"items_purged_floors":[],"is_endless":false,"potions_floor_spawned":[2,6,14,16,18],"killed_by":"Gremlin Leader","ascension_level":20}}