{"host":"ly20tmf9be7b85hl","time":1613110963,"event":{"mods":["BaseMod","Colored Map","Keyboard Shortcuts","Minty Spire (QoL Compilation)","Permanent Neow","Quick Restart","SuperFastMode"],"gold_per_floor":[10,29,45,62,73,73,100,100,100,130,12,12,39,56,56,56,56],"floor_reached":16,"language":"KOR","playtime":2419,"items_purged":["Strike_G"],"score":224,"play_id":"c7a906c9-40b3-4a23-89f5-19f400abc9aa","local_time":"20210212152243","is_ascension_mode":true,"campfire_choices":[{"data":"Bane","floor":6.0,"key":"SMITH"},{"data":"Tactician","floor":8.0,"key":"SMITH"},{"data":"Deadly Poison","floor":12.0,"key":"SMITH"},{"data":"Calculated Gamble","floor":15.0,"key":"SMITH"}],"circlet_count":0,"master_deck":["AscendersBane","Strike_G","Strike_G","Strike_G","Defend_G","Defend_G","Defend_G","Defend_G","Survivor","Neutralize","Underhanded Strike","Riddle With Holes","Deadly Poison+1","Escape Plan","Bane+1","Tactician+1","Burst","Calculated Gamble+1","Calculated Gamble"],"relics":["Ring of the Snake","StoneCalendar","Meat on the Bone","Akabeko","Odd Mushroom"],"acts_visited":["Exordium"],"potions_floor_usage":[],"damage_taken":[{"damage":4.0,"enemies":"Small Slimes","floor":1.0,"turns":3.0},{"damage":6.0,"enemies":"2 Louse","floor":2.0,"turns":3.0},{"damage":4.0,"enemies":"Jaw Worm","floor":3.0,"turns":4.0},{"damage":5.0,"enemies":"3 Louse","floor":4.0,"turns":6.0},{"damage":0.0,"enemies":"Lots of Slimes","floor":5.0,"turns":4.0},{"damage":9.0,"enemies":"3 Sentries","floor":7.0,"turns":6.0},{"damage":25.0,"enemies":"Lagavulin","floor":10.0,"turns":5.0},{"damage":17.0,"enemies":"The Mushroom Lair","floor":13.0,"turns":6.0},{"damage":0.0,"enemies":"2 Fungi Beasts","floor":14.0,"turns":2.0},{"damage":25,"enemies":"The Guardian","floor":16,"turns":5}],"seed_played":"-1892909900603123262","potions_obtained":[{"floor":2.0,"key":"Fire Potion"},{"floor":3.0,"key":"CunningPotion"},{"floor":5.0,"key":"CultistPotion"},{"floor":10.0,"key":"Block Potion"}],"is_trial":false,"path_per_floor":["M","M","M","M","M","R","E","R","T","E","$","R","?","M","R","B"],"character_chosen":"THE_SILENT","items_purchased":["Calculated Gamble"],"campfire_rested":0,"item_purchase_floors":[11],"current_hp_per_floor":[55,49,45,40,40,40,31,31,31,18,18,18,13,25,25,0,0],"gold":56,"neow_bonus":"TRANSFORM_TWO_CARDS","is_daily":false,"chose_seed":false,"campfire_upgraded":4,"win_rate":0.0,"timestamp":1613110963,"path_taken":["M","M","M","M","M","R","E","R","T","E","$","R","?","M","R","BOSS"],"items_purchased_type":["Card"],"build_version":"2020-12-22","purchased_purges":1,"victory":false,"max_hp_per_floor":[66,66,66,66,66,66,66,66,66,66,66,66,66,66,66,66,66],"card_choices":[{"not_picked":["Slice","Escape Plan"],"picked":"Deadly Poison","floor":1.0},{"not_picked":["Blade Dance","Sucker Punch","Slice"],"picked":"SKIP","floor":2.0},{"not_picked":["Unload","Quick Slash"],"picked":"Escape Plan","floor":3.0},{"not_picked":["Deflect","Skewer"],"picked":"Bane","floor":4.0},{"not_picked":["Flying Knee","Predator","Dagger Spray"],"picked":"SKIP","floor":5.0},{"not_picked":["PiercingWail","Bouncing Flask"],"picked":"Tactician","floor":7.0},{"not_picked":["Deflect","Slice"],"picked":"Burst","floor":10.0},{"not_picked":["Concentrate","Terror"],"picked":"Calculated Gamble","floor":13.0},{"not_picked":["Terror","Sucker Punch","Prepared"],"picked":"SKIP","floor":14.0}],"player_experience":853587,"relics_obtained":[{"floor":7.0,"key":"StoneCalendar"},{"floor":9.0,"key":"Meat on the Bone"},{"floor":10.0,"key":"Akabeko"},{"floor":13.0,"key":"Odd Mushroom"}],"event_choices":[{"damage_healed":0.0,"max_hp_gain":0.0,"max_hp_loss":0.0,"gold_gain":0.0,"event_name":"Mushrooms","player_choice":"Fought Mushrooms","floor":13.0,"gold_loss":0.0,"damage_taken":0.0}],"is_beta":false,"boss_relics":[],"items_purged_floors":[11],"is_endless":false,"potions_floor_spawned":[2,3,5,10],"killed_by":"The Guardian","ascension_level":20}}