{"host":"7rmsgc3rayi00cdt","time":1613159123,"event":{"mods":["BaseMod","Minty Spire (QoL Compilation)"],"gold_per_floor":[118,193,193,368,224,224,249,249,249,249,249],"floor_reached":10,"language":"ENG","playtime":229,"items_purged":[],"score":73,"play_id":"37185caa-3036-45e8-ad19-7f1492fc711d","local_time":"20210212194523","is_ascension_mode":true,"campfire_choices":[{"floor":6,"key":"REST"},{"data":"Evolve","floor":8,"key":"SMITH"}],"circlet_count":0,"master_deck":["Strike_R","Strike_R","Strike_R","Strike_R","Strike_R","Defend_R","Defend_R","Defend_R","Defend_R","Bash","Wild Strike","Doubt","Evolve+1"],"relics":["Burning Blood","Golden Idol","ClockworkSouvenir","Bottled Flame"],"acts_visited":["Exordium"],"potions_floor_usage":[],"damage_taken":[{"damage":10,"enemies":"Cultist","floor":1,"turns":5},{"damage":5,"enemies":"2 Louse","floor":7,"turns":4},{"damage":78,"enemies":"Lagavulin","floor":10,"turns":8}],"seed_played":"-8698198950151404632","potions_obtained":[],"is_trial":false,"path_per_floor":["M","?","?","?","$","R","M","R","T","E"],"character_chosen":"IRONCLAD","items_purchased":["ClockworkSouvenir"],"campfire_rested":1,"item_purchase_floors":[5],"current_hp_per_floor":[76,65,43,43,43,69,70,70,70,0,0],"gold":249,"neow_bonus":"TEN_PERCENT_HP_BONUS","is_daily":false,"chose_seed":false,"campfire_upgraded":1,"win_rate":0.0,"timestamp":1613159123,"path_taken":["M","?","?","?","$","R","M","R","T","E"],"items_purchased_type":["Relic"],"build_version":"2020-12-22","purchased_purges":0,"victory":false,"max_hp_per_floor":[88,88,88,88,88,88,88,88,88,88,88],"card_choices":[{"not_picked":["True Grit","Flex"],"picked":"Wild Strike","floor":1},{"not_picked":["Burning Pact","Hemokinesis"],"picked":"Evolve","floor":7}],"player_experience":809961,"relics_obtained":[{"floor":9,"key":"Bottled Flame"}],"event_choices":[{"damage_healed":0,"gold_gain":75,"player_choice":"Gather Gold","damage_taken":11,"max_hp_gain":0,"max_hp_loss":0,"event_name":"World of Goop","floor":2,"gold_loss":0},{"damage_healed":0,"gold_gain":0,"player_choice":"Take Damage","damage_taken":22,"relics_obtained":["Golden Idol"],"max_hp_gain":0,"max_hp_loss":0,"event_name":"Golden Idol","floor":3,"gold_loss":0},{"damage_healed":0,"gold_gain":175,"player_choice":"AGREE","damage_taken":0,"max_hp_gain":0,"max_hp_loss":0,"event_name":"Liars Game","floor":4,"gold_loss":0,"cards_obtained":["Doubt"]}],"is_beta":false,"boss_relics":[],"items_purged_floors":[],"is_endless":false,"potions_floor_spawned":[],"killed_by":"Lagavulin","ascension_level":7}}