{"host":"wrdw6zkxuilnr6rg","time":1612705910,"event":{"mods":["BaseMod","Bestiary","Colored Powertips","Highlight Path","Minty Spire (QoL Compilation)","Quick Restart","Relic Stats","StSLib"],"gold_per_floor":[117,44,44,59,39,74,93,104,104,104,118,118,268,268,268,268,268],"floor_reached":16,"language":"ENG","playtime":263,"items_purged":[],"score":219,"play_id":"eeeee08b-f74a-45de-ab6a-873e23b0ddfe","local_time":"20210207165150","is_ascension_mode":true,"campfire_choices":[{"data":"Eruption","floor":10,"key":"SMITH"},{"data":"CrushJoints","floor":12,"key":"SMITH"},{"data":"Brilliance","floor":15,"key":"SMITH"}],"circlet_count":0,"master_deck":["AscendersBane","Strike_P","Strike_P+1","Strike_P","Strike_P","Defend_P","Defend_P","Defend_P","Defend_P","Eruption+1","Vigilance","CutThroughFate+1","Brilliance+1","Regret","DeceiveReality","SpiritShield","CrushJoints+1","Halt","Doubt"],"relics":["PureWater","NeowsBlessing","Matryoshka","Ice Cream","Mummified Hand","Shuriken"],"acts_visited":["Exordium"],"potions_floor_usage":[16],"damage_taken":[{"damage":0,"enemies":"Jaw Worm","floor":1,"turns":1},{"damage":0,"enemies":"2 Louse","floor":4,"turns":1},{"damage":0,"enemies":"Lagavulin","floor":6,"turns":1},{"damage":1,"enemies":"Cultist","floor":7,"turns":3},{"damage":5,"enemies":"Looter","floor":8,"turns":4},{"damage":3,"enemies":"Blue Slaver","floor":11,"turns":4},{"damage":42,"enemies":"Hexaghost","floor":16,"turns":7}],"seed_played":"-6053100856420830879","potions_obtained":[{"floor":1,"key":"SmokeBomb"},{"floor":5,"key":"SmokeBomb"},{"floor":7,"key":"SteroidPotion"},{"floor":8,"key":"Energy Potion"}],"is_trial":false,"path_per_floor":["M","$","?","M","?","E","M","M","T","R","M","R","?","?","R","B"],"character_chosen":"WATCHER","items_purchased":["Brilliance"],"campfire_rested":0,"item_purchase_floors":[2],"current_hp_per_floor":[61,61,61,61,61,61,60,55,55,55,52,52,52,32,32,0,0],"gold":268,"neow_bonus":"THREE_ENEMY_KILL","is_daily":false,"chose_seed":false,"campfire_upgraded":3,"win_rate":0.0,"timestamp":1612705910,"path_taken":["M","$","?","M","?","E","M","?","T","R","M","R","?","?","R","BOSS"],"items_purchased_type":["Card"],"build_version":"2020-12-22","purchased_purges":0,"victory":false,"max_hp_per_floor":[68,68,68,68,68,68,68,68,68,68,68,68,68,68,68,68,68],"relic_stats":{"counters":[7,21],"Mummified Hand":[0],"Shuriken":[3],"obtain_stats":[{"Ice Cream":6,"Matryoshka":3,"NeowsBlessing":0,"Mummified Hand":9,"Shuriken":9,"PureWater":0},{"Ice Cream":3,"Matryoshka":1,"NeowsBlessing":0,"Mummified Hand":5,"Shuriken":5,"PureWater":0},{"Ice Cream":3,"Matryoshka":1,"NeowsBlessing":0,"Mummified Hand":10,"Shuriken":10,"PureWater":0}]},"card_choices":[{"not_picked":["Halt","ClearTheMind"],"picked":"CutThroughFate","floor":1},{"not_picked":["ThirdEye","WindmillStrike"],"picked":"DeceiveReality","floor":4},{"not_picked":["LikeWater","SandsOfTime"],"picked":"SpiritShield","floor":6},{"not_picked":["CutThroughFate","FlurryOfBlows"],"picked":"CrushJoints","floor":7},{"not_picked":["FlurryOfBlows","FollowUp"],"picked":"Halt","floor":8}],"player_experience":1415981,"relics_obtained":[{"floor":6,"key":"Ice Cream"},{"floor":9,"key":"Mummified Hand"},{"floor":9,"key":"Shuriken"}],"event_choices":[{"damage_healed":0,"gold_gain":0,"player_choice":"Box","damage_taken":0,"relics_obtained":["Matryoshka"],"max_hp_gain":0,"max_hp_loss":0,"event_name":"Big Fish","floor":3,"gold_loss":0,"cards_obtained":["Regret"]},{"damage_healed":0,"gold_gain":0,"player_choice":"Bought 1 Potion","damage_taken":0,"max_hp_gain":0,"max_hp_loss":0,"event_name":"The Woman in Blue","floor":5,"gold_loss":0},{"damage_healed":0,"gold_gain":150,"player_choice":"AGREE","damage_taken":0,"max_hp_gain":0,"max_hp_loss":0,"event_name":"Liars Game","floor":13,"gold_loss":0,"cards_obtained":["Doubt"]},{"damage_healed":0,"gold_gain":0,"player_choice":"Entered Light","damage_taken":20,"max_hp_gain":0,"max_hp_loss":0,"event_name":"Shining Light","floor":14,"gold_loss":0,"cards_upgraded":["Strike_P","CutThroughFate"]}],"is_beta":false,"boss_relics":[],"items_purged_floors":[],"is_endless":false,"potions_floor_spawned":[1,7,8,11],"killed_by":"Hexaghost","ascension_level":15}}