{"host":"y9jgkjnf95sujozk","time":1613138976,"event":{"mods":["2.2 Compatiblity","AchievementEnabler","Act Like it!","BaseMod","BetterRewards","Block Reminder","Colored Map","Colored Powertips","Friendly Minions","Gensokyo","GifTheSpireLib","Hallownest","Hermit","Highlight Path","HololiveMod","Hubris","Infinite Spire","Jorbs\u0027s Wanderer Trilogy","Koishi","Marisa（霧雨　魔理沙）","Minty Spire (QoL Compilation)","Quick Restart","Random Character Button","Rare Cards Sparkle","Reimu（博??梦）","Remilia（蕾米莉?）","Replay The Spire","Shop Mod","StSLib","SuperFastMode","The Bug Knight","The Cursed","The Disciple","The Hierophant","The Jungle","The Runesmith","The Senshi","The Servant 0.9.4"],"gold_per_floor":[75,75,75,75,65,65,53,53,78,78,79,152,108,108,108,111,111,91,91,91,184,459,459,415,415,415,406,364,364,0,0,0],"floor_reached":31,"language":"ENG","playtime":626,"items_purged":[],"score":430,"play_id":"2b892f12-750a-4863-aa6f-0f282de0248d","local_time":"20210212150936","is_ascension_mode":true,"campfire_choices":[{"floor":6,"key":"REST"},{"floor":8,"key":"REST"},{"data":"hierophant:Flagellation","floor":10,"key":"SMITH"},{"floor":15,"key":"REST"},{"floor":23,"key":"REST"},{"floor":25,"key":"REST"},{"floor":29,"key":"REST"}],"circlet_count":0,"master_deck":["hierophant:Strike_Hierophant","hierophant:Strike_Hierophant","hierophant:Strike_Hierophant","hierophant:Strike_Hierophant","hierophant:Punish","hierophant:Defend_Hierophant","hierophant:Defend_Hierophant","hierophant:Defend_Hierophant","hierophant:Defend_Hierophant","hierophant:ChurchCoffers","hierophant:SolarFlare+1","hierophant:ThreeLashes","hierophant:AuricForm+1","hierophant:FlamingChariot+1","hierophant:RustyCrate","hierophant:Doubloon","hierophant:Doubloon","hierophant:Flagellation+1","hierophant:Doubloon","hierophant:ArchangelShield","hierophant:LocustPlague","hierophant:FlamingChariot","hierophant:Zeal","Regret","hierophant:Martyrdom","hierophant:ArchangelShield","hierophant:HammerAndAnvil","hierophant:SolarFlare"],"relics":["hierophant:PropheticMaskRelic","StoneCalendar","Guide Book","hubris:SlimyHat","hubris:MobiusCoin","Hallownest:SalubrasBlessingRelic","Replay:Fungal Core","Replay:Ringing Soul","hubris:TenFootPole","ScarletDevilRocket","TheAbacus","Dream Catcher"],"acts_visited":["Exordium","Hallownest:Greenpath"],"potions_floor_usage":[13,18,21,24,24,28],"damage_taken":[{"damage":7,"enemies":"Hallownest:2_Tiktiks_and_1_Crawlid","floor":1,"turns":3},{"damage":0,"enemies":"Hallownest:monsterHuskWarrior","floor":5,"turns":2},{"damage":3,"enemies":"Hallownest:2_MossCreeps","floor":7,"turns":3},{"damage":12,"enemies":"Hallownest:monsterFoolEater","floor":11,"turns":2},{"damage":15,"enemies":"Hallownest:eliteCrystalGuardian","floor":13,"turns":5},{"damage":47,"enemies":"Hallownest:BossFalseKnight","floor":16,"turns":8},{"damage":22,"enemies":"theJungle:GiantWrat","floor":18,"turns":4},{"damage":0,"enemies":"theJungle:5_Spyders","floor":21,"turns":1},{"damage":45,"enemies":"theJungle:Cassacara","floor":24,"turns":5},{"damage":17,"enemies":"theJungle:2_Snecko_Cultists","floor":27,"turns":4},{"damage":27,"enemies":"theJungle:2_Phrogs","floor":28,"turns":5},{"damage":65,"enemies":"Snake Plant","floor":31,"turns":4}],"seed_played":"-760287610832356675","potions_obtained":[{"floor":5,"key":"AttackPotion"},{"floor":16,"key":"Death Potion"},{"floor":18,"key":"Fruit Juice"},{"floor":24,"key":"Venom Potion"}],"is_trial":false,"path_per_floor":["M","?","$","?","M","R","M","R","T","R","M","?","E","?","R","B",null,"M","?","?","M","?","R","E","R","T","M","E","R","$","M"],"character_chosen":"HIEROPHANT","items_purchased":["hierophant:SolarFlare","hierophant:ThreeLashes","hierophant:AuricForm","Guide Book","hierophant:SolarFlare","TheAbacus","Dream Catcher"],"campfire_rested":6,"item_purchase_floors":[0,0,0,0,30,30,30],"current_hp_per_floor":[68,59,59,59,59,75,72,75,75,75,63,63,48,48,72,25,77,60,60,71,71,71,84,42,70,70,56,32,62,65,0,0],"gold":0,"neow_bonus":"","is_daily":false,"chose_seed":false,"campfire_upgraded":1,"win_rate":0.0,"timestamp":1613138976,"path_taken":["M","?","$","?","M","R","M","R","T","R","M","?","E","?","R","BOSS","M","?","?","M","?","R","E","R","T","?","E","R","$","M"],"items_purchased_type":["Card","Card","Card","Relic","Card","Relic","Relic"],"build_version":"2020-12-22","purchased_purges":0,"victory":false,"max_hp_per_floor":[75,75,75,75,75,75,75,75,75,75,75,75,75,75,77,77,77,82,82,82,82,82,84,87,89,89,92,95,97,100,100,100],"card_choices":[{"not_picked":["hierophant:TollTheBells","hierophant:Patience"],"picked":"hierophant:FlamingChariot","floor":1},{"not_picked":["hierophant:AuricBeam","hierophant:SealAway"],"picked":"hierophant:RustyCrate","floor":5},{"not_picked":["hierophant:Shelter","hierophant:Bribe"],"picked":"hierophant:Flagellation","floor":7},{"not_picked":["hierophant:CursedGold","hierophant:RustyCrate"],"picked":"hierophant:Doubloon","floor":11},{"not_picked":["hierophant:Smite","hierophant:Sermon"],"picked":"hierophant:ArchangelShield","floor":13},{"not_picked":["hierophant:Batter","hierophant:DivineIntervention"],"picked":"hierophant:LocustPlague","floor":16},{"not_picked":["hierophant:PristineSoul+1","hierophant:Zeal+1"],"picked":"hierophant:FlamingChariot","floor":18},{"not_picked":["hierophant:Remorse","hierophant:Mercenaries"],"picked":"hierophant:Zeal","floor":21},{"not_picked":["hierophant:Endure","hierophant:Mercenaries"],"picked":"hierophant:Martyrdom","floor":24},{"not_picked":["hierophant:SealAway","hierophant:RustyCrate+1"],"picked":"hierophant:ArchangelShield","floor":27},{"not_picked":["hierophant:Smite","hierophant:Charity+1"],"picked":"hierophant:HammerAndAnvil","floor":28}],"player_experience":134303,"relics_obtained":[{"floor":9,"key":"hubris:SlimyHat"},{"floor":13,"key":"hubris:MobiusCoin"},{"floor":24,"key":"Replay:Ringing Soul"},{"floor":26,"key":"hubris:TenFootPole"},{"floor":28,"key":"ScarletDevilRocket"}],"event_choices":[{"damage_healed":0,"gold_gain":275,"player_choice":"Desecrate","damage_taken":0,"max_hp_gain":0,"max_hp_loss":0,"event_name":"Golden Shrine","floor":22,"gold_loss":0,"cards_obtained":["Regret"]}],"is_beta":false,"boss_relics":[{"not_picked":["Coffee Dripper","Replay:Drink Me"],"picked":"Replay:Fungal Core"}],"items_purged_floors":[],"is_endless":false,"potions_floor_spawned":[5,16,18,24],"killed_by":"Snake Plant","ascension_level":2}}