{"host":"t1puqh5lxz8sp6fn","time":1613110924,"event":{"mods":["AchievementEnabler","BaseMod","Colored Powertips","Minty Spire (QoL Compilation)","Rare Cards Sparkle","Relic Stats","StSLib"],"gold_per_floor":[109,109,119,119,119,119,45,78,78,103,27,27,50,85,85,85,85],"floor_reached":16,"playtime":439,"items_purged":[],"score":233,"play_id":"add7e99a-4f9d-404e-a4be-c6773abcc88e","local_time":"20210212032204","is_ascension_mode":true,"campfire_choices":[{"data":"Dagger Spray","floor":6,"key":"SMITH"},{"floor":12,"key":"REST"},{"data":"Terror","floor":15,"key":"SMITH"}],"circlet_count":0,"master_deck":["AscendersBane","Strike_G","Strike_G","Strike_G","Strike_G","Defend_G","Defend_G","Defend_G","Defend_G","Defend_G","Survivor","Neutralize","Deadly Poison","Dagger Spray+1","Flying Knee","Terror+1","Catalyst","Dash","Well Laid Plans","PiercingWail"],"relics":["Ring of the Snake","NeowsBlessing","Bag of Preparation","Golden Idol","Ginger","Paper Crane","Bottled Lightning"],"acts_visited":["Exordium"],"potions_floor_usage":[14,16],"damage_taken":[{"damage":0,"enemies":"2 Louse","floor":1,"turns":1},{"damage":0,"enemies":"Small Slimes","floor":3,"turns":1},{"damage":0,"enemies":"3 Sentries","floor":8,"turns":1},{"damage":0,"enemies":"Jaw Worm","floor":10,"turns":3},{"damage":0,"enemies":"Large Slime","floor":13,"turns":5},{"damage":11,"enemies":"Gremlin Nob","floor":14,"turns":4},{"damage":34,"enemies":"The Guardian","floor":16,"turns":9}],"seed_played":"83568760279080718","potions_obtained":[{"floor":3,"key":"Poison Potion"},{"floor":8,"key":"AttackPotion"},{"floor":13,"key":"GhostInAJar"}],"is_trial":false,"path_per_floor":["M","?","M","?","?","R","$","E","T","M","$","R","M","E","R","B"],"character_chosen":"THE_SILENT","items_purchased":["Terror","Well Laid Plans"],"campfire_rested":1,"item_purchase_floors":[7,11],"current_hp_per_floor":[59,59,59,48,25,25,25,25,25,25,25,44,44,33,33,0,0],"gold":85,"neow_bonus":"THREE_ENEMY_KILL","is_daily":false,"chose_seed":false,"campfire_upgraded":2,"win_rate":0.0,"timestamp":1613110924,"path_taken":["M","?","M","?","?","R","$","E","T","M","?","R","M","E","R","BOSS"],"items_purchased_type":["Card","Card"],"build_version":"2020-12-13","purchased_purges":0,"victory":false,"max_hp_per_floor":[66,66,66,66,66,66,66,66,66,66,66,66,66,66,66,66,66],"relic_stats":{"counters":[7,24],"Golden Idol":24,"Bag of Preparation":[10],"Ginger":[0],"obtain_stats":[{"NeowsBlessing":0,"Golden Idol":5,"Bag of Preparation":4,"Ginger":8,"Bottled Lightning":14,"Paper Crane":9,"Ring of the Snake":0},{"NeowsBlessing":0,"Golden Idol":2,"Bag of Preparation":2,"Ginger":3,"Bottled Lightning":6,"Paper Crane":3,"Ring of the Snake":0},{"NeowsBlessing":0,"Golden Idol":2,"Bag of Preparation":2,"Ginger":3,"Bottled Lightning":15,"Paper Crane":3,"Ring of the Snake":0}],"Ring of the Snake":[14]},"card_choices":[{"not_picked":["Sucker Punch","Bane"],"picked":"Deadly Poison","floor":1},{"not_picked":["Dagger Spray","Escape Plan"],"picked":"Flying Knee","floor":3},{"not_picked":["Choke","Malaise"],"picked":"Catalyst","floor":8},{"not_picked":["Bouncing Flask","Outmaneuver"],"picked":"Dash","floor":10},{"not_picked":["Flying Knee","Reflex","Finisher"],"picked":"SKIP","floor":13},{"not_picked":["Prepared","Night Terror"],"picked":"PiercingWail","floor":14}],"player_experience":514670,"relics_obtained":[{"floor":8,"key":"Ginger"},{"floor":9,"key":"Paper Crane"},{"floor":14,"key":"Bottled Lightning"}],"event_choices":[{"damage_healed":0,"gold_gain":0,"cards_transformed":["Strike_G"],"player_choice":"Change","damage_taken":0,"max_hp_gain":0,"max_hp_loss":0,"event_name":"Living Wall","floor":2,"gold_loss":0,"cards_obtained":["Dagger Spray"]},{"damage_healed":0,"gold_gain":0,"player_choice":"Success","damage_taken":11,"relics_obtained":["Bag of Preparation"],"max_hp_gain":0,"max_hp_loss":0,"event_name":"Scrap Ooze","floor":4,"gold_loss":0},{"damage_healed":0,"gold_gain":0,"player_choice":"Take Damage","damage_taken":23,"relics_obtained":["Golden Idol"],"max_hp_gain":0,"max_hp_loss":0,"event_name":"Golden Idol","floor":5,"gold_loss":0}],"is_beta":false,"boss_relics":[],"items_purged_floors":[],"is_endless":false,"potions_floor_spawned":[3,8,13],"killed_by":"The Guardian","ascension_level":15}}