{"host":"mo324zvkdr1xwprd","time":1613153008,"event":{"mods":["BaseMod","Better Note","BetterRewards","Hermit","Highlight Path","Hubris","Minty Spire (QoL Compilation)","Quick Restart","Rare Cards Sparkle","Shop Mod","StSLib","The Cursed","The Hierophant"],"gold_per_floor":[116,191,201,215,22,22,22,60,135,135,151,186,43,74,74,169,169,188,188,188,201,201,237,237,263,263,263,303,303,303,322,322,411,411,429,444,468,21,52,52,52,52,78,111,7,46,46,46,46,46,46,46,15,56,56],"floor_reached":56,"language":"ENG","playtime":3403,"items_purged":[],"score":2826,"play_id":"f61dc5d5-8834-40fb-aacb-06470bf3bb85","local_time":"20210212180328","is_ascension_mode":true,"campfire_choices":[{"floor":6.0,"key":"REST"},{"data":"1","floor":10.0,"key":"LIFT"},{"data":"2","floor":15.0,"key":"LIFT"},{"data":"3","floor":24.0,"key":"LIFT"},{"floor":27.0,"key":"DIG"},{"floor":29.0,"key":"DIG"},{"floor":32.0,"key":"REST"},{"floor":40.0,"key":"DIG"},{"floor":42.0,"key":"RECALL"},{"floor":47.0,"key":"DIG"},{"floor":49.0,"key":"DIG"},{"floor":52.0,"key":"DIG"}],"circlet_count":0,"master_deck":["AscendersBane","Strike_G","Strike_G","Strike_G","Defend_G","Defend_G","Defend_G","Survivor","Neutralize","Wraith Form v2","Terror","Cloak And Dagger+1","Quick Slash","Caltrops","Terror","Flying Knee","Violence","Riddle With Holes","PiercingWail+1","Prepared","Outmaneuver","A Thousand Cuts","Backflip","Backstab","Injury","Dagger Spray","Dagger Spray","Dagger Spray","Phantasmal Killer","Die Die Die","Flying Knee+1","After Image+1","Footwork","Footwork+1","Backflip","Die Die Die","Backstab+1","PiercingWail","Slice","Endless Agony","Panache","Deflect","Burst","Slice+1","Dagger Throw+1","Dagger Spray+1","Backflip+1","Swift Strike+1","Dramatic Entrance+1","Apotheosis","Escape Plan","Caltrops"],"relics":["Ring of the Snake","Shovel","hubris:Spice","FossilizedHelix","StoneCalendar","Mercury Hourglass","Girya","Golden Idol","hubris:PeanutButter","hubris:ToyBattleship","Lee\u0027s Waffle","Black Star","MutagenicStrength","HornCleat","Question Card","War Paint","Kunai","Calipers","Juzu Bracelet","Strawberry","hubris:Teleporter","Du-Vu Doll","Letter Opener","hubris:EvacipatedBox","hubris:Macrotransations","Coffee Dripper","Pantograph","hubris:Potato","Regal Pillow","Bag of Preparation","Molten Egg 2","The Courier","Snake Skull","Bottled Flame","Bottled Lightning","Ornamental Fan","Shuriken"],"acts_visited":["Exordium","TheCity","TheBeyond","TheEnding"],"potions_floor_usage":[55],"damage_taken":[{"damage":0.0,"enemies":"Small Slimes","floor":1.0,"turns":3.0},{"damage":0.0,"enemies":"2 Louse","floor":3.0,"turns":2.0},{"damage":0.0,"enemies":"Cultist","floor":4.0,"turns":3.0},{"damage":1.0,"enemies":"Lagavulin","floor":8.0,"turns":5.0},{"damage":0.0,"enemies":"Exordium Thugs","floor":11.0,"turns":4.0},{"damage":0.0,"enemies":"3 Sentries","floor":12.0,"turns":2.0},{"damage":0.0,"enemies":"Gremlin Nob","floor":14.0,"turns":2.0},{"damage":14.0,"enemies":"The Guardian","floor":16.0,"turns":8.0},{"damage":1.0,"enemies":"Shell Parasite","floor":18.0,"turns":3.0},{"damage":0.0,"enemies":"2 Thieves","floor":21.0,"turns":2.0},{"damage":0.0,"enemies":"Gremlin Leader","floor":23.0,"turns":3.0},{"damage":0.0,"enemies":"Slavers","floor":28.0,"turns":3.0},{"damage":0.0,"enemies":"3 Cultists","floor":31.0,"turns":3.0},{"damage":5.0,"enemies":"hubris:MusketHawk","floor":33.0,"turns":6.0},{"damage":0.0,"enemies":"Orb Walker","floor":35.0,"turns":2.0},{"damage":0.0,"enemies":"3 Shapes","floor":36.0,"turns":3.0},{"damage":0.0,"enemies":"Transient","floor":37.0,"turns":5.0},{"damage":0.0,"enemies":"Mind Bloom Boss Battle","floor":39.0,"turns":6.0},{"damage":0.0,"enemies":"Giant Head","floor":44.0,"turns":6.0},{"damage":0.0,"enemies":"Nemesis","floor":46.0,"turns":3.0},{"damage":0.0,"enemies":"Awakened One","floor":50.0,"turns":8.0},{"damage":0.0,"enemies":"Shield and Spear","floor":54.0,"turns":3.0},{"damage":16,"enemies":"The Heart","floor":55,"turns":7}],"seed_played":"8385713750198014307","potions_obtained":[{"floor":1.0,"key":"Explosive Potion"},{"floor":8.0,"key":"SteroidPotion"},{"floor":12.0,"key":"FairyPotion"},{"floor":21.0,"key":"SteroidPotion"},{"floor":33.0,"key":"PowerPotion"}],"is_trial":false,"path_per_floor":["M","?","M","M","$","R","?","E","T","R","M","E","$","E","R","B",null,"M","?","?","M","?","E","R","T","T","R","E","R","$","M","R","B",null,"M","M","M","$","?","R","?","R","T","E","$","E","R","?","R","B",null,"R","$","E","B",null],"character_chosen":"THE_SILENT","items_purchased":["Cloak And Dagger","Quick Slash","StoneCalendar","Mercury Hourglass","hubris:Spice","Caltrops","Terror","Flying Knee","Violence","Riddle With Holes","PowerPotion","A Thousand Cuts","Backflip","Backstab","Lee\u0027s Waffle","Du-Vu Doll","Letter Opener","hubris:EvacipatedBox","hubris:Macrotransations","Pantograph","Endless Agony","Panache","Slice+1","Dagger Throw+1","Dagger Spray+1","Escape Plan"],"campfire_rested":2,"item_purchase_floors":[0,0,0,0,0,0,0,0,0,0,0,5,5,5,13,30,30,30,30,38,38,38,45,45,45,53],"current_hp_per_floor":[37,26,26,26,26,51,51,50,50,50,50,50,93,93,93,79,90,89,89,89,89,89,89,89,89,89,89,96,96,22,22,52,47,87,87,87,87,87,100,100,100,100,100,100,100,100,100,90,90,92,92,92,92,92,76],"gold":56,"neow_bonus":"","is_daily":false,"chose_seed":false,"campfire_upgraded":0,"win_rate":0.0,"timestamp":1613153008,"path_taken":["M","?","M","M","$","R","?","E","T","R","M","E","$","E","R","BOSS","M","?","?","M","?","E","R","?","T","R","E","R","?","M","R","BOSS","M","M","M","$","?","R","?","R","T","E","$","E","R","?","R","BOSS","R","$","E","BOSS"],"items_purchased_type":["Card","Card","Relic","Relic","Relic","Card","Card","Card","Card","Card","Potion","Card","Card","Card","Relic","Relic","Relic","Relic","Relic","Relic","Card","Card","Card","Card","Card","Card"],"build_version":"2020-12-22","purchased_purges":0,"victory":true,"max_hp_per_floor":[86,86,86,86,86,86,86,86,86,86,86,86,93,93,93,93,93,93,93,93,93,93,93,93,93,93,93,100,100,100,100,100,100,100,100,100,100,100,100,100,100,100,100,100,100,100,100,100,92,92,92,92,92,92,92],"card_choices":[{"not_picked":["Deadly Poison","Prepared"],"picked":"PiercingWail","floor":1.0},{"not_picked":["Distraction","Choke"],"picked":"Prepared","floor":3.0},{"not_picked":["Quick Slash","hubris:Counter"],"picked":"Outmaneuver","floor":4.0},{"not_picked":["Underhanded Strike","All Out Attack"],"picked":"Dagger Spray","floor":8.0},{"not_picked":["Sucker Punch","Deflect"],"picked":"Dagger Spray","floor":11.0},{"not_picked":["Calculated Gamble","Skewer"],"picked":"Dagger Spray","floor":12.0},{"not_picked":["Crippling Poison","Backflip"],"picked":"Phantasmal Killer","floor":14.0},{"not_picked":["Glass Knife","hubris:SpiceAddiction"],"picked":"Die Die Die","floor":16.0},{"not_picked":["Bane","Prepared"],"picked":"Flying Knee+1","floor":18.0},{"not_picked":["hubris:SpiceAddiction","Poisoned Stab"],"picked":"After Image","floor":21.0},{"not_picked":["Acrobatics","Dodge and Roll"],"picked":"Footwork","floor":23.0},{"not_picked":["Underhanded Strike","Cloak And Dagger+1","Bane+1"],"picked":"Footwork+1","floor":28.0},{"not_picked":["Doppelganger","Deadly Poison","hubris:SpiceAddiction"],"picked":"Backflip","floor":31.0},{"not_picked":["Corpse Explosion","Bullet Time","Doppelganger"],"picked":"Die Die Die","floor":33.0},{"not_picked":["hubris:SpiceAddiction","hubris:SlightOfHand","Blur"],"picked":"Backstab+1","floor":35.0},{"not_picked":["Underhanded Strike","Calculated Gamble","Sucker Punch"],"picked":"PiercingWail","floor":36.0},{"not_picked":["Prepared","Dagger Spray","Underhanded Strike"],"picked":"Slice","floor":37.0},{"not_picked":["hubris:SlightOfHand+1","Flying Knee","Terror+1"],"picked":"Deflect","floor":39.0},{"not_picked":["Prepared","Dagger Spray+1","hubris:SpiceAddiction"],"picked":"Burst","floor":44.0},{"not_picked":["PiercingWail+1","Bane+1","Outmaneuver"],"picked":"Backflip+1","floor":46.0},{"not_picked":["Blind","Jack Of All Trades","Thinking Ahead"],"picked":"Swift Strike+1","floor":48.0},{"not_picked":["Madness","Swift Strike+1","PanicButton"],"picked":"Dramatic Entrance+1","floor":48.0},{"not_picked":["Good Instincts","Madness","PanicButton"],"picked":"Apotheosis","floor":48.0},{"not_picked":["All Out Attack+1","hubris:TrickCloak","Dodge and Roll+1"],"picked":"Caltrops","floor":54.0}],"player_experience":637874,"relics_obtained":[{"floor":8.0,"key":"hubris:PeanutButter"},{"floor":12.0,"key":"hubris:ToyBattleship"},{"floor":23.0,"key":"HornCleat"},{"floor":23.0,"key":"Question Card"},{"floor":25.0,"key":"War Paint"},{"floor":26.0,"key":"Kunai"},{"floor":27.0,"key":"Calipers"},{"floor":28.0,"key":"Juzu Bracelet"},{"floor":28.0,"key":"Strawberry"},{"floor":29.0,"key":"hubris:Teleporter"},{"floor":39.0,"key":"hubris:Potato"},{"floor":40.0,"key":"Regal Pillow"},{"floor":43.0,"key":"Bag of Preparation"},{"floor":44.0,"key":"Molten Egg 2"},{"floor":44.0,"key":"The Courier"},{"floor":46.0,"key":"Snake Skull"},{"floor":46.0,"key":"Bottled Flame"},{"floor":47.0,"key":"Bottled Lightning"},{"floor":49.0,"key":"hubris:Spice"},{"floor":52.0,"key":"Ornamental Fan"},{"floor":54.0,"key":"Shuriken"}],"event_choices":[{"damage_healed":0.0,"max_hp_gain":0.0,"max_hp_loss":0.0,"gold_gain":75.0,"event_name":"World of Goop","player_choice":"Gather Gold","floor":2.0,"gold_loss":0.0,"damage_taken":11.0},{"damage_healed":0.0,"max_hp_gain":0.0,"max_hp_loss":0.0,"gold_gain":0.0,"event_name":"Golden Idol","player_choice":"Take Wound","floor":7.0,"gold_loss":0.0,"damage_taken":0.0,"relics_obtained":["Golden Idol"],"cards_obtained":["Injury"]},{"damage_healed":0.0,"max_hp_gain":0.0,"max_hp_loss":0.0,"gold_gain":0.0,"event_name":"Drug Dealer","player_choice":"Inject Mutagens","floor":20.0,"gold_loss":0.0,"damage_taken":0.0,"relics_obtained":["MutagenicStrength"]},{"damage_healed":0.0,"max_hp_gain":0.0,"max_hp_loss":0.0,"gold_gain":0.0,"event_name":"MindBloom","player_choice":"Fight","floor":39.0,"gold_loss":0.0,"damage_taken":0.0},{"cards_removed":["Strike_G"],"damage_healed":0.0,"max_hp_gain":0.0,"max_hp_loss":0.0,"gold_gain":0.0,"event_name":"Purifier","player_choice":"Purged","floor":41.0,"gold_loss":0.0,"damage_taken":0.0},{"damage_healed":0.0,"max_hp_gain":0.0,"max_hp_loss":0.0,"gold_gain":0.0,"event_name":"SensoryStone","player_choice":"Memory 3","floor":48.0,"gold_loss":0.0,"damage_taken":10.0}],"is_beta":false,"boss_relics":[{"not_picked":["Tiny House","Empty Cage"],"picked":"Black Star"},{"not_picked":["hubris:HollowSoul","hubris:Spice","hubris:Spice"],"picked":"Coffee Dripper"}],"items_purged_floors":[],"is_endless":false,"potions_floor_spawned":[1,3,8,12,21,33,36,37,39,54],"ascension_level":13}}