{"host":"kg61lsvem4dxoat8","time":1613130426,"event":{"mods":["AchievementEnabler","BaseMod","Better Altar","Better Match","Better Sensory Stone","Better Skull","Block Reminder","Highlight Path","Minty Spire (QoL Compilation)","Quick Restart","Rare Cards Sparkle","Relic Sorter","Relic Stats","StSLib","Synergy Search","slay the spire mod where everything is the same but ironclad has a cowboy hat"],"gold_per_floor":[113,132,184,194,214,240,240,240,240],"floor_reached":8,"language":"ENG","playtime":2323,"items_purged":[],"score":116,"play_id":"6a311bc8-97a0-4ee5-ac53-bdfb15699158","local_time":"20210212194706","is_ascension_mode":true,"campfire_choices":[{"floor":7,"key":"REST"}],"circlet_count":0,"master_deck":["AscendersBane","Strike_G","Strike_G","Strike_G","Strike_G","Strike_G","Defend_G","Defend_G","Defend_G","Defend_G","Defend_G","Survivor","Neutralize","Decay","Backstab","Blade Dance","Blade Dance"],"relics":["Ring of the Snake","TungstenRod","Akabeko"],"acts_visited":["Exordium"],"potions_floor_usage":[6,8],"damage_taken":[{"damage":14,"enemies":"Cultist","floor":1,"turns":6},{"damage":0,"enemies":"Jaw Worm","floor":2,"turns":5},{"damage":1,"enemies":"2 Louse","floor":4,"turns":3},{"damage":1,"enemies":"Large Slime","floor":5,"turns":6},{"damage":31,"enemies":"Gremlin Nob","floor":6,"turns":4},{"damage":30,"enemies":"3 Sentries","floor":8,"turns":12}],"seed_played":"-2813196134558130091","potions_obtained":[{"floor":1,"key":"BlessingOfTheForge"},{"floor":2,"key":"EssenceOfSteel"},{"floor":4,"key":"Fire Potion"}],"is_trial":false,"path_per_floor":["M","M","?","M","M","E","R","E"],"character_chosen":"THE_SILENT","items_purchased":[],"campfire_rested":1,"item_purchase_floors":[],"current_hp_per_floor":[45,45,45,44,43,12,31,1,1],"gold":240,"neow_bonus":"ONE_RARE_RELIC","is_daily":false,"chose_seed":false,"campfire_upgraded":0,"win_rate":0.0,"timestamp":1613130426,"path_taken":["M","?","?","M","M","E","R","E"],"items_purchased_type":[],"build_version":"2020-12-22","purchased_purges":0,"victory":false,"max_hp_per_floor":[66,66,66,66,66,66,66,66,66],"relic_stats":{"counters":[6,36],"obtain_stats":[{"TungstenRod":0,"Akabeko":6,"Ring of the Snake":0},{"TungstenRod":0,"Akabeko":5,"Ring of the Snake":0},{"TungstenRod":0,"Akabeko":24,"Ring of the Snake":0}],"TungstenRod":14,"Ring of the Snake":[12]},"card_choices":[{"not_picked":["Crippling Poison","Caltrops"],"picked":"Backstab","floor":1},{"not_picked":["Outmaneuver","Finisher","Dagger Throw"],"picked":"SKIP","floor":2},{"not_picked":["Choke","Dagger Throw"],"picked":"Blade Dance","floor":4},{"not_picked":["Heel Hook","Finisher","Catalyst"],"picked":"SKIP","floor":5},{"not_picked":["Quick Slash","Deadly Poison"],"picked":"Blade Dance","floor":6}],"player_experience":1515162,"relics_obtained":[{"floor":6,"key":"Akabeko"}],"event_choices":[{"damage_healed":0,"gold_gain":52,"player_choice":"Gained Gold","damage_taken":0,"max_hp_gain":0,"max_hp_loss":0,"event_name":"Golden Wing","floor":3,"gold_loss":0}],"is_beta":false,"boss_relics":[],"items_purged_floors":[],"is_endless":false,"potions_floor_spawned":[1,2,4],"killed_by":"3 Sentries","ascension_level":20}}