{"host":"soyfmymeou4emntr","time":1613095102,"event":{"mods":["BaseMod","Minty Spire (QoL Compilation)","Permanent Neow","Relic Sorter","Relic Stats","StSLib"],"gold_per_floor":[364,364,29,29,39,39,64,75,153,188,188,218,232,252,252,325,325,335,353,353,353,367,367,377,397,397,397,427,444,444,459,459,537,537,555,46,59,77,89,89,122,142,167,187,187,218,241,241,241,241,241],"floor_reached":50,"language":"ENG","playtime":8387,"items_purged":["Regret"],"score":1192,"play_id":"134ff52e-1372-4dac-8bd6-5e3b8bc36466","local_time":"20210211185822","is_ascension_mode":true,"campfire_choices":[{"floor":6.0,"key":"REST"},{"data":"Scrawl","floor":11.0,"key":"SMITH"},{"data":"BattleHymn","floor":15.0,"key":"SMITH"},{"floor":23,"key":"REST"},{"floor":27,"key":"REST"},{"floor":32,"key":"REST"},{"floor":40,"key":"REST"},{"floor":49,"key":"RECALL"}],"circlet_count":0,"master_deck":["AscendersBane","Strike_P","Strike_P","Defend_P","Defend_P","Defend_P","Eruption+1","Vigilance","Consecrate","FearNoEvil","BattleHymn+1","Wireheading","Wallop","Scrawl+1","CrushJoints","EmptyFist","Tantrum","Ragnarok","Swivel+1","MentalFortress+1","WaveOfTheHand+1","Halt+1","CutThroughFate+1","Halt+1","Crescendo+1","Wallop","Vault","InnerPeace","Omniscience","Blasphemy+1","Crescendo","DeceiveReality+1"],"relics":["HolyWater","Lantern","Happy Flower","Strawberry","The Courier","Pocketwatch","Nunchaku","Astrolabe","Enchiridion","Tiny Chest","Singing Bowl","Bag of Preparation","Bottled Tornado","CaptainsWheel","Smiling Mask","War Paint","Regal Pillow"],"acts_visited":["Exordium","TheCity","TheBeyond"],"potions_floor_usage":[25,28,29],"damage_taken":[{"damage":4.0,"enemies":"Small Slimes","floor":1.0,"turns":3.0},{"damage":2.0,"enemies":"Jaw Worm","floor":5.0,"turns":2.0},{"damage":25.0,"enemies":"Lagavulin","floor":7.0,"turns":5.0},{"damage":8.0,"enemies":"2 Louse","floor":8.0,"turns":2.0},{"damage":48.0,"enemies":"Gremlin Nob","floor":10.0,"turns":4.0},{"damage":7.0,"enemies":"3 Sentries","floor":12.0,"turns":4.0},{"damage":0.0,"enemies":"Large Slime","floor":13.0,"turns":1.0},{"damage":0.0,"enemies":"Exordium Thugs","floor":14.0,"turns":2.0},{"damage":11.0,"enemies":"The Guardian","floor":16.0,"turns":9.0},{"damage":22,"enemies":"Shell Parasite","floor":18,"turns":4},{"damage":0,"enemies":"Spheric Guardian","floor":19,"turns":2},{"damage":7,"enemies":"Cultist and Chosen","floor":22,"turns":4},{"damage":16,"enemies":"Snecko","floor":24,"turns":6},{"damage":8,"enemies":"Snake Plant","floor":25,"turns":5},{"damage":24,"enemies":"Gremlin Leader","floor":28,"turns":4},{"damage":0,"enemies":"Cultist and Chosen","floor":29,"turns":3},{"damage":0,"enemies":"3 Cultists","floor":31,"turns":4},{"damage":39,"enemies":"Automaton","floor":33,"turns":8},{"damage":6,"enemies":"Orb Walker","floor":35,"turns":3},{"damage":21,"enemies":"3 Shapes","floor":37,"turns":6},{"damage":0,"enemies":"Jaw Worm Horde","floor":38,"turns":3},{"damage":26,"enemies":"3 Darklings","floor":39,"turns":5},{"damage":0,"enemies":"Giant Head","floor":41,"turns":5},{"damage":25,"enemies":"Transient","floor":42,"turns":7},{"damage":44,"enemies":"Jaw Worm Horde","floor":44,"turns":4},{"damage":0,"enemies":"Reptomancer","floor":46,"turns":3},{"damage":116,"enemies":"Time Eater","floor":50,"turns":8}],"seed_played":"-2399900274772330202","potions_obtained":[{"floor":1.0,"key":"BottledMiracle"},{"floor":8.0,"key":"FairyPotion"},{"floor":12.0,"key":"LiquidBronze"},{"floor":19,"key":"FearPotion"},{"floor":22,"key":"EssenceOfSteel"},{"floor":28,"key":"PowerPotion"},{"floor":29,"key":"Explosive Potion"},{"floor":33,"key":"Weak Potion"},{"floor":35,"key":"Ambrosia"},{"floor":38,"key":"FairyPotion"},{"floor":44,"key":"FairyPotion"}],"is_trial":false,"path_per_floor":["M","?","$","?","M","R","E","M","T","E","R","E","M","M","R","B",null,"M","M","?","?","M","R","M","M","T","R","E","M","?","M","R","B",null,"M","$","M","M","M","R","E","M","T","M","?","E","T","?","R","B"],"character_chosen":"WATCHER","items_purchased":["FearNoEvil","Happy Flower","Bag of Preparation","Bottled Tornado","Omniscience"],"campfire_rested":5,"item_purchase_floors":[3,3,36,36,36],"current_hp_per_floor":[39,39,39,39,37,57,39,31,31,22,22,15,15,15,15,4,57,35,35,14,14,7,29,13,5,5,27,5,5,20,22,45,6,61,55,55,36,38,12,36,36,13,13,8,8,10,10,71,71,0,0],"gold":241,"neow_bonus":"TWO_FIFTY_GOLD","is_daily":false,"chose_seed":false,"campfire_upgraded":2,"win_rate":0.0,"timestamp":1613095102,"path_taken":["M","?","$","?","M","R","E","M","T","E","R","E","M","?","R","BOSS","M","M","?","?","M","R","M","M","T","R","E","?","?","M","R","BOSS","M","$","M","M","M","R","E","M","T","M","?","E","?","?","R","BOSS"],"items_purchased_type":["Card","Relic","Relic","Relic","Card"],"build_version":"2020-12-22","purchased_purges":1,"victory":false,"max_hp_per_floor":[68,68,68,68,68,68,75,75,75,75,75,75,75,75,75,75,75,75,75,75,75,75,75,75,75,75,75,77,77,77,79,79,79,79,79,79,81,83,83,83,83,85,85,85,85,87,87,71,71,71,71],"relic_stats":{"Nunchaku":[23],"Regal Pillow":0,"Happy Flower":[37],"Singing Bowl":12,"counters":[27,116],"Astrolabe":["Swivel","MentalFortress","WaveOfTheHand"],"Tiny Chest":1,"Bag of Preparation":[8],"War Paint":["Crescendo","Blasphemy"],"Smiling Mask":0,"obtain_stats":[{"Lantern":2,"Regal Pillow":47,"Happy Flower":3,"Singing Bowl":28,"Astrolabe":17,"Enchiridion":20,"The Courier":9,"Bag of Preparation":36,"Bottled Tornado":36,"War Paint":46,"Smiling Mask":43,"Nunchaku":12,"CaptainsWheel":41,"Strawberry":7,"HolyWater":34,"Tiny Chest":21,"PureWater":0,"Pocketwatch":10},{"Lantern":1,"Regal Pillow":26,"Happy Flower":1,"Singing Bowl":15,"Astrolabe":9,"Enchiridion":11,"The Courier":4,"Bag of Preparation":19,"Bottled Tornado":19,"War Paint":26,"Smiling Mask":24,"Nunchaku":6,"CaptainsWheel":23,"Strawberry":3,"HolyWater":18,"Tiny Chest":11,"PureWater":0,"Pocketwatch":5},{"Lantern":3,"Regal Pillow":108,"Happy Flower":3,"Singing Bowl":57,"Astrolabe":32,"Enchiridion":38,"The Courier":12,"Bag of Preparation":75,"Bottled Tornado":75,"War Paint":108,"Smiling Mask":101,"Nunchaku":20,"CaptainsWheel":94,"Strawberry":10,"HolyWater":72,"Tiny Chest":38,"PureWater":0,"Pocketwatch":16}],"Pocketwatch":[47]},"card_choices":[{"not_picked":["Worship","EmptyBody"],"picked":"Consecrate","floor":1.0},{"not_picked":["JustLucky","Prostrate"],"picked":"BattleHymn","floor":5.0},{"not_picked":["EmptyBody","Indignation"],"picked":"Wireheading","floor":7.0},{"not_picked":["CarveReality","Protect"],"picked":"Wallop","floor":8.0},{"not_picked":["Conclude","EmptyBody"],"picked":"Scrawl","floor":10.0},{"not_picked":["Perseverance","WindmillStrike"],"picked":"CrushJoints","floor":12.0},{"not_picked":["Crescendo","FlyingSleeves"],"picked":"EmptyFist","floor":13.0},{"not_picked":["Wallop","CutThroughFate"],"picked":"Tantrum","floor":14.0},{"not_picked":["ConjureBlade","Blasphemy"],"picked":"Ragnarok","floor":16.0},{"not_picked":["Consecrate","Evaluate"],"picked":"Halt+1","floor":18},{"not_picked":["CrushJoints","EmptyFist"],"picked":"CutThroughFate+1","floor":19},{"not_picked":["Adaptation","ForeignInfluence","BowlingBash"],"picked":"SKIP","floor":22},{"not_picked":["PathToVictory+1","Consecrate"],"picked":"Halt+1","floor":24},{"not_picked":["BattleHymn","EmptyFist"],"picked":"Crescendo","floor":25},{"not_picked":["Consecrate","Halt","JustLucky"],"picked":"Singing Bowl","floor":28},{"not_picked":["Prostrate","WaveOfTheHand"],"picked":"Wallop","floor":29},{"not_picked":["ConjureBlade","Prostrate","Adaptation"],"picked":"Singing Bowl","floor":31},{"not_picked":["Alpha","Scrawl"],"picked":"Vault","floor":33},{"not_picked":["ForeignInfluence","SashWhip"],"picked":"InnerPeace","floor":35},{"not_picked":["FlyingSleeves","Sanctity","FollowUp"],"picked":"Singing Bowl","floor":37},{"not_picked":["Pray+1","Sanctity","EmptyFist"],"picked":"Singing Bowl","floor":38},{"not_picked":["SignatureMove","Worship"],"picked":"Blasphemy","floor":39},{"not_picked":["BowlingBash","Brilliance"],"picked":"Crescendo","floor":41},{"not_picked":["CrushJoints","WheelKick","PathToVictory+1"],"picked":"Singing Bowl","floor":42},{"not_picked":["Prostrate","FlurryOfBlows"],"picked":"DeceiveReality+1","floor":44},{"not_picked":["CrushJoints","PathToVictory","FlyingSleeves"],"picked":"Singing Bowl","floor":46}],"player_experience":3240520,"relics_obtained":[{"floor":7.0,"key":"Strawberry"},{"floor":9.0,"key":"The Courier"},{"floor":10.0,"key":"Pocketwatch"},{"floor":12.0,"key":"Nunchaku"},{"floor":20,"key":"Enchiridion"},{"floor":28,"key":"Singing Bowl"},{"floor":41,"key":"CaptainsWheel"},{"floor":43,"key":"Smiling Mask"},{"floor":46,"key":"War Paint"},{"floor":47,"key":"Regal Pillow"}],"event_choices":[{"damage_healed":0.0,"max_hp_gain":0.0,"max_hp_loss":0.0,"gold_gain":0.0,"event_name":"Big Fish","player_choice":"Box","floor":2.0,"gold_loss":0.0,"damage_taken":0.0,"relics_obtained":["Lantern"],"cards_obtained":["Regret"]},{"damage_healed":0.0,"max_hp_gain":0.0,"max_hp_loss":0.0,"gold_gain":0.0,"event_name":"Living Wall","player_choice":"Grow","floor":4.0,"gold_loss":0.0,"damage_taken":0.0,"cards_upgraded":["Eruption"]},{"damage_healed":0,"gold_gain":0,"player_choice":"Obtained Book","damage_taken":21,"max_hp_gain":0,"max_hp_loss":0,"event_name":"Cursed Tome","floor":20,"gold_loss":0},{"damage_healed":0,"gold_gain":0,"player_choice":"Gave Potion","damage_taken":0,"relics_obtained":["Tiny Chest"],"max_hp_gain":0,"max_hp_loss":0,"event_name":"WeMeetAgain","floor":21,"gold_loss":0},{"damage_healed":15,"gold_gain":0,"player_choice":"Heal","damage_taken":0,"max_hp_gain":0,"max_hp_loss":0,"event_name":"The Library","floor":30,"gold_loss":0},{"damage_healed":0,"gold_gain":0,"player_choice":"0 cards matched","damage_taken":0,"max_hp_gain":0,"max_hp_loss":0,"event_name":"Match and Keep!","floor":45,"gold_loss":0,"cards_obtained":[]},{"damage_healed":71,"gold_gain":0,"player_choice":"Heal","damage_taken":0,"max_hp_gain":0,"max_hp_loss":16,"event_name":"The Moai Head","floor":48,"gold_loss":0}],"is_beta":false,"boss_relics":[{"not_picked":["SlaversCollar","Sozu"],"picked":"Astrolabe"},{"not_picked":["Cursed Key","Runic Pyramid"],"picked":"HolyWater"}],"items_purged_floors":[3],"is_endless":false,"potions_floor_spawned":[1,8,12,13,19,22,28,29,33,35,38,42,44],"killed_by":"Time Eater","ascension_level":20}}