{"host":"684z1xpuwaoqmmh1","time":1613137021,"event":{"mods":["A Magickal Journey","BaseMod","Downfall","Hermit","Jorbs\u0027s Wanderer Trilogy","Marisa????????","Minty Spire (QoL Compilation)","Robot Space Explorer","Shade Mod","StSLib","The Bug Knight","The Dragon Tamer","The Elementalist","The Hayseed","The Hierophant","The Marked","The Mystic","The Runesmith","The Saiyan","The Senshi","The Spell Scribe","The Vixen","TheBandit","TheFirefly"],"gold_per_floor":[113,163,163,163,180,214,214,244,244,258,258,286,286,304,304,380,380,398,281,298,298,313,346,365,365,390,390,417,431,50,84,84,161,161,176,193,68,68,84,111,111,125,125,157,157,169,189,217,217,217,217,217,6,39,39],"floor_reached":56,"language":"ENG","playtime":3637,"items_purged":["theSenshi:SailorKick","Pain","downfall:Bewildered","theSenshi:MoonSpiralHeartAttack"],"score":2662,"play_id":"75009dcb-5bb3-4c05-8dd0-214170a20575","local_time":"20210212153701","is_ascension_mode":true,"campfire_choices":[{"data":"theSenshi:RoseThrow","floor":7,"key":"SMITH"},{"data":"theSenshi:SailorMarsAssists","floor":13,"key":"SMITH"},{"data":"theSenshi:MoonCrystalPowerMakeUp","floor":15,"key":"SMITH"},{"data":"theSenshi:MoonGorgeousMeditation","floor":25,"key":"SMITH"},{"floor":32,"key":"REST"},{"floor":41,"key":"RECALL"},{"data":"theSenshi:SailorStarHealerAssists","floor":45,"key":"SMITH"},{"data":"theSenshi:InTheNameOfTheMoon","floor":49,"key":"SMITH"},{"data":"theSenshi:SailorUranusAssists","floor":52,"key":"SMITH"}],"circlet_count":0,"master_deck":["AscendersBane","theSenshi:SailorKick","theSenshi:SailorKick","theSenshi:SailorBlock","theSenshi:SailorBlock","theSenshi:SailorBlock","theSenshi:RoseThrow+1","theSenshi:MoonPrismPowerMakeUp","theSenshi:SailorJupiterAssists","theSenshi:SailorChibiMoonAssists","theSenshi:StudyParty","theSenshi:MoonCrystalPowerMakeUp+1","theSenshi:SailorMarsAssists+1","theSenshi:MoonGorgeousMeditation+1","theSenshi:MoonPunch","theSenshi:SailorV","theSenshi:MercurysCunning","theSenshi:SailorMercuryAssists","theSenshi:SailorUranusAssists+1","theSenshi:CrisisMakeUp+1","theSenshi:MoonCosmicPowerMakeUp+1","theSenshi:KlutzyLuck+1","theSenshi:StudyParty+1","theSenshi:TuxedoMaskAssists+1","theSenshi:MoonGorgeousMeditation+1","theSenshi:SailorPlanetAttack","theSenshi:SailorStarHealerAssists+1","theSenshi:MoonlightKnight+1","theSenshi:MoonCrisisMakeUp+1","theSenshi:PlutosSolemnity+1","theSenshi:InTheNameOfTheMoon+1","theSenshi:GlimpseOfThePast+1"],"relics":["theSenshi:TransformationBroochRelic","White Beast Statue","Anchor","bronze:DecasWashers","theSenshi:TiaraRelic","Cursed Key","Happy Flower","WarpedTongs","Frozen Egg 2","theSenshi:SuperSailorFukuRelic","Mummified Hand","Black Star","Shuriken","theSenshi:CosmicHeartCompactRelic","Smiling Mask","Boot","Bag of Preparation","Art of War","hexamod:BolsterEngine","Mango"],"acts_visited":["Exordium","TheCity","TheBeyond","TheEnding"],"potions_floor_usage":[6,10,12,12,16,18,22,23,23,23,28,31,31,39,44,46,48,54,55,55],"damage_taken":[{"damage":0.0,"enemies":"Small Slimes","floor":1.0,"turns":4.0},{"damage":2,"enemies":"2 Louse","floor":5,"turns":2},{"damage":8,"enemies":"Gremlin Nob","floor":6,"turns":4},{"damage":13,"enemies":"Lagavulin","floor":8,"turns":7},{"damage":0,"enemies":"Cultist","floor":10,"turns":3},{"damage":0,"enemies":"Gremlin Nob","floor":12,"turns":3},{"damage":3,"enemies":"Blue Slaver","floor":14,"turns":3},{"damage":0,"enemies":"Slime Boss","floor":16,"turns":6},{"damage":12,"enemies":"Chosen","floor":18,"turns":4},{"damage":0,"enemies":"2 Thieves","floor":20,"turns":4},{"damage":10,"enemies":"Shelled Parasite and Fungi","floor":22,"turns":4},{"damage":9,"enemies":"Gremlin Leader","floor":23,"turns":7},{"damage":0,"enemies":"Centurion and Healer","floor":24,"turns":5},{"damage":11,"enemies":"HollowMod:Nosk","floor":28,"turns":6},{"damage":2,"enemies":"Snecko","floor":29,"turns":4},{"damage":5,"enemies":"Book of Stabbing","floor":31,"turns":5},{"damage":0,"enemies":"Champ","floor":33,"turns":9},{"damage":4,"enemies":"3 Darklings","floor":35,"turns":3},{"damage":0,"enemies":"Orb Walker","floor":36,"turns":3},{"damage":10,"enemies":"4 Shapes","floor":39,"turns":4},{"damage":0,"enemies":"Nemesis","floor":40,"turns":5},{"damage":0,"enemies":"3 Darklings","floor":42,"turns":3},{"damage":0,"enemies":"Giant Head","floor":44,"turns":6},{"damage":29,"enemies":"Jaw Worm Horde","floor":46,"turns":5},{"damage":0,"enemies":"Transient","floor":47,"turns":6},{"damage":5,"enemies":"Reptomancer","floor":48,"turns":6},{"damage":0,"enemies":"Time Eater","floor":50,"turns":10},{"damage":1,"enemies":"Shield and Spear","floor":54,"turns":4},{"damage":0,"enemies":"The Heart","floor":55,"turns":9}],"seed_played":"6537774460144374153","potions_obtained":[{"floor":4,"key":"Energy Potion"},{"floor":4,"key":"BlessingOfTheForge"},{"floor":5,"key":"Guardian:BlockOnCardUsePotion"},{"floor":6,"key":"Strength Potion"},{"floor":10,"key":"Fire Potion"},{"floor":12,"key":"EntropicBrew"},{"floor":14,"key":"BlessingOfTheForge"},{"floor":16,"key":"ColorlessPotion"},{"floor":18,"key":"CultistPotion"},{"floor":22,"key":"Fruit Juice"},{"floor":23,"key":"champ:CounterPotion"},{"floor":28,"key":"SkillPotion"},{"floor":31,"key":"Fire Potion"},{"floor":33,"key":"champ:CounterPotion"},{"floor":39,"key":"SteroidPotion"},{"floor":40,"key":"DuplicationPotion"},{"floor":44,"key":"Swift Potion"},{"floor":46,"key":"Fire Potion"},{"floor":47,"key":"Regen Potion"},{"floor":48,"key":"EssenceOfSteel"},{"floor":54,"key":"AttackPotion"}],"is_trial":false,"path_per_floor":["M","?","?","?","M","E","R","E","T","M","?","E","R","M","R","B",null,"M","$","M","?","M","E","M","R","T","?","E","M","$","E","R","B",null,"M","M","$","?","M","E","R","M","T","E","R","M","M","E","R","B",null,"R","$","E","B",null],"character_chosen":"THE_SENSHI","items_purchased":["theSenshi:SailorV","theSenshi:SuperSailorFukuRelic","hexamod:BolsterEngine"],"campfire_rested":1,"item_purchase_floors":[19,30,53],"current_hp_per_floor":[75,75,75,75,73,65,65,52,52,52,45,45,45,42,42,42,72,60,60,60,60,50,46,46,46,46,46,35,33,33,28,54,54,79,75,75,75,75,65,65,65,70,70,80,80,56,61,76,76,81,86,86,86,100,101],"gold":39,"neow_bonus":"TEN_PERCENT_HP_BONUS","is_daily":false,"chose_seed":false,"campfire_upgraded":7,"win_rate":0.0,"timestamp":1613137021,"path_taken":["M","?","?","?","?","E","R","E","T","M","?","E","R","M","R","BOSS","M","$","M","?","?","E","M","R","T","?","E","M","$","E","R","BOSS","M","M","$","?","M","E","R","M","T","E","R","?","M","E","R","BOSS","R","$","E","BOSS"],"items_purchased_type":["Card","Relic","Relic"],"build_version":"2020-12-22","purchased_purges":4,"victory":true,"max_hp_per_floor":[82,82,82,82,82,82,82,82,82,82,82,82,82,82,82,82,82,82,82,82,82,82,87,87,87,87,87,87,87,87,87,87,87,87,87,87,87,87,87,87,87,87,87,87,87,87,87,87,87,87,87,87,87,101,101],"card_choices":[{"not_picked":["theSenshi:MoonKick","theSenshi:MoonTiaraMagic"],"picked":"theSenshi:SailorJupiterAssists","floor":1.0},{"not_picked":["theSenshi:SchoolBag","theSenshi:KlutzyLuck"],"picked":"theSenshi:SailorChibiMoonAssists","floor":5},{"not_picked":["theSenshi:LunasBite","theSenshi:SailorChibiMoonAssists"],"picked":"theSenshi:MoonSpiralHeartAttack","floor":6},{"not_picked":["theSenshi:MoonPower","theSenshi:SupersonicWaves"],"picked":"theSenshi:StudyParty","floor":8},{"not_picked":["theSenshi:SailorMercuryAssists","theSenshi:EncouragingSpeech"],"picked":"theSenshi:MoonCrystalPowerMakeUp","floor":10},{"not_picked":["theSenshi:SailorJupiterAssists","theSenshi:Sidestep"],"picked":"theSenshi:SailorMarsAssists","floor":12},{"not_picked":["theSenshi:SupersonicWaves","theSenshi:Sidestep","theSenshi:EncouragingSpeech"],"picked":"SKIP","floor":14},{"not_picked":["theSenshi:InTheNameOfTheMoon","theSenshi:SailorSaturnAssists"],"picked":"theSenshi:MoonGorgeousMeditation","floor":16},{"not_picked":["theSenshi:TallSilhouette","theSenshi:SailorPlanetPower"],"picked":"theSenshi:MoonPunch","floor":18},{"not_picked":["theSenshi:EncouragingSpeech","theSenshi:MoonsReflection"],"picked":"theSenshi:MercurysCunning","floor":20},{"not_picked":["theSenshi:LateForSchool","theSenshi:StarlightHoneymoonTherapyKiss"],"picked":"theSenshi:SailorMercuryAssists","floor":22},{"not_picked":["theSenshi:SailorStarMakerAssists","theSenshi:Sidestep"],"picked":"theSenshi:SailorUranusAssists","floor":23},{"not_picked":["theSenshi:DramaticEntrance","theSenshi:MoonPower"],"picked":"theSenshi:CrisisMakeUp+1","floor":24},{"not_picked":["theSenshi:MoonPunch","theSenshi:LunasBite"],"picked":"theSenshi:MoonCosmicPowerMakeUp+1","floor":28},{"not_picked":["theSenshi:SailorMarsAssists","theSenshi:TuxedoSmokingBomber","theSenshi:SailorPlanetPower"],"picked":"SKIP","floor":29},{"not_picked":["theSenshi:Sidestep","theSenshi:SupersonicWaves"],"picked":"theSenshi:KlutzyLuck+1","floor":31},{"not_picked":["theSenshi:SailorCosmosAssists","theSenshi:MoonGorgeousMeditation"],"picked":"theSenshi:StudyParty+1","floor":33},{"not_picked":["theSenshi:LateForSchool+1","theSenshi:SailorMercuryAssists","theSenshi:SupersonicWaves"],"picked":"SKIP","floor":35},{"not_picked":["theSenshi:LunasBite","theSenshi:SailorChibiMoonAssists"],"picked":"theSenshi:TuxedoMaskAssists+1","floor":36},{"not_picked":["theSenshi:MarsPride+1","theSenshi:SupersonicWaves+1"],"picked":"theSenshi:SailorPlanetAttack","floor":39},{"not_picked":["theSenshi:EncouragingSpeech+1","theSenshi:WarriorOfTheMoon"],"picked":"theSenshi:SailorStarHealerAssists","floor":40},{"not_picked":["theSenshi:MoonPower+1","theSenshi:SailorMercuryAssists"],"picked":"theSenshi:MoonlightKnight+1","floor":42},{"not_picked":["theSenshi:MoonsReflection","theSenshi:SailorMercuryAssists+1"],"picked":"theSenshi:MoonCrisisMakeUp+1","floor":44},{"not_picked":["theSenshi:TallSilhouette","theSenshi:TuxedoSmokingBomber+1"],"picked":"theSenshi:PlutosSolemnity+1","floor":46},{"not_picked":["theSenshi:SailorMercuryAssists","theSenshi:SupersonicWaves"],"picked":"theSenshi:InTheNameOfTheMoon","floor":47},{"not_picked":["theSenshi:OdangoHead+1","theSenshi:SchoolBag","theSenshi:SailorMarsAssists"],"picked":"SKIP","floor":48},{"not_picked":["theSenshi:VenusGlamour","theSenshi:MoonPrincessHalation"],"picked":"theSenshi:GlimpseOfThePast+1","floor":54}],"player_experience":3264294,"relics_obtained":[{"floor":6,"key":"White Beast Statue"},{"floor":8,"key":"Anchor"},{"floor":9,"key":"bronze:DecasWashers"},{"floor":12,"key":"theSenshi:TiaraRelic"},{"floor":23,"key":"Happy Flower"},{"floor":28,"key":"Frozen Egg 2"},{"floor":31,"key":"Mummified Hand"},{"floor":40,"key":"Shuriken"},{"floor":40,"key":"theSenshi:CosmicHeartCompactRelic"},{"floor":44,"key":"Smiling Mask"},{"floor":44,"key":"Boot"},{"floor":48,"key":"Bag of Preparation"},{"floor":48,"key":"Art of War"},{"floor":54,"key":"Mango"}],"event_choices":[{"damage_healed":0,"gold_gain":0,"player_choice":"Ignored","damage_taken":0,"max_hp_gain":0,"max_hp_loss":0,"event_name":"Liars Game","floor":3,"gold_loss":0},{"damage_healed":0,"gold_gain":0,"player_choice":"Got Potions","damage_taken":0,"max_hp_gain":0,"max_hp_loss":0,"event_name":"Lab","floor":4,"gold_loss":0},{"cards_removed":["theSenshi:SailorKick"],"damage_healed":0,"gold_gain":0,"player_choice":"Card Removal","damage_taken":7,"max_hp_gain":0,"max_hp_loss":0,"event_name":"Golden Wing","floor":11,"gold_loss":0},{"cards_removed":["theSenshi:SailorBlock"],"damage_healed":0,"gold_gain":0,"player_choice":"Purged","damage_taken":0,"max_hp_gain":0,"max_hp_loss":0,"event_name":"Purifier","floor":21,"gold_loss":0},{"damage_healed":0,"gold_gain":0,"player_choice":"Rummage","damage_taken":0,"relics_obtained":["WarpedTongs"],"max_hp_gain":0,"max_hp_loss":0,"event_name":"Accursed Blacksmith","floor":27,"gold_loss":0,"cards_obtained":["Pain"]},{"damage_healed":0,"gold_gain":0,"player_choice":"Copied","damage_taken":0,"max_hp_gain":0,"max_hp_loss":0,"event_name":"Duplicator","floor":38,"gold_loss":0,"cards_obtained":["theSenshi:MoonGorgeousMeditation"]}],"is_beta":false,"boss_relics":[{"not_picked":["Sozu","Snecko Eye"],"picked":"Cursed Key"},{"not_picked":["theSenshi:MoonKaleidoScopeRelic","SlaversCollar"],"picked":"Black Star"}],"items_purged_floors":[19,30,37,53],"is_endless":false,"potions_floor_spawned":[5,6,8,10,12,14,16,18,20,22,23,24,28,29,31,33,35,36,39,40,42,44,46,47,48,54],"ascension_level":17}}