{"host":"b3acx0fd85ri4t7i","time":1613093646,"event":{"mods":["Act Like it!","Ascension Reborn","Aspiration","BaseMod","Challenge The Spire","Colored Map","Colored Powertips","Conspire","Dota2Spire","Downfall","GifTheSpireLib","Minty Spire (QoL Compilation)","Pale of the Ancients","Quick Restart","Relic Stats","Reliquary","Remilia（蕾米莉亚）","Replay The Spire","RumiaBox-露米娅的神秘盒子","SOS（斯巴达之子）","Shop Mod","Spicy Shops","StSLib","TestMod","The Hierophant","The Runesmith","The Servant 0.9.4","[IsaacMod]以撒尖塔","【功能Mod】混沌之环修复补丁","【功能Mod】聪明的最终Boss","篝火指南"],"gold_per_floor":[114,329,344,419,419,269,269,269],"floor_reached":7,"language":"ZHS","playtime":1403,"items_purged":[],"score":41,"play_id":"45f5415b-4edd-45d5-b310-c74e37a62491","local_time":"20210212093406","daily_mods":["Draft","Diverse","downfall:Hexed"],"is_ascension_mode":false,"campfire_choices":[],"circlet_count":0,"master_deck":["SuicideKing","Runesmith:ShiftingStrike","Crystallizer","Meteor Strike","bronze:Backtrace","Bloodletting","sneckomod:UnknownClassPALE_SHOWMAN_PURPLE_COLOR","Hologram","Straight","FastForward","Slimebound:GoopSpray","sneckomod:SoulDraw","JustLucky","hierophant:Sermon","Cold Snap","Slimebound:SamplingLick","BowlingBash","sneckomod:UnknownUncommonPower"],"relics":["ScarletHat","HushsDoor","testmod-TestBox","Velvet Choker","Damocles","testmod-Fanaticism","Baka","Slimebound:StickyStick","testmod-TurbochargingSystem","BlankCard","testmod-Charity"],"acts_visited":["Exordium"],"potions_floor_usage":[],"damage_taken":[{"damage":7,"enemies":"conspire:RoseBush","floor":1,"turns":2},{"damage":0,"enemies":"Jaw Worm","floor":2,"turns":2},{"damage":5,"enemies":"2 Louse","floor":3,"turns":6},{"damage":5,"enemies":"Gremlin Nob","floor":7,"turns":2}],"seed_played":"-8399458303924539785","potions_obtained":[{"floor":2,"key":"testmod-TestPotion"}],"is_trial":false,"path_per_floor":["M","M","M","?","$","R","E"],"character_chosen":"REMILIA","items_purchased":["testmod-Charity"],"campfire_rested":0,"item_purchase_floors":[6],"current_hp_per_floor":[69,69,64,53,53,53,0,0],"gold":269,"neow_bonus":"","is_daily":true,"chose_seed":false,"campfire_upgraded":0,"win_rate":0.0,"timestamp":1613093646,"path_taken":["M","M","M","?","$","R","E"],"items_purchased_type":["Relic"],"build_version":"2020-12-22","purchased_purges":0,"victory":false,"max_hp_per_floor":[75,75,75,75,75,75,75,75],"relic_stats":{"counters":[4,11],"obtain_stats":[{"KeepersGift":0,"Damocles":0,"testmod-Fanaticism":0,"testmod-TestBox":0,"Slimebound:StickyStick":1,"Velvet Choker":0,"Baka":1,"testmod-TurbochargingSystem":2,"BlankCard":3,"HushsDoor":0,"ScarletHat":0,"testmod-Charity":6},{"KeepersGift":0,"Damocles":0,"testmod-Fanaticism":0,"testmod-TestBox":0,"Slimebound:StickyStick":1,"Velvet Choker":0,"Baka":1,"testmod-TurbochargingSystem":2,"BlankCard":3,"HushsDoor":0,"ScarletHat":0,"testmod-Charity":3},{"KeepersGift":0,"Damocles":0,"testmod-Fanaticism":0,"testmod-TestBox":0,"Slimebound:StickyStick":2,"Velvet Choker":0,"Baka":2,"testmod-TurbochargingSystem":4,"BlankCard":10,"HushsDoor":0,"ScarletHat":0,"testmod-Charity":10}]},"card_choices":[{"not_picked":[],"picked":"SuicideKing","floor":0},{"not_picked":["Guardian:Gem_Cyan","bronze:AlphaBuild"],"picked":"Runesmith:ShiftingStrike","floor":0},{"not_picked":["Armaments","hexamod:ShieldOfDarkness"],"picked":"Crystallizer","floor":0},{"not_picked":["Runesmith:BackupBattery","champ:BerserkersShout"],"picked":"Meteor Strike","floor":0},{"not_picked":["hexamod:FirstSeal","Guardian:TemporalShield"],"picked":"bronze:Backtrace","floor":0},{"not_picked":["Slimebound:ViciousTackle","hierophant:AuricShield"],"picked":"Bloodletting","floor":0},{"not_picked":["hexamod:PowerFromBeyond","Guardian:Reroute"],"picked":"sneckomod:UnknownClassPALE_SHOWMAN_PURPLE_COLOR","floor":0},{"not_picked":["Pommel Strike","bronze:Frontload"],"picked":"Hologram","floor":0},{"not_picked":["Reset","Riddle With Holes"],"picked":"Straight","floor":0},{"not_picked":["Replay:ManipulateFuture","RealityMarble"],"picked":"FastForward","floor":0},{"not_picked":["Guardian:WalkerClaw","Runesmith:BackupBattery"],"picked":"Slimebound:GoopSpray","floor":0},{"not_picked":["TimeWarp","sneckomod:UnknownWeak"],"picked":"sneckomod:SoulDraw","floor":0},{"not_picked":["Fan","Slimebound:SlimeBrawl"],"picked":"JustLucky","floor":0},{"not_picked":["Hologram","Chargeshoot"],"picked":"hierophant:Sermon","floor":0},{"not_picked":["Poisoned Stab","Slimebound:RollThrough"],"picked":"Cold Snap","floor":0},{"not_picked":["FollowUp","champ:Circumvent"],"picked":"Slimebound:SamplingLick","floor":0},{"not_picked":["Dropkick","Runesmith:UnstableHammer"],"picked":"BowlingBash","floor":1},{"not_picked":["Replace","Alleviate"],"picked":"sneckomod:UnknownUncommonPower","floor":2},{"not_picked":["Runesmith:Overpower","bronze:CutThrough","Consecrate"],"picked":"SKIP","floor":3}],"player_experience":369514,"relics_obtained":[{"floor":1,"key":"Baka"},{"floor":1,"key":"Slimebound:StickyStick"},{"floor":2,"key":"testmod-TurbochargingSystem"},{"floor":3,"key":"BlankCard"}],"event_choices":[{"damage_healed":0,"gold_gain":75,"player_choice":"Gather Gold","damage_taken":11,"max_hp_gain":0,"max_hp_loss":0,"event_name":"World of Goop","floor":4,"gold_loss":0}],"is_beta":false,"boss_relics":[],"items_purged_floors":[],"is_endless":false,"potions_floor_spawned":[2],"killed_by":"Gremlin Nob","ascension_level":0}}