{"host":"27c7lqff1bu0ydoz","time":1613101881,"event":{"mods":["AchievementEnabler","Act Like it!","Aspiration","BaseMod","Bestiary","Better Third Choice","Block Reminder","CapriCore","Colored Powertips","Conspire","Energized Spire","Friendly Minions","Gensokyo","GifTheSpireLib","Hermit","Highlight Path","Hubris","Infinite Spire","Koishi","Marisa????????","Minty Spire (QoL Compilation)","Rare Cards Sparkle","Reimu??????","Reliquary","Remilia??????","Replay The Spire","StSLib","The Immortal","The Servant 0.9.4","Wandering Minibosses","Yakumo Yukari mod","Yuyuko","yUi"],"gold_per_floor":[109,120,130,189,208,241,251,251,251,286,286,305,318,318,318,415,415,431,431,451,376,376,376,391,391,391,408,408,408],"floor_reached":28,"language":"ENG","playtime":1925,"items_purged":["hermit:Strike_Hermit"],"score":232,"play_id":"4615e06a-7bcd-4cdb-97c4-b043f5670f45","local_time":"20210212045121","is_ascension_mode":false,"campfire_choices":[{"floor":8,"key":"REST"},{"floor":11,"key":"REST"},{"data":"hermit:Manifest","floor":15,"key":"SMITH"},{"data":"hermit:Reprieve","floor":23,"key":"SMITH"}],"circlet_count":0,"master_deck":["hermit:Strike_Hermit","hermit:Strike_Hermit","hermit:Strike_Hermit","hermit:Defend_Hermit","hermit:Defend_Hermit","hermit:Defend_Hermit","hermit:Defend_Hermit","hermit:Snapshot","hermit:Covet","hermit:PistolWhip","hermit:LowProfile","hermit:Quickdraw","ReplayTheSpireMod:Splinters","hermit:Manifest+1","hermit:SprayPray","hermit:Enervate","hermit:RoundhouseKick","hermit:Malice","hermit:Ricochet","hermit:ShadowCloak","hermit:BigShot","Amnesia","hermit:Reprieve+1","hermit:Determination","hermit:Feint","hermit:Grudge+1"],"relics":["hermit:Momento","Singing Bowl","Sundial","Garlic","reliquary:Stiletto","Sozu","CultistMask","reliquary:QuartzCube","Replay:Mystery Machine"],"acts_visited":["Exordium","TheCity"],"potions_floor_usage":[6,10],"damage_taken":[{"damage":6,"enemies":"Cultist","floor":1,"turns":3},{"damage":3,"enemies":"Small Slimes","floor":2,"turns":3},{"damage":2,"enemies":"Jaw Worm","floor":3,"turns":3},{"damage":1,"enemies":"Large Slime","floor":5,"turns":6},{"damage":21,"enemies":"Gremlin Nob","floor":6,"turns":4},{"damage":0,"enemies":"Exordium Thugs","floor":7,"turns":4},{"damage":23,"enemies":"Lagavulin","floor":10,"turns":6},{"damage":4,"enemies":"Red Slaver","floor":12,"turns":2},{"damage":5,"enemies":"2 Fungi Beasts","floor":13,"turns":3},{"damage":11,"enemies":"Fading Forest","floor":16,"turns":11},{"damage":0,"enemies":"Spheric Guardian","floor":18,"turns":3},{"damage":0,"enemies":"Chosen","floor":20,"turns":4},{"damage":38,"enemies":"Snecko","floor":24,"turns":6},{"damage":5,"enemies":"conspire:HollyBat","floor":27,"turns":9},{"damage":35,"enemies":"Gremlin Leader","floor":28,"turns":4}],"seed_played":"-4189954756944447347","potions_obtained":[{"floor":3,"key":"GamblersBrew"},{"floor":5,"key":"hermit:BlackBile"},{"floor":10,"key":"Ancient Potion"},{"floor":12,"key":"Block Potion"},{"floor":16,"key":"EssenceOfSteel"}],"is_trial":false,"path_per_floor":["M","M","M","?","M","E","M","R","T","E","R","M","M","?","R","B",null,"M","?","M","$","?","R","M","T","T","M","E"],"character_chosen":"HERMIT","items_purchased":[],"campfire_rested":2,"item_purchase_floors":[],"current_hp_per_floor":[76,73,71,71,70,49,49,73,73,50,74,70,65,82,82,71,82,82,74,74,74,74,74,38,38,38,33,0,0],"gold":408,"neow_bonus":"TEN_PERCENT_HP_BONUS","is_daily":false,"chose_seed":false,"campfire_upgraded":2,"win_rate":0.0,"timestamp":1613101881,"path_taken":["M","M","M","?","M","E","M","R","T","E","R","M","M","?","R","BOSS","M","?","M","$","?","R","?","?","T","M","E"],"items_purchased_type":[],"build_version":"2020-12-22","purchased_purges":1,"victory":false,"max_hp_per_floor":[82,82,82,82,82,82,82,82,82,82,82,82,82,82,82,82,82,82,82,82,82,82,82,84,84,84,84,84,84],"card_choices":[{"not_picked":["hermit:Feint","hermit:Ricochet"],"picked":"hermit:PistolWhip","floor":1},{"not_picked":["hermit:SprayPray","hermit:Glare"],"picked":"hermit:LowProfile","floor":2},{"not_picked":["hermit:HoleUp","hermit:BigShot"],"picked":"hermit:Quickdraw","floor":3},{"not_picked":["hermit:BodyArmor","hermit:LoneWolf"],"picked":"hermit:Manifest","floor":4},{"not_picked":["hermit:Coalescence","hermit:ItchyTrigger"],"picked":"hermit:SprayPray","floor":4},{"not_picked":["hermit:Malice","hermit:Ricochet"],"picked":"hermit:Enervate","floor":5},{"not_picked":["hermit:BodyArmor","hermit:Vantage"],"picked":"hermit:RoundhouseKick","floor":6},{"not_picked":["hermit:Coalescence","hermit:Brawl"],"picked":"hermit:Malice","floor":7},{"not_picked":["hermit:LoneWolf","hermit:Purgatory"],"picked":"hermit:Ricochet","floor":10},{"not_picked":["hermit:Manifest","hermit:GoldenBullet"],"picked":"hermit:ShadowCloak","floor":12},{"not_picked":["hermit:LoneWolf","hermit:FullyLoaded"],"picked":"hermit:BigShot","floor":13},{"not_picked":["hermit:OverwhelmingPower","hermit:RoundhouseKick"],"picked":"hermit:Reprieve","floor":16},{"not_picked":["hermit:Headshot","hermit:Roulette"],"picked":"hermit:Determination","floor":18},{"not_picked":["hermit:HighCaliber","hermit:Brawl"],"picked":"hermit:Feint","floor":20},{"not_picked":["hermit:Horror","hermit:CalledShot","hermit:Desperado+1"],"picked":"Singing Bowl","floor":24},{"not_picked":["hermit:LoneWolf","hermit:ShadowCloak"],"picked":"hermit:Grudge+1","floor":27}],"player_experience":313292,"relics_obtained":[{"floor":4,"key":"Singing Bowl"},{"floor":6,"key":"Sundial"},{"floor":9,"key":"Garlic"},{"floor":10,"key":"reliquary:Stiletto"},{"floor":25,"key":"reliquary:QuartzCube"},{"floor":26,"key":"Replay:Mystery Machine"}],"event_choices":[{"damage_healed":0,"gold_gain":0,"player_choice":"Damaged","damage_taken":8,"max_hp_gain":0,"max_hp_loss":0,"event_name":"Wheel of Change","floor":19,"gold_loss":0},{"damage_healed":0,"gold_gain":0,"player_choice":"Trade","damage_taken":0,"relics_obtained":["CultistMask"],"max_hp_gain":0,"max_hp_loss":0,"event_name":"FaceTrader","floor":22,"gold_loss":0}],"is_beta":false,"boss_relics":[{"not_picked":["Runic Pyramid","energizedSpire:DeadBattery"],"picked":"Sozu"}],"items_purged_floors":[21],"is_endless":false,"potions_floor_spawned":[3,5,10,12,16,18,24],"killed_by":"Gremlin Leader","ascension_level":0}}