{"host":"4kmvpqjeiacgn1pr","time":1613172019,"event":{"mods":["A Penny For Your Troubles","AchievementEnabler","AlwaysNeverKeys","Aspiration","BaseMod","Bestiary","Better Altar","Better Match","Better Note","Better Sensory Stone","Better Skull","Better Third Choice","Better Vampires","BetterRewards","Colored Map","Colored Powertips","Conspire","Curses Come First","Downfall","Halation","Highlight Path","Infinite Spire","Minty Spire (QoL Compilation)","Permanent Neow","Quick Restart","Rare Cards Sparkle","Relic Sorter","Relic Stats","Replay The Spire","Reworked Bosses","Shop Mod","Smile Girya","Spicy Shops","Spikes Relics","StSLib","Waifu the Spire"],"gold_per_floor":[113,131,131,151,162,203,223,223,299,324,66,102,102,102,102,224,224,256,274,199,208,235,235,235,235,237,237],"floor_reached":26,"language":"ENG","playtime":898,"items_purged":[],"score":324,"play_id":"ae15cfe5-e691-4cdb-8a09-fa2d75d20a98","local_time":"20210212182019","is_ascension_mode":true,"campfire_choices":[{"data":"ReplayTheSpireMod:From All Sides","floor":8,"key":"SMITH"},{"data":"Toxin Wave","floor":13,"key":"SMITH"},{"data":"ReplayTheSpireMod:Scrap Shanks","floor":15,"key":"SMITH"},{"data":"Mirror Shield","floor":25,"key":"SMITH"}],"circlet_count":0,"master_deck":["AscendersBane","Strike_G","Strike_G","Strike_G","Defend_G","Defend_G","Defend_G","Defend_G","Defend_G","Survivor","Neutralize","Dagger Throw","Flying Knee","Fluid Movement","ReplayTheSpireMod:Scrap Shanks+1","Heel Hook","ReplayTheSpireMod:From All Sides+1","Dagger Spray","Masterful Stab","Toxin Wave+1","Choke","Mirror Shield+1","Distraction","HandOfGreed","Flash of Steel","infinitespire:FinalStrike","Blade Dance+1"],"relics":["Iron Core","aspiration:Nostalgia","Sizzling Blood","CeramicFish","Gremlin Horn","Lee\u0027s Waffle","halation:IllGainedPizza","infinitespire:Cubic Diamond","SacredBark"],"acts_visited":["Exordium","TheCity"],"potions_floor_usage":[6,7,16,16,26],"damage_taken":[{"damage":1,"enemies":"2 Louse","floor":1,"turns":4},{"damage":1,"enemies":"Cultist","floor":2,"turns":4},{"damage":2,"enemies":"Small Slimes","floor":4,"turns":3},{"damage":0,"enemies":"Exordium Wildlife","floor":5,"turns":3},{"damage":53,"enemies":"Gremlin Nob","floor":6,"turns":6},{"damage":13,"enemies":"2 Fungi Beasts","floor":7,"turns":3},{"damage":0,"enemies":"Looter","floor":10,"turns":3},{"damage":28,"enemies":"3 Sentries","floor":12,"turns":8},{"damage":45,"enemies":"Hexaghost","floor":16,"turns":9},{"damage":12,"enemies":"Chosen","floor":18,"turns":5},{"damage":18,"enemies":"conspire:FuzzyDice","floor":22,"turns":6},{"damage":27,"enemies":"Nightmare","floor":26,"turns":3}],"seed_played":"-2369028301811882129","potions_obtained":[{"floor":2,"key":"Dexterity Potion"},{"floor":6,"key":"Energy Potion"},{"floor":10,"key":"bronze:BurnAndBuffPotion"},{"floor":12,"key":"champ:CounterPotion"},{"floor":22,"key":"champ:CounterPotion"}],"is_trial":false,"path_per_floor":["M","M","?","M","M","E","M","R","T","M","$","E","R","?","R","B",null,"M","?","?","?","M","PTL","PTL","R","NM"],"character_chosen":"THE_SILENT","items_purchased":["Toxin Wave","Lee\u0027s Waffle"],"campfire_rested":0,"item_purchase_floors":[11,11],"current_hp_per_floor":[70,73,73,74,74,25,16,16,16,20,81,57,57,57,57,16,65,57,57,57,38,24,24,24,24,0,0],"gold":237,"neow_bonus":"NOSTALGIA","is_daily":false,"chose_seed":false,"campfire_upgraded":4,"win_rate":0.0,"timestamp":1613172019,"path_taken":["M","M","?","?","M","E","M","R","T","?","?","E","R","?","R","BOSS","M","?","?","?","M","PTL","PTL","R","NM"],"items_purchased_type":["Card","Relic"],"build_version":"2020-12-22","purchased_purges":0,"victory":false,"max_hp_per_floor":[74,74,74,74,74,74,74,74,74,74,81,81,81,81,81,81,81,81,81,81,81,81,81,81,81,81,81],"relic_stats":{"Lee\u0027s Waffle":61,"Gremlin Horn":[3,3],"counters":[12,57],"CeramicFish":99,"obtain_stats":[{"Lee\u0027s Waffle":11,"Iron Core":14,"Gremlin Horn":9,"aspiration:Nostalgia":0,"CeramicFish":6,"SacredBark":17,"halation:IllGainedPizza":12,"infinitespire:Cubic Diamond":14,"Sizzling Blood":0,"Ring of the Snake":0},{"Lee\u0027s Waffle":7,"Iron Core":8,"Gremlin Horn":6,"aspiration:Nostalgia":0,"CeramicFish":5,"SacredBark":9,"halation:IllGainedPizza":8,"infinitespire:Cubic Diamond":8,"Sizzling Blood":0,"Ring of the Snake":0},{"Lee\u0027s Waffle":26,"Iron Core":34,"Gremlin Horn":23,"aspiration:Nostalgia":0,"CeramicFish":20,"SacredBark":43,"halation:IllGainedPizza":34,"infinitespire:Cubic Diamond":34,"Sizzling Blood":0,"Ring of the Snake":0}]},"card_choices":[{"not_picked":["Deflect","Dodge and Roll"],"picked":"Dagger Throw","floor":1},{"not_picked":["Acrobatics","Slice"],"picked":"Flying Knee","floor":2},{"not_picked":["Blade Dance","Acrobatics"],"picked":"ReplayTheSpireMod:Scrap Shanks","floor":4},{"not_picked":["conspire:PoisonWeapons","Flying Knee"],"picked":"Heel Hook","floor":5},{"not_picked":["Expertise","Fluid Movement"],"picked":"ReplayTheSpireMod:From All Sides","floor":6},{"not_picked":["Dagger Throw","Calculated Gamble"],"picked":"Dagger Spray","floor":7},{"not_picked":["Bouncing Flask","Flying Knee"],"picked":"Masterful Stab","floor":10},{"not_picked":["Pace","Outmaneuver"],"picked":"Choke","floor":12},{"not_picked":["Malaise","Offering"],"picked":"Mirror Shield","floor":16},{"not_picked":["Prepared","Cloak And Dagger"],"picked":"Distraction","floor":18},{"not_picked":["Purity","Replay:BasicMightCard"],"picked":"HandOfGreed","floor":19},{"not_picked":["Enlightenment","PlatinumSkin"],"picked":"Flash of Steel","floor":19},{"not_picked":["infinitespire:Oblivion","ReplayTheSpireMod:Black Plague"],"picked":"infinitespire:FinalStrike","floor":21},{"not_picked":["Bane+1","Toxin Wave"],"picked":"Blade Dance+1","floor":22}],"player_experience":470104,"relics_obtained":[{"floor":6,"key":"CeramicFish"},{"floor":9,"key":"Gremlin Horn"},{"floor":12,"key":"halation:IllGainedPizza"}],"event_choices":[{"damage_healed":0,"gold_gain":0,"cards_transformed":["Strike_G"],"player_choice":"Transformed","damage_taken":0,"max_hp_gain":0,"max_hp_loss":0,"event_name":"Transmorgrifier","floor":3,"gold_loss":0,"cards_obtained":["Fluid Movement"]},{"damage_healed":0,"gold_gain":2,"player_choice":"1","damage_taken":0,"max_hp_gain":0,"max_hp_loss":0,"event_name":"betterStone:BetterStone","floor":19,"gold_loss":0},{"cards_removed":["Strike_G"],"damage_healed":0,"gold_gain":0,"player_choice":"Gave Gold","damage_taken":0,"max_hp_gain":0,"max_hp_loss":0,"event_name":"Beggar","floor":20,"gold_loss":75}],"is_beta":false,"boss_relics":[{"not_picked":["Busted Crown","Painkiller Herb"],"picked":"SacredBark"}],"items_purged_floors":[],"is_endless":false,"potions_floor_spawned":[2,6,10,12,22],"killed_by":"Nightmare","ascension_level":10}}