{"host":"2rbn7ywmirq5y689","time":1613104817,"event":{"mods":["BaseMod","Colored Map","Colored Powertips","Highlight Path","Minty Spire (QoL Compilation)","Rare Cards Sparkle","Relic Stats","StSLib"],"gold_per_floor":[110,122,122,72,72,72,91,91,114,134,149,181,106,139,139,238,238,250,250,150,167,187,187,187,198,198,198,213,224,224,237,237,237,237],"floor_reached":33,"language":"ENG","playtime":1941,"items_purged":["Strike_B","Strike_B"],"score":259,"play_id":"a07baea6-ffc9-4582-af35-4d6051bb5fd6","local_time":"20210212124017","is_ascension_mode":false,"campfire_choices":[{"data":"Dualcast","floor":6,"key":"SMITH"},{"data":"Hologram","floor":8,"key":"SMITH"},{"data":"Hologram","floor":15,"key":"SMITH"},{"data":"Creative AI","floor":23,"key":"SMITH"},{"data":"Zap","floor":27,"key":"SMITH"},{"data":"Streamline","floor":30,"key":"SMITH"},{"floor":32,"key":"REST"}],"circlet_count":0,"master_deck":["Defend_B","Defend_B","Defend_B","Defend_B","Zap+1","Dualcast+1","Doom and Gloom","BootSequence","Coolheaded","Hologram+1","Beam Cell","Streamline+1","Hologram+1","Creative AI+1","Stack","Necronomicurse","Capacitor","Thunder Strike","Chill"],"relics":["Cracked Core","Vajra","Eternal Feather","Nuclear Battery","Necronomicon","Dead Branch"],"acts_visited":["Exordium","TheCity"],"potions_floor_usage":[16,16,33,33],"damage_taken":[{"damage":5,"enemies":"Jaw Worm","floor":1,"turns":4},{"damage":0,"enemies":"Small Slimes","floor":2,"turns":2},{"damage":0,"enemies":"Cultist","floor":7,"turns":3},{"damage":0,"enemies":"3 Louse","floor":10,"turns":1},{"damage":6,"enemies":"Gremlin Gang","floor":11,"turns":3},{"damage":17,"enemies":"3 Sentries","floor":12,"turns":5},{"damage":4,"enemies":"Lagavulin","floor":14,"turns":7},{"damage":16,"enemies":"Hexaghost","floor":16,"turns":9},{"damage":8,"enemies":"Chosen","floor":18,"turns":6},{"damage":5,"enemies":"Spheric Guardian","floor":21,"turns":3},{"damage":1,"enemies":"Snecko","floor":22,"turns":5},{"damage":0,"enemies":"Chosen and Byrds","floor":25,"turns":4},{"damage":23,"enemies":"3 Cultists","floor":28,"turns":5},{"damage":7,"enemies":"Snake Plant","floor":29,"turns":4},{"damage":13,"enemies":"Snecko","floor":31,"turns":5},{"damage":73,"enemies":"Collector","floor":33,"turns":6}],"seed_played":"6489924428665944622","potions_obtained":[{"floor":1,"key":"DuplicationPotion"},{"floor":10,"key":"EssenceOfSteel"},{"floor":11,"key":"EssenceOfSteel"},{"floor":21,"key":"ColorlessPotion"},{"floor":25,"key":"Swift Potion"}],"is_trial":false,"path_per_floor":["M","M","?","?","$","R","M","R","T","M","M","E","$","E","R","B",null,"M","?","$","M","M","R","?","M","T","R","M","M","R","M","R","B"],"character_chosen":"DEFECT","items_purchased":[],"campfire_rested":1,"item_purchase_floors":[],"current_hp_per_floor":[70,70,75,75,75,75,75,75,75,75,69,52,52,48,57,41,80,72,56,56,51,50,59,59,59,59,68,45,38,47,34,67,0,0],"gold":237,"neow_bonus":"THREE_CARDS","is_daily":false,"chose_seed":false,"campfire_upgraded":6,"win_rate":0.0,"timestamp":1613104817,"path_taken":["M","M","?","?","?","R","M","R","T","M","M","E","$","E","R","BOSS","M","?","$","M","M","R","?","?","T","R","M","M","R","M","R","BOSS"],"items_purchased_type":[],"build_version":"2020-12-22","purchased_purges":2,"victory":false,"max_hp_per_floor":[75,75,80,80,80,80,80,80,80,80,80,80,80,80,80,80,80,80,80,80,80,80,80,80,80,80,80,80,80,80,80,80,80,80],"relic_stats":{"counters":[16,72],"Dead Branch":[6],"Eternal Feather":45,"Necronomicon":[13],"obtain_stats":[{"Dead Branch":26,"Vajra":12,"Eternal Feather":14,"Necronomicon":19,"Cracked Core":0,"Nuclear Battery":17},{"Dead Branch":12,"Vajra":6,"Eternal Feather":7,"Necronomicon":9,"Cracked Core":0,"Nuclear Battery":8},{"Dead Branch":52,"Vajra":18,"Eternal Feather":25,"Necronomicon":40,"Cracked Core":0,"Nuclear Battery":34}]},"card_choices":[{"not_picked":["FTL","Coolheaded"],"picked":"Doom and Gloom","floor":0},{"not_picked":["Undo","Stack"],"picked":"BootSequence","floor":1},{"not_picked":["Sweeping Beam","Beam Cell"],"picked":"Coolheaded","floor":2},{"not_picked":["Double Energy","Conserve Battery"],"picked":"Hologram","floor":7},{"not_picked":["Gash","Steam"],"picked":"Beam Cell","floor":10},{"not_picked":["Steam Power","Beam Cell","Barrage"],"picked":"SKIP","floor":11},{"not_picked":["Rainbow","Rebound"],"picked":"Streamline","floor":12},{"not_picked":["Steam","Turbo"],"picked":"Hologram","floor":14},{"not_picked":["Reboot","Seek"],"picked":"Creative AI","floor":16},{"not_picked":["Cold Snap+1","Barrage"],"picked":"Stack","floor":18},{"not_picked":["Compile Driver","Rebound","Genetic Algorithm+1"],"picked":"SKIP","floor":21},{"not_picked":["Steam+1","Hologram"],"picked":"Capacitor","floor":22},{"not_picked":["Chaos","Compile Driver","Hologram"],"picked":"SKIP","floor":25},{"not_picked":["Streamline","BootSequence"],"picked":"Chill","floor":28},{"not_picked":["Chaos","Reboot","Turbo"],"picked":"SKIP","floor":29},{"not_picked":["Barrage","Rebound","Stack"],"picked":"SKIP","floor":31}],"player_experience":217830,"relics_obtained":[{"floor":12,"key":"Vajra"},{"floor":14,"key":"Eternal Feather"},{"floor":19,"key":"Necronomicon"},{"floor":26,"key":"Dead Branch"}],"event_choices":[{"damage_healed":0,"gold_gain":0,"player_choice":"Donut","damage_taken":0,"max_hp_gain":5,"max_hp_loss":0,"event_name":"Big Fish","floor":3,"gold_loss":0},{"cards_removed":["Strike_B"],"damage_healed":0,"gold_gain":0,"player_choice":"Card Removal","damage_taken":0,"max_hp_gain":0,"max_hp_loss":0,"event_name":"The Cleric","floor":4,"gold_loss":50},{"damage_healed":0,"gold_gain":0,"player_choice":"Obtained Book","damage_taken":16,"max_hp_gain":0,"max_hp_loss":0,"event_name":"Cursed Tome","floor":19,"gold_loss":0},{"damage_healed":0,"gold_gain":0,"cards_transformed":["Strike_B"],"player_choice":"Transformed","damage_taken":0,"max_hp_gain":0,"max_hp_loss":0,"event_name":"Transmorgrifier","floor":24,"gold_loss":0,"cards_obtained":["Thunder Strike"]}],"is_beta":false,"boss_relics":[{"not_picked":["Inserter","Fusion Hammer"],"picked":"Nuclear Battery"}],"items_purged_floors":[13,20],"is_endless":false,"potions_floor_spawned":[1,10,11,12,21,25,29],"killed_by":"Collector","ascension_level":0}}