{"host":"sup1rd0ujr5jgopq","time":1613124166,"event":{"mods":["BaseMod","Colored Map","Minty Spire (QoL Compilation)","StSLib"],"gold_per_floor":[109,109,184,109,121,156,166,196,249,264,264,297,297,317,317,413,413,425,425,435,452,132,132,165,165,216,216,246,265,265,265,265,365,365,384,396,296,313,324,324,357,357,357,419,431,57,57,77,77,77,77,77,26,51,51,51],"floor_reached":55,"playtime":3393,"items_purged":["Strike_G","Strike_G","Strike_G"],"score":791,"play_id":"c3576c76-50f9-49f2-b61e-46ae18e32b45","local_time":"20210212050245","is_ascension_mode":true,"campfire_choices":[{"floor":13,"key":"RECALL"},{"data":"Blade Dance","floor":15,"key":"SMITH"},{"data":"Crippling Poison","floor":23,"key":"SMITH"},{"data":"A Thousand Cuts","floor":25,"key":"SMITH"},{"data":"Catalyst","floor":27,"key":"SMITH"},{"data":"Leg Sweep","floor":30,"key":"SMITH"},{"floor":32,"key":"REST"},{"data":"Phantasmal Killer","floor":40,"key":"SMITH"},{"data":"Doppelganger","floor":45,"key":"SMITH"},{"data":"After Image","floor":49,"key":"SMITH"},{"data":"Noxious Fumes","floor":52,"key":"SMITH"}],"circlet_count":0,"master_deck":["Strike_G+1","Defend_G","Defend_G","Defend_G","Defend_G","Survivor","Neutralize","Finisher","Flying Knee","Leg Sweep+1","Dagger Spray+1","Catalyst+1","Blade Dance+1","Heel Hook","After Image+1","PiercingWail+1","A Thousand Cuts+1","Crippling Poison+1","Backflip","Slice","Deadly Poison","Phantasmal Killer+1","Deflect+1","Outmaneuver+1","Bane+1","Backflip+1","Doppelganger+1","Predator","Noxious Fumes+1","Poisoned Stab","Sucker Punch"],"relics":["Ring of the Serpent","NeowsBlessing","White Beast Statue","Pen Nib","Bronze Scales","Whetstone","Busted Crown","Omamori","Question Card","Anchor","Calipers","MawBank","Thread and Needle","Bag of Preparation","Gremlin Horn"],"acts_visited":["Exordium","TheCity","TheBeyond","TheEnding"],"potions_floor_usage":[8,10,12,14,16,18,20,28,28,28,33,33,38,41,41,41,50,50,54],"damage_taken":[{"damage":0,"enemies":"Jaw Worm","floor":1,"turns":1},{"damage":0,"enemies":"Cultist","floor":5,"turns":1},{"damage":0,"enemies":"Lagavulin","floor":6,"turns":1},{"damage":10,"enemies":"Small Slimes","floor":7,"turns":2},{"damage":9,"enemies":"3 Sentries","floor":8,"turns":6},{"damage":6,"enemies":"Exordium Thugs","floor":10,"turns":4},{"damage":4,"enemies":"Lagavulin","floor":12,"turns":6},{"damage":0,"enemies":"Red Slaver","floor":14,"turns":3},{"damage":15,"enemies":"Hexaghost","floor":16,"turns":10},{"damage":0,"enemies":"Chosen","floor":18,"turns":2},{"damage":0,"enemies":"Spheric Guardian","floor":20,"turns":4},{"damage":7,"enemies":"Shelled Parasite and Fungi","floor":21,"turns":5},{"damage":4,"enemies":"Gremlin Leader","floor":24,"turns":5},{"damage":0,"enemies":"Slavers","floor":28,"turns":3},{"damage":0,"enemies":"3 Cultists","floor":29,"turns":3},{"damage":48,"enemies":"Automaton","floor":33,"turns":10},{"damage":7,"enemies":"3 Darklings","floor":35,"turns":4},{"damage":0,"enemies":"3 Shapes","floor":36,"turns":4},{"damage":6,"enemies":"Writhing Mass","floor":38,"turns":6},{"damage":9,"enemies":"Maw","floor":39,"turns":7},{"damage":10,"enemies":"Reptomancer","floor":41,"turns":5},{"damage":0,"enemies":"Mind Bloom Boss Battle","floor":44,"turns":6},{"damage":0,"enemies":"4 Shapes","floor":48,"turns":5},{"damage":45,"enemies":"Time Eater","floor":50,"turns":13},{"damage":44,"enemies":"Shield and Spear","floor":54,"turns":7},{"damage":60,"enemies":"The Heart","floor":55,"turns":3}],"seed_played":"-5822262698907971084","potions_obtained":[{"floor":1,"key":"AttackPotion"},{"floor":6,"key":"Strength Potion"},{"floor":8,"key":"PowerPotion"},{"floor":10,"key":"ColorlessPotion"},{"floor":12,"key":"Strength Potion"},{"floor":14,"key":"FearPotion"},{"floor":16,"key":"Explosive Potion"},{"floor":18,"key":"Block Potion"},{"floor":20,"key":"ColorlessPotion"},{"floor":21,"key":"Block Potion"},{"floor":28,"key":"SkillPotion"},{"floor":29,"key":"ColorlessPotion"},{"floor":33,"key":"Block Potion"},{"floor":35,"key":"ColorlessPotion"},{"floor":36,"key":"Poison Potion"},{"floor":38,"key":"AttackPotion"},{"floor":41,"key":"GhostInAJar"},{"floor":44,"key":"Explosive Potion"},{"floor":48,"key":"BlessingOfTheForge"},{"floor":54,"key":"DuplicationPotion"}],"is_trial":false,"path_per_floor":["M","$","?","$","M","E","M","E","T","M","?","E","R","M","R","B",null,"M","?","M","M","$","R","E","R","T","R","E","M","R","?","R","B",null,"M","M","$","M","M","R","E","?","T","?","R","$","?","M","R","B",null,"R","$","E","B"],"character_chosen":"THE_SILENT","items_purchased":["Flying Knee","FearPotion","Backflip","Slice","Omamori","Predator","Bag of Preparation","Noxious Fumes","Poisoned Stab"],"campfire_rested":1,"item_purchase_floors":[4,4,22,22,22,46,46,46,53],"current_hp_per_floor":[70,70,63,63,63,63,53,44,44,38,38,34,34,34,34,19,70,70,70,70,63,63,63,59,59,59,59,59,59,59,46,68,20,75,68,68,68,62,53,53,43,43,43,43,43,43,62,62,62,17,75,75,75,31,0,0],"gold":51,"neow_bonus":"THREE_ENEMY_KILL","is_daily":false,"chose_seed":false,"campfire_upgraded":9,"win_rate":0.0,"timestamp":1613124165,"path_taken":["M","$","?","$","?","E","M","E","T","M","?","E","R","M","R","BOSS","M","?","M","?","$","R","E","R","T","R","E","M","R","?","R","BOSS","M","M","$","M","M","R","E","?","T","?","R","$","?","M","R","BOSS","R","$","E","BOSS"],"items_purchased_type":["Card","Potion","Card","Card","Relic","Card","Relic","Card","Card"],"build_version":"2020-12-13","purchased_purges":3,"victory":false,"max_hp_per_floor":[70,70,70,70,70,70,70,70,70,70,70,70,70,70,70,70,70,70,70,70,70,70,70,70,70,70,70,70,70,70,75,75,75,75,75,75,75,75,75,75,75,75,75,75,75,75,75,75,75,75,75,75,75,75,75,75],"card_choices":[{"not_picked":["Deadly Poison","Quick Slash"],"picked":"Finisher","floor":1},{"not_picked":["Quick Slash","Dagger Throw"],"picked":"Leg Sweep","floor":5},{"not_picked":["Underhanded Strike","Malaise"],"picked":"Dagger Spray","floor":6},{"not_picked":["Deadly Poison","Sucker Punch","Calculated Gamble"],"picked":"SKIP","floor":7},{"not_picked":["Noxious Fumes","PiercingWail"],"picked":"Catalyst","floor":8},{"not_picked":["Reflex","Riddle With Holes"],"picked":"Blade Dance","floor":10},{"not_picked":["Endless Agony","Distraction","Underhanded Strike"],"picked":"SKIP","floor":12},{"not_picked":["Underhanded Strike","PiercingWail"],"picked":"Heel Hook","floor":14},{"not_picked":["Bullet Time","Doppelganger"],"picked":"After Image","floor":16},{"not_picked":[],"picked":"PiercingWail+1","floor":18},{"not_picked":["Skewer+1"],"picked":"SKIP","floor":20},{"not_picked":[],"picked":"Crippling Poison","floor":21},{"not_picked":["Prepared"],"picked":"SKIP","floor":24},{"not_picked":["Blur+1"],"picked":"Deadly Poison","floor":28},{"not_picked":["Distraction+1","Underhanded Strike+1"],"picked":"SKIP","floor":29},{"not_picked":["Tools of the Trade"],"picked":"Phantasmal Killer","floor":33},{"not_picked":["Prepared+1"],"picked":"Deflect+1","floor":35},{"not_picked":["Endless Agony+1"],"picked":"Outmaneuver+1","floor":36},{"not_picked":["Sucker Punch"],"picked":"Bane+1","floor":38},{"not_picked":["Eviscerate"],"picked":"Backflip+1","floor":39},{"not_picked":["Flying Knee+1"],"picked":"Doppelganger","floor":41},{"not_picked":["Calculated Gamble+1","Skewer+1"],"picked":"SKIP","floor":48},{"not_picked":["Slice+1"],"picked":"Sucker Punch","floor":54}],"player_experience":22032,"relics_obtained":[{"floor":6,"key":"White Beast Statue"},{"floor":8,"key":"Pen Nib"},{"floor":9,"key":"Bronze Scales"},{"floor":12,"key":"Whetstone"},{"floor":24,"key":"Question Card"},{"floor":28,"key":"Anchor"},{"floor":41,"key":"Calipers"},{"floor":43,"key":"MawBank"},{"floor":44,"key":"Thread and Needle"},{"floor":54,"key":"Gremlin Horn"}],"event_choices":[{"damage_healed":0,"gold_gain":75,"player_choice":"Touch","damage_taken":7,"max_hp_gain":0,"max_hp_loss":0,"event_name":"FaceTrader","floor":3,"gold_loss":0},{"cards_removed":["Defend_G"],"damage_healed":0,"gold_gain":0,"player_choice":"Card Removal","damage_taken":0,"max_hp_gain":0,"max_hp_loss":0,"event_name":"Wheel of Change","floor":11,"gold_loss":0},{"damage_healed":0,"gold_gain":0,"cards_transformed":["Strike_G"],"player_choice":"Transformed","damage_taken":0,"max_hp_gain":0,"max_hp_loss":0,"event_name":"Transmorgrifier","floor":19,"gold_loss":0,"cards_obtained":["A Thousand Cuts"]},{"damage_healed":0,"gold_gain":0,"player_choice":"Shed Blood","damage_taken":18,"max_hp_gain":5,"max_hp_loss":0,"event_name":"Forgotten Altar","floor":31,"gold_loss":0},{"damage_healed":0,"gold_gain":0,"player_choice":"Ignored","damage_taken":0,"max_hp_gain":0,"max_hp_loss":0,"event_name":"Tomb of Lord Red Mask","floor":42,"gold_loss":0},{"damage_healed":0,"gold_gain":0,"player_choice":"Fight","damage_taken":0,"max_hp_gain":0,"max_hp_loss":0,"event_name":"MindBloom","floor":44,"gold_loss":0},{"damage_healed":19,"gold_gain":0,"player_choice":"Writhe","damage_taken":0,"max_hp_gain":0,"max_hp_loss":0,"event_name":"Winding Halls","floor":47,"gold_loss":0,"cards_obtained":["Writhe"]}],"is_beta":false,"boss_relics":[{"not_picked":["Snecko Eye","Tiny House"],"picked":"Busted Crown"},{"not_picked":["Fusion Hammer","Cursed Key"],"picked":"Ring of the Serpent"}],"items_purged_floors":[22,37,46],"is_endless":false,"potions_floor_spawned":[1,6,7,8,10,12,14,16,18,20,21,24,28,29,33,35,36,38,39,41,44,48,54],"killed_by":"The Heart","ascension_level":1}}