{"host":"Alvar","time":1613109811,"event":{"mods":["AchievementEnabler","BaseMod","Minty Spire (QoL Compilation)","StSLib","The Animator"],"gold_per_floor":[121,69,19,50,50,89,105,105,105,105,136,24,59,59],"floor_reached":13,"language":"ENG","playtime":587,"items_purged":["Pain"],"score":166,"play_id":"4c9b290d-7678-46b0-8c4a-c4e485301b86","local_time":"20210212130331","is_ascension_mode":true,"campfire_choices":[{"data":"animator:CrowleyEusford","floor":8.0,"key":"SMITH"},{"data":"animator:Mikaela","floor":10.0,"key":"SMITH"}],"circlet_count":0,"master_deck":["animator:Strike_OwariNoSeraph","animator:Defend_OwariNoSeraph","animator:Strike","animator:Strike","animator:Defend","animator:Defend","animator:Defend","animator:Shinoa","animator:Mikaela+1","animator:Raven","animator:Mitsuba","animator:GazelDwargon","animator:Yuuichirou","animator:CrowleyEusford+1","animator:Pride","animator:Laby"],"relics":["animator:LivingPicture","animator:TheMissingPiece","NeowsBlessing","WarpedTongs","Matryoshka","Bag of Preparation","White Beast Statue","Paper Frog","InkBottle"],"acts_visited":["Exordium"],"potions_floor_usage":[],"damage_taken":[{"damage":0.0,"enemies":"Cultist","floor":1.0,"turns":1.0},{"damage":0.0,"enemies":"Small Slimes","floor":4.0,"turns":1.0},{"damage":0.0,"enemies":"Gremlin Nob","floor":6.0,"turns":1.0},{"damage":4.0,"enemies":"Jaw Worm","floor":7.0,"turns":4.0},{"damage":1.0,"enemies":"Lagavulin","floor":11.0,"turns":6.0},{"damage":18,"enemies":"3 Sentries","floor":13,"turns":8}],"seed_played":"3961284181391071791","potions_obtained":[{"floor":1.0,"key":"Energy Potion"},{"floor":11.0,"key":"GamblersBrew"},{"floor":13,"key":"Dexterity Potion"}],"is_trial":false,"path_per_floor":["M","$","?","M","?","E","M","R","T","R","E","$","E"],"character_chosen":"THE_ANIMATOR","items_purchased":["animator:Mitsuba","animator:Laby"],"campfire_rested":0,"item_purchase_floors":[2,12],"current_hp_per_floor":[66,66,66,66,66,66,63,63,63,63,62,62,44,44],"gold":59,"neow_bonus":"THREE_ENEMY_KILL","is_daily":false,"chose_seed":false,"campfire_upgraded":2,"win_rate":0.0,"timestamp":1613109811,"path_taken":["M","$","?","M","?","E","?","R","T","R","E","$","E"],"items_purchased_type":["Card","Card"],"build_version":"2020-12-18","purchased_purges":1,"victory":false,"max_hp_per_floor":[66,66,66,66,66,66,67,67,67,67,67,67,67,67],"card_choices":[{"not_picked":["animator:Pride","animator:MaesHughes"],"picked":"animator:Raven","floor":1.0},{"not_picked":["animator:WinryRockbell","animator:Priestess"],"picked":"animator:GazelDwargon","floor":4.0},{"not_picked":["animator:Kaijin","animator:Darkness"],"picked":"animator:Yuuichirou","floor":6.0},{"not_picked":["animator:Shinoa","animator:Yoichi"],"picked":"animator:CrowleyEusford","floor":7.0},{"not_picked":["animator:Witch","animator:Mikaela"],"picked":"animator:Pride","floor":11.0}],"player_experience":826951,"relics_obtained":[{"floor":6.0,"key":"Matryoshka"},{"floor":9.0,"key":"Bag of Preparation"},{"floor":9.0,"key":"White Beast Statue"},{"floor":11.0,"key":"Paper Frog"},{"floor":13,"key":"InkBottle"}],"event_choices":[{"cards_removed":["animator:Strike"],"damage_healed":0.0,"max_hp_gain":0.0,"max_hp_loss":0.0,"gold_gain":0.0,"event_name":"The Cleric","player_choice":"Card Removal","floor":3.0,"gold_loss":50.0,"damage_taken":0.0},{"damage_healed":0.0,"max_hp_gain":0.0,"max_hp_loss":0.0,"gold_gain":0.0,"event_name":"Accursed Blacksmith","player_choice":"Rummage","floor":5.0,"gold_loss":0.0,"damage_taken":0.0,"relics_obtained":["WarpedTongs"],"cards_obtained":["Pain"]}],"is_beta":true,"boss_relics":[],"items_purged_floors":[12],"is_endless":false,"potions_floor_spawned":[1,11,13],"killed_by":"3 Sentries","ascension_level":2}}