{"host":"ppdttumzem9g74zu","time":1613089233,"event":{"mods":["2.2 Compatiblity","AchievementEnabler","BaseMod","Better Note","Block Reminder","Colored Powertips","Downfall","Googly Eyes","Hubris","Infinite Spire","Lobotomy","LobotomyExtend","Minty Spire (QoL Compilation)","Rare Cards Sparkle","Replay The Spire","StSLib"],"gold_per_floor":[115,115,115,131,131,131,162,162,162,181,17,17,17,36,36,135,135,145,156,66,66,66,95,95,36,63,75,75,94,94,114,39,136,136,149,261,273,273,273,273],"floor_reached":0,"language":"ENG","playtime":3379,"items_purged":[],"score":152,"play_id":"a04344e0-7f9a-4719-9f6e-1dfebfaf9302","local_time":"20210211212033","is_ascension_mode":false,"campfire_choices":[{"data":"Eruption","floor":6,"key":"SMITH"},{"floor":8,"key":"REST"},{"data":"ClearTheMind","floor":12,"key":"SMITH"},{"data":"EmptyFist","floor":15,"key":"SMITH"},{"data":"MentalFortress","floor":24,"key":"SMITH"},{"floor":28,"key":"REST"}],"circlet_count":0,"master_deck":["LongBird","Strike_P","Strike_P","Defend_P","Defend_P","Defend_P","Eruption+1","Vigilance+1","Murderer","EmptyFist+1","ClearTheMind+1","LaLuna","ConjureBlade","CrumblingArmor","QueenBee","MentalFortress+1","Indignation+1","EmptyFist+1","DeceiveReality","SilentOrchestra","Scrawl","Protect+1","Replay:Vibes","Crescendo","ShyLook","FlurryOfBlows+1","GalaxyChild","Alpha","NothingThere","hubris:NaturalOne","ClearTheMind","OldLady","Prostrate","Protect+1","BlackArmy"],"relics":["PureWater","CogitoBucket","infinitespire:Bottled Soul","hubris:Towel","hubris:GlazedTorus","hubris:64BitClover","Moonlight_r","Amita_r","BehaviorAdjustment","Justitia_r","Replay:Bottled Snecko","Bottled Tornado","infinitespire:CursedDice","ReplayFunnel","Nunchaku","Smiling Mask","hubris:Icosahedron","hubris:Backtick","Replay:Bottled Eggs","hubris:DisguiseKit"],"acts_visited":["Exordium","TheCity","TheBeyond"],"potions_floor_usage":[7,31,31,35],"damage_taken":[{"damage":0,"enemies":"Cultist","floor":1,"turns":2},{"damage":6,"enemies":"Jaw Worm","floor":4,"turns":3},{"damage":35,"enemies":"3 Sentries","floor":7,"turns":10},{"damage":0,"enemies":"2 Louse","floor":10,"turns":2},{"damage":0,"enemies":"Exordium Wildlife","floor":14,"turns":3},{"damage":27,"enemies":"Slime Boss","floor":16,"turns":9},{"damage":0,"enemies":"Shell Parasite","floor":18,"turns":4},{"damage":31,"enemies":"3 Byrds","floor":19,"turns":6},{"damage":24,"enemies":"Book of Stabbing","floor":23,"turns":7},{"damage":5,"enemies":"Snecko","floor":27,"turns":4},{"damage":2,"enemies":"Centurion and Healer","floor":29,"turns":7},{"damage":76,"enemies":"Sentry and Sphere","floor":31,"turns":10},{"damage":2,"enemies":"Collector","floor":33,"turns":6},{"damage":0,"enemies":"3 Darklings","floor":35,"turns":1},{"damage":15,"enemies":"Orb Walker","floor":37,"turns":6}],"seed_played":"8154975356431525444","potions_obtained":[{"floor":4,"key":"Milkshake"},{"floor":16,"key":"Fire Potion"},{"floor":19,"key":"Adrenaline Potion"},{"floor":23,"key":"Energy Potion"},{"floor":29,"key":"Milkshake"},{"floor":31,"key":"Energy Potion"},{"floor":35,"key":"Dexterity Potion"}],"is_trial":false,"path_per_floor":["M","T","?","M","?","R","E","R","T","M","$","R","E","M","R","B",null,"M","M","?","?","?","E","R","$","T","M","R","M","?","M","R","B",null,"M","$","M","?","?"],"character_chosen":"WATCHER","items_purchased":["MentalFortress","Indignation","EmptyFist","infinitespire:CursedDice","ReplayFunnel","Prostrate","hubris:DisguiseKit"],"campfire_rested":2,"item_purchase_floors":[11,11,11,25,25,36,36],"current_hp_per_floor":[72,72,72,66,66,66,31,52,52,52,52,52,1,1,1,43,70,70,57,57,57,57,57,57,57,57,52,76,80,80,40,40,38,95,101,101,86,86,103,103],"gold":273,"neow_bonus":"","is_daily":false,"chose_seed":false,"campfire_upgraded":4,"win_rate":0.0,"timestamp":1613089233,"path_taken":["M","?","?","M","?","R","E","R","T","?","$","R","E","M","R","BOSS","M","?","?","?","?","E","R","$","T","M","R","?","?","M","R","BOSS","M","$","M","?","?"],"items_purchased_type":["Card","Card","Card","Relic","Relic","Card","Relic"],"build_version":"2020-12-22","purchased_purges":0,"victory":false,"max_hp_per_floor":[72,72,72,72,72,72,72,72,72,72,72,72,1,1,1,70,70,74,78,78,78,78,81,81,81,81,82,82,84,84,92,92,95,95,102,102,103,103,103,103],"card_choices":[{"not_picked":["WallGazer","Bloodbath"],"picked":"Murderer","floor":1},{"not_picked":["LikeWater","Replay:Anticipation"],"picked":"EmptyFist","floor":1},{"not_picked":["Replay:DivineShield","Consecrate"],"picked":"ClearTheMind","floor":4},{"not_picked":["CherryBlossoms","SpiderBud"],"picked":"LaLuna","floor":4},{"not_picked":["Replay:LoomingThreat","ThirdEye"],"picked":"ConjureBlade","floor":7},{"not_picked":["FairyFestival","Bloodbath","SpiderBud"],"picked":"Singing Bowl","floor":7},{"not_picked":["MHz","FairyFestival"],"picked":"CrumblingArmor","floor":7},{"not_picked":["WallGazer","UniverseFragment","Wellcheers"],"picked":"Singing Bowl","floor":10},{"not_picked":["FairyFestival","OldLady"],"picked":"QueenBee","floor":10},{"not_picked":["SashWhip","Replay:ManipulateFuture","WaveOfTheHand"],"picked":"SKIP","floor":10},{"not_picked":["Replay:ManipulateFuture","Swivel"],"picked":"DeceiveReality","floor":14},{"not_picked":["CherryBlossoms","Woodsman","WhitesApple"],"picked":"Singing Bowl","floor":14},{"not_picked":["BlackSwan","Wellcheers"],"picked":"SilentOrchestra","floor":14},{"not_picked":["Bloodbath","MeatLantern","MHz"],"picked":"Singing Bowl","floor":16},{"not_picked":["CherryBlossoms","Yin"],"picked":"LongBird","floor":16},{"not_picked":["Vault","DevaForm"],"picked":"Scrawl","floor":16},{"not_picked":["WreathOfFlame","Nirvana"],"picked":"Protect+1","floor":18},{"not_picked":["BigBird","WallGazer","HappyTeddy"],"picked":"Singing Bowl","floor":18},{"not_picked":["OSAHOGD","WallGazer"],"picked":"QueenOfHatred","floor":18},{"not_picked":["SashWhip","Evaluate"],"picked":"Replay:Vibes","floor":19},{"not_picked":["BeautyBeast","BigBird","FieryBird"],"picked":"Singing Bowl","floor":19},{"not_picked":["LittlePrince","WallGazer"],"picked":"Mercenary","floor":23},{"not_picked":["Omniscience","Replay:Anticipation","Replay:AtTheReady"],"picked":"SKIP","floor":23},{"not_picked":["WhitesApple","Alriune","RedShoes"],"picked":"Singing Bowl","floor":27},{"not_picked":["Consecrate","Fasting2+1","Meditate"],"picked":"SKIP","floor":27},{"not_picked":["Replay:ManipulateFuture+1","EmptyBody"],"picked":"Crescendo","floor":29},{"not_picked":["Rudolta","FairyFestival"],"picked":"ShyLook","floor":29},{"not_picked":["Halt","Prostrate"],"picked":"FlurryOfBlows","floor":31},{"not_picked":["BlackSwan","Alriune"],"picked":"GalaxyChild","floor":31},{"not_picked":["Replay:LoomingThreat","Scrawl"],"picked":"Alpha","floor":33},{"not_picked":["OldLady","Laetitia"],"picked":"NothingThere","floor":33},{"not_picked":["FollowUp","WheelKick+1"],"picked":"ClearTheMind","floor":35},{"not_picked":["LittlePrince","DespairKnight","Scarecrow"],"picked":"Singing Bowl","floor":35},{"not_picked":["Bloodbath","BeautyBeast"],"picked":"OldLady","floor":35},{"not_picked":["Meditate+1","WaveOfTheHand","hubris:SlightOfHand"],"picked":"Protect+1","floor":37},{"not_picked":["Wellcheers","Bloodbath","BeautyBeast"],"picked":"Singing Bowl","floor":37},{"not_picked":["Scorched","Scarecrow"],"picked":"BlackArmy","floor":37}],"player_experience":145969,"relics_obtained":[{"floor":1,"key":"LetterFromLob"},{"floor":2,"key":"infinitespire:Bottled Soul"},{"floor":7,"key":"hubris:GlazedTorus"},{"floor":9,"key":"hubris:64BitClover"},{"floor":23,"key":"Bottled Tornado"},{"floor":26,"key":"Nunchaku"},{"floor":29,"key":"Smiling Mask"}],"event_choices":[{"cards_removed":["Defend_P"],"damage_healed":0,"gold_gain":0,"player_choice":"Upgrade and Remove","damage_taken":0,"max_hp_gain":0,"max_hp_loss":0,"event_name":"Designer","floor":20,"gold_loss":90,"cards_upgraded":["Indignation"]},{"damage_healed":0,"gold_gain":0,"player_choice":"Gave Potion","damage_taken":0,"relics_obtained":["Replay:Bottled Snecko"],"max_hp_gain":0,"max_hp_loss":0,"event_name":"WeMeetAgain","floor":21,"gold_loss":0},{"cards_removed":["Strike_P"],"damage_healed":0,"gold_gain":0,"player_choice":"Purged","damage_taken":0,"max_hp_gain":0,"max_hp_loss":0,"event_name":"Purifier","floor":22,"gold_loss":0},{"cards_removed":["Strike_P"],"damage_healed":0,"gold_gain":0,"player_choice":"Gave Gold","damage_taken":0,"max_hp_gain":0,"max_hp_loss":0,"event_name":"Beggar","floor":32,"gold_loss":75},{"damage_healed":0,"gold_gain":0,"player_choice":"Ignored","damage_taken":0,"max_hp_gain":0,"max_hp_loss":0,"event_name":"Mysterious Sphere","floor":38,"gold_loss":0}],"is_beta":false,"boss_relics":[{"not_picked":["hubris:CrackedHourglass","Velvet Choker","Astrolabe"]},{"not_picked":["SacredBark","Kintsugi"],"picked":"hubris:Backtick"}],"items_purged_floors":[],"is_endless":false,"potions_floor_spawned":[4,16,19,23,29,31,35],"ascension_level":0}}