{"host":"z42sc0n2dozsmk72","time":1613125124,"event":{"mods":["AchievementEnabler","BaseMod","Better Third Choice","Colored Map","Curses Come First","Highlight Path","Minty Spire (QoL Compilation)","Permanent Neow","Quick Restart","Relic Stats","Shop Mod","StSLib","egg","slay the spire mod where everything is the same but ironclad has a cowboy hat"],"gold_per_floor":[112,112,72,92,108,108,141,141,194,227,227,240,260,289,289,289,289],"floor_reached":16,"language":"ENG","playtime":842,"items_purged":[],"score":144,"play_id":"5521129f-d248-4590-8a5c-146c2b8f29b4","local_time":"20210212231844","is_ascension_mode":true,"campfire_choices":[{"data":"All For One","floor":6.0,"key":"SMITH"},{"floor":8.0,"key":"REST"},{"floor":15,"key":"REST"}],"circlet_count":0,"master_deck":["Strike_B","Strike_B","Strike_B","Defend_B","Defend_B","Defend_B","Defend_B","Zap","Dualcast","All For One+1","Loop","Echo Form","All For One"],"relics":["Snecko Eye","PreservedInsect","Juzu Bracelet","Bag of Marbles","Bronze Scales","Orichalcum"],"acts_visited":["Exordium"],"potions_floor_usage":[14],"damage_taken":[{"damage":3.0,"enemies":"Small Slimes","floor":1.0,"turns":4.0},{"damage":4.0,"enemies":"2 Louse","floor":4.0,"turns":3.0},{"damage":0.0,"enemies":"Cultist","floor":5.0,"turns":3.0},{"damage":17.0,"enemies":"Gremlin Nob","floor":7.0,"turns":4.0},{"damage":10.0,"enemies":"Lagavulin","floor":10.0,"turns":4.0},{"damage":9.0,"enemies":"3 Louse","floor":12.0,"turns":2.0},{"damage":22.0,"enemies":"Lots of Slimes","floor":13.0,"turns":3.0},{"damage":8,"enemies":"Gremlin Nob","floor":14,"turns":3},{"damage":35,"enemies":"Slime Boss","floor":16,"turns":5}],"seed_played":"-6014827882836301286","potions_obtained":[{"floor":3.0,"key":"LiquidBronze"},{"floor":3.0,"key":"Fruit Juice"},{"floor":3.0,"key":"Strength Potion"},{"floor":5.0,"key":"Block Potion"},{"floor":7.0,"key":"GamblersBrew"},{"floor":12.0,"key":"CultistPotion"}],"is_trial":false,"path_per_floor":["M","?","?","M","M","R","E","R","T","E","?","M","M","E","R","B"],"character_chosen":"DEFECT","items_purchased":[],"campfire_rested":2,"item_purchase_floors":[],"current_hp_per_floor":[72,47,47,43,48,48,31,55,55,45,45,36,14,6,30,0,0],"gold":289,"neow_bonus":"BOSS_RELIC","is_daily":false,"chose_seed":false,"campfire_upgraded":1,"win_rate":0.0,"timestamp":1613125124,"path_taken":["M","?","?","M","?","R","E","R","T","E","?","M","M","E","R","BOSS"],"items_purchased_type":[],"build_version":"2020-12-22","purchased_purges":0,"victory":false,"max_hp_per_floor":[75,75,75,75,80,80,80,80,80,80,80,80,80,80,80,80,80],"relic_stats":{"counters":[9,31],"Bronze Scales":[31],"Snecko Eye":[52,54,49,62],"PreservedInsect":71,"Juzu Bracelet":0,"Orichalcum":[12],"obtain_stats":[{"Bronze Scales":10,"Snecko Eye":0,"PreservedInsect":2,"Juzu Bracelet":7,"Bag of Marbles":9,"Orichalcum":14,"Cracked Core":0},{"Bronze Scales":5,"Snecko Eye":0,"PreservedInsect":1,"Juzu Bracelet":4,"Bag of Marbles":4,"Orichalcum":8,"Cracked Core":0},{"Bronze Scales":18,"Snecko Eye":0,"PreservedInsect":4,"Juzu Bracelet":14,"Bag of Marbles":14,"Orichalcum":26,"Cracked Core":0}]},"card_choices":[{"not_picked":["Conserve Battery","Barrage","Rebound"],"picked":"SKIP","floor":1.0},{"not_picked":["Darkness","Rebound","Redo"],"picked":"SKIP","floor":4.0},{"not_picked":["Coolheaded","Barrage"],"picked":"All For One","floor":5.0},{"not_picked":["Rip and Tear","Undo","Force Field"],"picked":"SKIP","floor":7.0},{"not_picked":["Lockon","Ball Lightning"],"picked":"Loop","floor":10.0},{"not_picked":["Redo","Gash","Heatsinks"],"picked":"SKIP","floor":12.0},{"not_picked":["Rebound","Compile Driver","Cold Snap"],"picked":"SKIP","floor":13.0},{"not_picked":["Chaos","Redo"],"picked":"All For One","floor":14}],"player_experience":935956,"relics_obtained":[{"floor":7.0,"key":"Juzu Bracelet"},{"floor":9.0,"key":"Bag of Marbles"},{"floor":10.0,"key":"Bronze Scales"},{"floor":14,"key":"Orichalcum"}],"event_choices":[{"damage_healed":0.0,"max_hp_gain":0.0,"max_hp_loss":0.0,"gold_gain":0.0,"event_name":"betterThird:BetterScrap","player_choice":"Relic ","floor":2.0,"gold_loss":0.0,"damage_taken":25.0,"cards_obtained":["Grand Finale"]},{"damage_healed":0.0,"max_hp_gain":0.0,"max_hp_loss":0.0,"gold_gain":0.0,"event_name":"The Woman in Blue","player_choice":"Bought 3 Potions","floor":3.0,"gold_loss":0.0,"damage_taken":0.0},{"damage_healed":0.0,"max_hp_gain":0.0,"max_hp_loss":0.0,"gold_gain":0.0,"cards_transformed":["Strike_B"],"event_name":"Transmorgrifier","player_choice":"Transformed","floor":11.0,"gold_loss":0.0,"damage_taken":0.0,"cards_obtained":["Echo Form"]}],"is_beta":false,"boss_relics":[],"items_purged_floors":[],"is_endless":false,"potions_floor_spawned":[5,7,12],"killed_by":"Slime Boss","ascension_level":4}}