{"host":"kh6fvhxn285ncg0o","time":1613168343,"event":{"mods":["Act Like it!","BaseMod","Colored Map","Friendly Minions","Keyboard Shortcuts","Minty Spire (QoL Compilation)","Quick Restart","Relic Stats","StSLib","SuperFastMode","UnlockEverythingMod"],"gold_per_floor":[111,111,121,121,135,135,145,179,179,179,179],"floor_reached":10,"language":"KOR","playtime":161,"items_purged":[],"score":136,"play_id":"a38b3a31-5c6c-484e-b502-0f7637617512","local_time":"20210213071903","is_ascension_mode":true,"campfire_choices":[{"floor":6,"key":"REST"}],"circlet_count":0,"master_deck":["AscendersBane","Strike_R","Strike_R","Strike_R+1","Strike_R","Strike_R","Defend_R","Defend_R","Defend_R","Defend_R+1","Bash+1","CurseOfTheBell","Flame Barrier+1","Battle Trance","Carnage"],"relics":["Calling Bell","Boot","Question Card","Du-Vu Doll","War Paint","Self Forming Clay","Bottled Lightning"],"acts_visited":["Exordium"],"potions_floor_usage":[8],"damage_taken":[{"damage":2,"enemies":"Cultist","floor":1,"turns":4},{"damage":2,"enemies":"Jaw Worm","floor":3,"turns":4},{"damage":0,"enemies":"2 Louse","floor":5,"turns":3},{"damage":0,"enemies":"2 Fungi Beasts","floor":7,"turns":3},{"damage":20,"enemies":"Lagavulin","floor":8,"turns":10},{"damage":20,"enemies":"3 Sentries","floor":10,"turns":2}],"seed_played":"-4234900388378401978","potions_obtained":[{"floor":1,"key":"Dexterity Potion"},{"floor":7,"key":"LiquidBronze"}],"is_trial":false,"path_per_floor":["M","?","M","?","M","R","M","E","T","E"],"character_chosen":"IRONCLAD","items_purchased":[],"campfire_rested":1,"item_purchase_floors":[],"current_hp_per_floor":[66,40,38,15,15,37,37,17,17,0,0],"gold":179,"neow_bonus":"BOSS_RELIC","is_daily":false,"chose_seed":false,"campfire_upgraded":0,"win_rate":0.0,"timestamp":1613168343,"path_taken":["M","?","M","?","M","R","M","E","T","E"],"items_purchased_type":[],"build_version":"2020-12-22","purchased_purges":0,"victory":false,"max_hp_per_floor":[75,75,75,75,75,75,75,75,75,75,75],"relic_stats":{"counters":[6,26],"Self Forming Clay":[0],"War Paint":["Flame Barrier","Defend_R"],"Boot":[5],"Question Card":5,"obtain_stats":[{"Calling Bell":0,"Du-Vu Doll":0,"Self Forming Clay":8,"Bottled Lightning":9,"War Paint":2,"Boot":0,"Question Card":0,"Burning Blood":0},{"Calling Bell":0,"Du-Vu Doll":0,"Self Forming Clay":5,"Bottled Lightning":5,"War Paint":1,"Boot":0,"Question Card":0,"Burning Blood":0},{"Calling Bell":0,"Du-Vu Doll":0,"Self Forming Clay":24,"Bottled Lightning":24,"War Paint":4,"Boot":0,"Question Card":0,"Burning Blood":0}]},"card_choices":[{"not_picked":["Shrug It Off","Warcry","Cleave"],"picked":"Flame Barrier","floor":1},{"not_picked":["Impervious","True Grit","Clothesline"],"picked":"Battle Trance","floor":5},{"not_picked":["Wild Strike","Infernal Blade","Reckless Charge"],"picked":"Carnage","floor":8}],"player_experience":1375768,"relics_obtained":[{"floor":0,"key":"Boot"},{"floor":0,"key":"Question Card"},{"floor":0,"key":"Du-Vu Doll"},{"floor":8,"key":"Self Forming Clay"},{"floor":9,"key":"Bottled Lightning"}],"event_choices":[{"damage_healed":0,"gold_gain":0,"player_choice":"Success","damage_taken":26,"relics_obtained":["War Paint"],"max_hp_gain":0,"max_hp_loss":0,"event_name":"Scrap Ooze","floor":2,"gold_loss":0},{"damage_healed":0,"gold_gain":0,"player_choice":"Entered Light","damage_taken":23,"max_hp_gain":0,"max_hp_loss":0,"event_name":"Shining Light","floor":4,"gold_loss":0,"cards_upgraded":["Bash","Strike_R"]}],"is_beta":false,"boss_relics":[],"items_purged_floors":[],"is_endless":false,"potions_floor_spawned":[1,7],"killed_by":"3 Sentries","ascension_level":20}}