{"host":"pqs17sqrgflf4eqa","time":1613159453,"event":{"mods":["AchievementEnabler","BaseMod","Bestiary","Better Altar","Colored Map","Colored Powertips","Emptier Cage","Googly Eyes","Highlight Path","Minty Spire (QoL Compilation)","Quick Restart","StSLib","SuperFastMode","Transform Curses","slay the spire mod where everything is the same but ironclad has a cowboy hat"],"gold_per_floor":[112,124,124,7,21,56,56,81,107,107,183,183,143,157,157,256,256,273,273,188,188,188,188,44,56,108,108,120,120,135,170,170,170,170],"floor_reached":33,"language":"ENG","playtime":621,"items_purged":[],"score":339,"play_id":"42adafe5-98f0-4674-86db-72cff1fb7915","local_time":"20210212145053","is_ascension_mode":true,"campfire_choices":[{"data":"Eruption","floor":7,"key":"SMITH"},{"floor":10,"key":"REST"},{"data":"Crescendo","floor":12,"key":"SMITH"},{"data":"Alpha","floor":15,"key":"SMITH"},{"floor":23,"key":"REST"},{"data":"LessonLearned","floor":29,"key":"SMITH"},{"floor":32,"key":"REST"}],"circlet_count":0,"master_deck":["Strike_P+1","Strike_P","Strike_P","Strike_P","Defend_P","Defend_P","Defend_P","Defend_P","Eruption+1","Vigilance","Alpha+1","ReachHeaven","FollowUp","Crescendo+1","Perseverance","Protect","EmptyFist","Prostrate","LessonLearned+1","CurseOfTheBell","Prostrate","RitualDagger","Vengeance+1","CutThroughFate","Protect+1","EmptyBody+1"],"relics":["PureWater","Bag of Marbles","Ancient Tea Set","MealTicket","Calling Bell","Centennial Puzzle","White Beast Statue","Peace Pipe","Pen Nib","MutagenicStrength","Sling","Orichalcum","Darkstone Periapt","Pear"],"acts_visited":["Exordium","TheCity"],"potions_floor_usage":[5,6,6,14,16,16,16,30,31,31,31,33],"damage_taken":[{"damage":6,"enemies":"2 Louse","floor":1,"turns":2},{"damage":0,"enemies":"Cultist","floor":2,"turns":2},{"damage":19,"enemies":"Jaw Worm","floor":5,"turns":3},{"damage":4,"enemies":"3 Sentries","floor":6,"turns":4},{"damage":30,"enemies":"Gremlin Nob","floor":8,"turns":4},{"damage":0,"enemies":"Looter","floor":14,"turns":4},{"damage":12,"enemies":"Hexaghost","floor":16,"turns":7},{"damage":39,"enemies":"3 Byrds","floor":18,"turns":5},{"damage":0,"enemies":"Spheric Guardian","floor":25,"turns":1},{"damage":15,"enemies":"Snake Plant","floor":28,"turns":3},{"damage":12,"enemies":"Centurion and Healer","floor":30,"turns":3},{"damage":29,"enemies":"Slavers","floor":31,"turns":5},{"damage":78,"enemies":"Champ","floor":33,"turns":5}],"seed_played":"-6763638648957401717","potions_obtained":[{"floor":1,"key":"CultistPotion"},{"floor":3,"key":"Regen Potion"},{"floor":3,"key":"SpeedPotion"},{"floor":3,"key":"Ambrosia"},{"floor":8,"key":"Dexterity Potion"},{"floor":13,"key":"LiquidBronze"},{"floor":13,"key":"BottledMiracle"},{"floor":14,"key":"SkillPotion"},{"floor":18,"key":"Regen Potion"},{"floor":25,"key":"Energy Potion"},{"floor":28,"key":"BottledMiracle"},{"floor":30,"key":"Explosive Potion"},{"floor":31,"key":"StancePotion"}],"is_trial":false,"path_per_floor":["M","M","?","$","M","E","R","E","T","R","?","R","?","M","R","B",null,"M","?","?","?","?","R","$","M","T","?","M","R","M","E","R","B"],"character_chosen":"WATCHER","items_purchased":["Crescendo","Perseverance","Sling"],"campfire_rested":3,"item_purchase_floors":[4,4,24],"current_hp_per_floor":[66,66,66,66,56,52,52,22,22,43,43,43,43,43,43,31,62,23,17,17,17,17,38,53,53,53,53,38,38,26,21,45,0,0],"gold":170,"neow_bonus":"ONE_RANDOM_RARE_CARD","is_daily":false,"chose_seed":false,"campfire_upgraded":4,"win_rate":0.0,"timestamp":1613159453,"path_taken":["M","M","?","?","?","E","R","E","T","R","?","R","?","M","R","BOSS","M","?","?","?","?","R","$","M","T","?","M","R","?","E","R","BOSS"],"items_purchased_type":["Card","Card","Relic"],"build_version":"2020-12-22","purchased_purges":0,"victory":false,"max_hp_per_floor":[72,72,72,72,72,72,72,72,72,72,72,72,72,72,72,72,72,72,72,72,72,72,72,72,72,72,72,72,72,72,82,82,82,82],"card_choices":[{"not_picked":["Indignation","Worship"],"picked":"ReachHeaven","floor":1},{"not_picked":["BowlingBash","Adaptation"],"picked":"FollowUp","floor":2},{"not_picked":["Weave","BowlingBash"],"picked":"Protect","floor":5},{"not_picked":["WheelKick","Alpha"],"picked":"EmptyFist","floor":6},{"not_picked":["SignatureMove","Evaluate"],"picked":"BowlingBash","floor":8},{"not_picked":["JustLucky","Fasting2"],"picked":"Prostrate","floor":14},{"not_picked":["SpiritShield","Devotion"],"picked":"LessonLearned","floor":16},{"not_picked":["Evaluate","ReachHeaven"],"picked":"Prostrate","floor":18},{"not_picked":["Evaluate","Pray"],"picked":"Vengeance+1","floor":25},{"not_picked":["FlurryOfBlows","Protect"],"picked":"CutThroughFate","floor":28},{"not_picked":["Conclude+1","WheelKick+1"],"picked":"Protect+1","floor":30},{"not_picked":["Tantrum","EmptyFist","EmptyBody+1"],"picked":"SKIP","floor":31},{"not_picked":["Tantrum","EmptyFist"],"picked":"EmptyBody+1","floor":31}],"player_experience":175570,"relics_obtained":[{"floor":6,"key":"Bag of Marbles"},{"floor":8,"key":"Ancient Tea Set"},{"floor":9,"key":"MealTicket"},{"floor":17,"key":"Centennial Puzzle"},{"floor":17,"key":"White Beast Statue"},{"floor":17,"key":"Peace Pipe"},{"floor":26,"key":"Orichalcum"},{"floor":31,"key":"Pear"}],"event_choices":[{"damage_healed":0,"gold_gain":0,"player_choice":"Got Potions","damage_taken":0,"max_hp_gain":0,"max_hp_loss":0,"event_name":"Lab","floor":3,"gold_loss":0},{"damage_healed":0,"gold_gain":76,"player_choice":"Gained Gold","damage_taken":0,"max_hp_gain":0,"max_hp_loss":0,"event_name":"Golden Wing","floor":11,"gold_loss":0},{"damage_healed":0,"gold_gain":0,"player_choice":"Bought 3 Potions","damage_taken":0,"max_hp_gain":0,"max_hp_loss":0,"event_name":"The Woman in Blue","floor":13,"gold_loss":0},{"damage_healed":0,"gold_gain":0,"player_choice":"Joined the Cult","damage_taken":6,"max_hp_gain":0,"max_hp_loss":0,"event_name":"Nest","floor":19,"gold_loss":0,"cards_obtained":["RitualDagger"]},{"damage_healed":0,"gold_gain":0,"player_choice":"Obtained Relic","damage_taken":0,"relics_obtained":["Pen Nib"],"max_hp_gain":0,"max_hp_loss":0,"event_name":"Addict","floor":20,"gold_loss":85},{"damage_healed":0,"gold_gain":0,"player_choice":"Inject Mutagens","damage_taken":0,"relics_obtained":["MutagenicStrength"],"max_hp_gain":0,"max_hp_loss":0,"event_name":"Drug Dealer","floor":21,"gold_loss":0},{"damage_healed":0,"gold_gain":0,"player_choice":"Ignored","damage_taken":0,"max_hp_gain":0,"max_hp_loss":0,"event_name":"Ghosts","floor":22,"gold_loss":0},{"cards_removed":["BowlingBash"],"damage_healed":0,"gold_gain":0,"player_choice":"Gave Card","damage_taken":0,"relics_obtained":["Darkstone Periapt"],"max_hp_gain":0,"max_hp_loss":0,"event_name":"WeMeetAgain","floor":27,"gold_loss":0}],"is_beta":false,"boss_relics":[{"not_picked":["HolyWater","VioletLotus"],"picked":"Calling Bell"}],"items_purged_floors":[],"is_endless":false,"potions_floor_spawned":[1,8,14,18,25,28,30,31],"killed_by":"Champ","ascension_level":5}}