{"host":"no5f9c6q31porkj5","time":1613148151,"event":{"mods":["BaseMod","Marisa£¨Ùöéë¡¡Øª×âÞÞ£©","Minty Spire (QoL Compilation)","StSLib","Td1madao Mod","The Cursed","The Gatherer","The Runesmith"],"gold_per_floor":[110,110,28,45,63,63,75,75,75,75,110,35,35,55,55,55,55],"floor_reached":16,"language":"KOR","playtime":532,"items_purged":["Bash"],"score":100,"play_id":"2c6df31d-76c3-43f5-8d38-4fca6b554ff4","local_time":"20210213014231","is_ascension_mode":false,"campfire_choices":[{"data":"Good Instincts","floor":6,"key":"SMITH"},{"data":"Defend_R","floor":8,"key":"SMITH"},{"floor":15,"key":"REST"}],"circlet_count":0,"master_deck":["Strike_R","Strike_R","Strike_R","Strike_R","Strike_R","Defend_R+1","Defend_R+1","Defend_R","Defend_R+1","Good Instincts+1","Body Slam","Shrug It Off"],"relics":["Burning Blood","Bottled Lightning","Shuriken"],"acts_visited":["Exordium"],"potions_floor_usage":[16,16,16],"damage_taken":[{"damage":7,"enemies":"Small Slimes","floor":1,"turns":4},{"damage":1,"enemies":"Jaw Worm","floor":4,"turns":5},{"damage":5,"enemies":"Cultist","floor":5,"turns":5},{"damage":0,"enemies":"Red Slaver","floor":7,"turns":4},{"damage":34,"enemies":"Gremlin Nob","floor":11,"turns":5},{"damage":5,"enemies":"Lots of Slimes","floor":14,"turns":5},{"damage":89,"enemies":"Slime Boss","floor":16,"turns":16}],"seed_played":"-3593807152759316642","potions_obtained":[{"floor":1,"key":"Strength Potion"},{"floor":4,"key":"GamblersBrew"},{"floor":14,"key":"BlessingOfTheForge"}],"is_trial":false,"path_per_floor":["M","?","$","M","M","R","M","R","T","?","E","$","?","M","R","B"],"character_chosen":"IRONCLAD","items_purchased":["Good Instincts"],"campfire_rested":1,"item_purchase_floors":[3],"current_hp_per_floor":[79,79,79,80,80,80,80,80,80,80,52,52,52,53,77,0,0],"gold":55,"neow_bonus":"THREE_CARDS","is_daily":false,"chose_seed":false,"campfire_upgraded":2,"win_rate":0.0,"timestamp":1613148151,"path_taken":["M","?","$","M","M","R","M","R","T","?","E","$","?","M","R","BOSS"],"items_purchased_type":["Card"],"build_version":"2020-12-22","purchased_purges":1,"victory":false,"max_hp_per_floor":[80,80,80,80,80,80,80,80,80,80,80,80,80,80,80,80,80],"card_choices":[{"not_picked":["Carnage","Uppercut","Anger"],"picked":"SKIP","floor":1},{"not_picked":["Sword Boomerang","Blood for Blood","Feel No Pain"],"picked":"SKIP","floor":4},{"not_picked":["Burning Pact","Power Through"],"picked":"Body Slam","floor":5},{"not_picked":["Thunderclap","Sever Soul","Warcry"],"picked":"SKIP","floor":7},{"not_picked":["Ghostly Armor","Sword Boomerang","Corruption"],"picked":"SKIP","floor":11},{"not_picked":["Perfected Strike","True Grit"],"picked":"Shrug It Off","floor":14}],"player_experience":121043,"relics_obtained":[{"floor":9,"key":"Bottled Lightning"},{"floor":11,"key":"Shuriken"}],"event_choices":[{"damage_healed":0,"gold_gain":0,"player_choice":"Ignored","damage_taken":0,"max_hp_gain":0,"max_hp_loss":0,"event_name":"Liars Game","floor":2,"gold_loss":0},{"damage_healed":0,"gold_gain":0,"player_choice":"Grow","damage_taken":0,"max_hp_gain":0,"max_hp_loss":0,"event_name":"Living Wall","floor":10,"gold_loss":0,"cards_upgraded":["Defend_R"]},{"damage_healed":0,"gold_gain":0,"player_choice":"Forge","damage_taken":0,"max_hp_gain":0,"max_hp_loss":0,"event_name":"Accursed Blacksmith","floor":13,"gold_loss":0,"cards_upgraded":["Defend_R"]}],"is_beta":false,"boss_relics":[],"items_purged_floors":[12],"is_endless":false,"potions_floor_spawned":[1,4,14],"killed_by":"Slime Boss","ascension_level":0}}