{"host":"2x189hkb4impm2gi","time":1613103352,"event":{"mods":["AchievementEnabler","BaseMod","Colored Map","Colored Powertips","Downfall","Minty Spire (QoL Compilation)","StSLib"],"gold_per_floor":[99,114,132,132,148,175,175,186,86,104,163,186,86,71,89,187,187,87,101,120,138,158,158,158,193,193,24,36,56,91,76,93,191,191,191,208,223,223,37,52,52,72,72,83,108,108,124,136,149,149,149,149],"floor_reached":50,"language":"ENG","playtime":5641,"items_purged":["Pain","Normality"],"score":571,"play_id":"7b0847a4-08eb-474a-9973-81ed04f98589","local_time":"20210211231552","is_ascension_mode":false,"campfire_choices":[{"floor":1.0,"key":"RECALL"},{"data":"Slimebound:Split","floor":9.0,"key":"SMITH"},{"floor":13.0,"key":"REST"},{"floor":18.0,"key":"REST"},{"floor":26.0,"key":"REST"},{"floor":35.0,"key":"REST"},{"floor":46,"key":"REST"}],"circlet_count":0,"master_deck":["Slimebound:Strike_Slimebound","Slimebound:Strike_Slimebound","Slimebound:Strike_Slimebound","Slimebound:Tackle","Slimebound:Defend_Slimebound","Slimebound:Defend_Slimebound","Slimebound:Defend_Slimebound","Slimebound:Defend_Slimebound","Slimebound:Split+1","Slimebound:CorrosiveSpit","Slimebound:GoopSpray","Slimebound:SplitBruiser","Slimebound:AcidTongue","Slimebound:SlimeSlap","Slimebound:SplitLeeching","Slimebound:PressTheAttack","Slimebound:Repurpose","Slimebound:RallyTheTroops","Slimebound:Prepare","Slimebound:ProtectTheBoss","Slimebound:SelfFormingGoo","Slimebound:SlimeTap","Slimebound:SplitAcid","Slimebound:SamplingLick+1","Slimebound:LeechingTouch","Pain","Slimebound:SpikyOuterGoop+1","Slimebound:LevelUp+1","Slimebound:SplitLeeching","Slimebound:HauntingLick","Slimebound:OneTwoCombo","Slimebound:Schlurp+1","Slimebound:PressTheAttack","Slimebound:MassFeed","Slimebound:GoopSpray+1","Slimebound:LevelUp+1","Slimebound:SamplingLick+1","Slimebound:LeadByExample+1","Slimebound:SlimeBarrage","downfall:Icky","downfall:Bewildered","Slimebound:MassRepurpose","Slimebound:Nibble+1","Slimebound:SplitAcid+1","Slimebound:SlimeBrawl"],"relics":["Slimebound:AbsorbEndCombat","downfall:ExtraCursedKey","Gremlin Horn","downfall:HeartBlessingBlue","Slimebound:MaxSlimesRelic","Odd Mushroom","downfall:HeartBlessingGreen","Fusion Hammer","downfall:HeartBlessingRed","Meat on the Bone","Frozen Egg 2","Ornamental Fan","Sozu","Spirit Poop","Blood Vial","Anchor"],"acts_visited":["Exordium","TheCity","TheBeyond"],"potions_floor_usage":[],"damage_taken":[{"damage":4.0,"enemies":"2 Louse","floor":2.0,"turns":2.0},{"damage":8.0,"enemies":"Small Slimes","floor":3.0,"turns":3.0},{"damage":1.0,"enemies":"Jaw Worm","floor":5.0,"turns":2.0},{"damage":31.0,"enemies":"3 Sentries","floor":6.0,"turns":7.0},{"damage":10.0,"enemies":"Lots of Slimes","floor":8.0,"turns":3.0},{"damage":12.0,"enemies":"Gremlin Gang","floor":10.0,"turns":3.0},{"damage":17.0,"enemies":"Gremlin Nob","floor":11.0,"turns":4.0},{"damage":11.0,"enemies":"The Mushroom Lair","floor":12.0,"turns":4.0},{"damage":6.0,"enemies":"downfall:FleeingMerchant","floor":14.0,"turns":4.0},{"damage":0.0,"enemies":"3 Louse","floor":15.0,"turns":3.0},{"damage":11.0,"enemies":"IC_STATUS_ARCHETYPE","floor":16.0,"turns":5.0},{"damage":4.0,"enemies":"Shell Parasite","floor":19.0,"turns":4.0},{"damage":3.0,"enemies":"Chosen","floor":20.0,"turns":4.0},{"damage":16.0,"enemies":"Shelled Parasite and Fungi","floor":21.0,"turns":5.0},{"damage":3.0,"enemies":"Chosen and Byrds","floor":22.0,"turns":6.0},{"damage":48.0,"enemies":"Book of Stabbing","floor":25.0,"turns":6.0},{"damage":9.0,"enemies":"downfall:FleeingMerchant","floor":27.0,"turns":4.0},{"damage":7.0,"enemies":"Centurion and Healer","floor":28.0,"turns":4.0},{"damage":15.0,"enemies":"Snake Plant","floor":29.0,"turns":3.0},{"damage":61.0,"enemies":"Gremlin Leader","floor":30.0,"turns":6.0},{"damage":13.0,"enemies":"downfall:FleeingMerchant","floor":31.0,"turns":4.0},{"damage":13.0,"enemies":"Sentry and Sphere","floor":32.0,"turns":4.0},{"damage":24.0,"enemies":"WA_ARCHETYPE_CALM","floor":33.0,"turns":8.0},{"damage":21.0,"enemies":"3 Shapes","floor":36.0,"turns":3.0},{"damage":10.0,"enemies":"Orb Walker","floor":37.0,"turns":3.0},{"damage":7.0,"enemies":"downfall:FleeingMerchant","floor":39.0,"turns":4.0},{"damage":17.0,"enemies":"Transient","floor":40.0,"turns":5.0},{"damage":37,"enemies":"3 Darklings","floor":42,"turns":4},{"damage":15,"enemies":"Maw","floor":44,"turns":7},{"damage":21,"enemies":"Giant Head","floor":45,"turns":8},{"damage":0,"enemies":"Transient","floor":47,"turns":5},{"damage":29,"enemies":"Spire Growth","floor":48,"turns":5},{"damage":25,"enemies":"Jaw Worm Horde","floor":49,"turns":4},{"damage":71,"enemies":"SI_POISON_ARCHETYPE","floor":50,"turns":6}],"seed_played":"-2304013410688613813","potions_obtained":[{"floor":3.0,"key":"LiquidMemories"},{"floor":5.0,"key":"SneckoOil"},{"floor":8.0,"key":"Block Potion"},{"floor":11.0,"key":"Energy Potion"},{"floor":15.0,"key":"Regen Potion"},{"floor":16.0,"key":"bronze:BurnAndBuffPotion"},{"floor":21.0,"key":"GamblersBrew"},{"floor":22.0,"key":"Slimebound:SlimyTonguePotion"},{"floor":28.0,"key":"hexamod:SoulburnPotion"},{"floor":30.0,"key":"Explosive Potion"}],"is_trial":false,"path_per_floor":["R","M","M","?","M","E","T","M","R","M","?","?","R","$","M","B",null,"R","M","M","M","M","?","T","E","R","$","M","M","E","$","M","B",null,"R","M","M","?","$","M","T","M","?","M","E","R","M","M","M","B"],"character_chosen":"SLIMEBOUND","items_purchased":["Slimebound:LevelUp+1","Slimebound:LeadByExample+1"],"campfire_rested":5,"item_purchase_floors":[27,39],"current_hp_per_floor":[71,69,65,65,64,39,39,33,43,39,26,21,45,43,45,54,81,81,81,81,71,76,76,76,48,72,71,72,61,20,21,24,20,81,81,68,64,64,65,56,56,39,39,46,47,73,83,62,47,0,0,0],"gold":149,"neow_bonus":"TEN_PERCENT_HP_BONUS","is_daily":false,"chose_seed":false,"campfire_upgraded":1,"win_rate":0.0,"timestamp":1613103352,"path_taken":["R","M","M","?","M","E","T","M","R","M","?","?","R","?","M","BOSS","R","M","?","M","?","?","T","E","R","$","?","M","E","$","M","BOSS","R","M","M","?","$","M","T","?","?","M","E","R","M","M","M","BOSS"],"items_purchased_type":["Card","Card"],"build_version":"2020-12-22","purchased_purges":2,"victory":false,"max_hp_per_floor":[71,71,71,71,71,71,71,71,81,81,81,81,81,81,81,81,81,81,81,81,81,81,81,81,81,81,81,81,81,81,81,81,81,81,81,87,87,87,87,87,87,87,87,87,87,87,87,87,87,87,87,87],"card_choices":[{"not_picked":["Slimebound:HauntingLick","Slimebound:LeechEnergy"],"picked":"Slimebound:GoopSpray","floor":2.0},{"not_picked":["Slimebound:SamplingLick","Slimebound:ComboTackle"],"picked":"Slimebound:SplitBruiser","floor":3.0},{"not_picked":["Slimebound:LeechEnergy","Slimebound:SplitMire"],"picked":"Slimebound:AcidTongue","floor":5.0},{"not_picked":["Slimebound:ForwardTackle","Slimebound:TongueLash"],"picked":"Slimebound:SlimeSlap","floor":6.0},{"not_picked":["Slimebound:HauntingLick","Slimebound:GoopTackle"],"picked":"Slimebound:SplitLeeching","floor":8.0},{"not_picked":["Slimebound:FormOfPuddle","Slimebound:ProtectTheBoss"],"picked":"Slimebound:PressTheAttack","floor":10.0},{"not_picked":["Slimebound:RejuvenatingLick","Slimebound:RollThrough"],"picked":"Slimebound:Repurpose","floor":11.0},{"not_picked":["Slimebound:PressTheAttack","Slimebound:Dissolve"],"picked":"Slimebound:RallyTheTroops","floor":12.0},{"not_picked":["Slimebound:SamplingLick","Slimebound:Schlurp"],"picked":"Slimebound:Prepare","floor":14.0},{"not_picked":["Slimebound:RollThrough","Slimebound:SplitBruiser"],"picked":"Slimebound:ProtectTheBoss","floor":15.0},{"not_picked":["Slimebound:DouseInSlime","Slimebound:PrepareCrush"],"picked":"Slimebound:SelfFormingGoo","floor":16.0},{"not_picked":["Slimebound:ComboTackle","Slimebound:GoopSpray"],"picked":"Slimebound:SlimeTap","floor":19.0},{"not_picked":["Slimebound:PressTheAttack","Slimebound:Gluttony"],"picked":"Slimebound:SplitAcid","floor":20.0},{"not_picked":["Slimebound:SlimeSpikes+1","Slimebound:PressTheAttack"],"picked":"Slimebound:SamplingLick+1","floor":21.0},{"not_picked":["Slimebound:RollThrough","Slimebound:SamplingLick"],"picked":"Slimebound:LeechingTouch","floor":22.0},{"not_picked":["Slimebound:LeechingTouch","Slimebound:SplitMire"],"picked":"Slimebound:SpikyOuterGoop+1","floor":25.0},{"not_picked":["Slimebound:LivingWall","Slimebound:ForwardTackle","Slimebound:SlimeSpikes"],"picked":"SKIP","floor":27.0},{"not_picked":["Slimebound:SplitBruiser","Slimebound:TongueLash+1"],"picked":"Slimebound:SplitLeeching","floor":28.0},{"not_picked":["Slimebound:FormOfPuddle","Slimebound:Prepare"],"picked":"Slimebound:HauntingLick","floor":29.0},{"not_picked":["Slimebound:BestDefense+1","Slimebound:FlameTackle"],"picked":"Slimebound:OneTwoCombo","floor":30.0},{"not_picked":["Slimebound:ItLooksTasty+1","Slimebound:RollThrough"],"picked":"Slimebound:Schlurp+1","floor":31.0},{"not_picked":["Slimebound:SpikyOuterGoop+1","Slimebound:BestDefense+1"],"picked":"Slimebound:PressTheAttack","floor":32.0},{"not_picked":["Slimebound:OozeBath","Slimebound:SlimeSlap"],"picked":"Slimebound:MassFeed","floor":33.0},{"not_picked":["Slimebound:BestDefense+1","Slimebound:SplitAcid"],"picked":"Slimebound:GoopSpray+1","floor":36.0},{"not_picked":["Slimebound:LeechEnergy","Slimebound:HauntingLick+1"],"picked":"Slimebound:LevelUp+1","floor":37.0},{"not_picked":["Slimebound:PressTheAttack","Slimebound:BestDefense+1"],"picked":"Slimebound:SamplingLick+1","floor":39.0},{"not_picked":["Slimebound:LeechEnergy","Slimebound:LivingWall"],"picked":"Slimebound:SlimeBarrage","floor":40.0},{"not_picked":["Slimebound:LeechingTouch","Slimebound:Gluttony+1","Slimebound:SplitAcid"],"picked":"SKIP","floor":42},{"not_picked":["Slimebound:LevelUp+1","Slimebound:AcidTongue+1"],"picked":"Slimebound:MassRepurpose","floor":44},{"not_picked":["Slimebound:PressTheAttack","Slimebound:SamplingLick+1","Slimebound:BestDefense+1"],"picked":"SKIP","floor":45},{"not_picked":["Slimebound:FinishingTackle+1","Slimebound:Chomp+1"],"picked":"Slimebound:Nibble+1","floor":47},{"not_picked":["Slimebound:LivingWall+1","Slimebound:ItLooksTasty"],"picked":"Slimebound:SplitAcid+1","floor":48},{"not_picked":["Slimebound:TongueLash","Slimebound:Chomp"],"picked":"Slimebound:SlimeBrawl","floor":49}],"player_experience":78176,"relics_obtained":[{"floor":6.0,"key":"Gremlin Horn"},{"floor":11.0,"key":"Slimebound:MaxSlimesRelic"},{"floor":12.0,"key":"Odd Mushroom"},{"floor":24.0,"key":"Meat on the Bone"},{"floor":25.0,"key":"Frozen Egg 2"},{"floor":30.0,"key":"Ornamental Fan"},{"floor":41.0,"key":"Blood Vial"},{"floor":45,"key":"Anchor"}],"event_choices":[{"damage_healed":0.0,"max_hp_gain":0.0,"max_hp_loss":0.0,"gold_gain":0.0,"event_name":"Mushrooms","player_choice":"Fought Mushrooms","floor":12.0,"gold_loss":0.0,"damage_taken":0.0},{"damage_healed":0.0,"max_hp_gain":0.0,"max_hp_loss":0.0,"gold_gain":0.0,"event_name":"NoteForYourself","player_choice":"Ignored","floor":23.0,"gold_loss":0.0,"damage_taken":0.0},{"cards_removed":["downfall:Haunted"],"damage_healed":0.0,"max_hp_gain":0.0,"max_hp_loss":0.0,"gold_gain":0.0,"event_name":"Bonfire Elementals","player_choice":"Offered Curse","floor":38.0,"gold_loss":0.0,"damage_taken":0.0,"relics_obtained":["Spirit Poop"]}],"is_beta":false,"boss_relics":[{"not_picked":["SlaversCollar","Tiny House"],"picked":"Fusion Hammer"},{"not_picked":["SacredBark","Runic Pyramid"],"picked":"Sozu"}],"items_purged_floors":[27,39],"is_endless":false,"potions_floor_spawned":[3,5,8,11,15,16,21,22,28,30,32,36,44,45],"killed_by":"SI_POISON_ARCHETYPE","ascension_level":0}}