{"host":"640uue19m79c7wbt","time":1613093695,"event":{"mods":["BaseMod","Colored Map","Googly Eyes","Highlight Path","Minty Spire (QoL Compilation)","Quick Restart","StSLib"],"gold_per_floor":[119,119,119,44,194,194,227,227,227,245,270,28,53,69,69,159,159,183,183,108,108,122,122,122,122],"floor_reached":24,"language":"ENG","playtime":759,"items_purged":["Injury"],"score":438,"play_id":"dcca6afc-cc1e-4769-a1d3-0dfdf485cc0b","local_time":"20210211203455","is_ascension_mode":true,"campfire_choices":[{"data":"Neutralize","floor":6.0,"key":"SMITH"},{"data":"Venomology","floor":8.0,"key":"SMITH"},{"floor":15.0,"key":"REST"},{"floor":23,"key":"REST"}],"circlet_count":0,"master_deck":["AscendersBane","Strike_G","Strike_G","Strike_G","Strike_G","Defend_G","Defend_G","Defend_G","Defend_G","Defend_G","Survivor","Neutralize+1","Prepared","Venomology+1","Dagger Spray","Dagger Throw","Envenom","Bouncing Flask","Cloak And Dagger","Underhanded Strike","Bullet Time","CurseOfTheBell","Well Laid Plans","Blade Dance"],"relics":["Ring of the Snake","NeowsBlessing","StoneCalendar","Golden Idol","Nunchaku","Ice Cream","Calling Bell","MealTicket","Ornamental Fan","TungstenRod","Nilry\u0027s Codex"],"acts_visited":["Exordium","TheCity"],"potions_floor_usage":[16,16,18,22,22,24,24],"damage_taken":[{"damage":0.0,"enemies":"Jaw Worm","floor":1.0,"turns":1.0},{"damage":0.0,"enemies":"Lagavulin","floor":7.0,"turns":2.0},{"damage":0.0,"enemies":"Small Slimes","floor":10.0,"turns":2.0},{"damage":0.0,"enemies":"Cultist","floor":11.0,"turns":3.0},{"damage":8.0,"enemies":"Exordium Thugs","floor":13.0,"turns":4.0},{"damage":8.0,"enemies":"Looter","floor":14.0,"turns":3.0},{"damage":29,"enemies":"The Guardian","floor":16,"turns":9},{"damage":9,"enemies":"3 Byrds","floor":18,"turns":7},{"damage":28,"enemies":"Shell Parasite","floor":22,"turns":6},{"damage":29,"enemies":"Gremlin Leader","floor":24,"turns":2}],"seed_played":"946901603412240373","potions_obtained":[{"floor":7.0,"key":"BlessingOfTheForge"},{"floor":11.0,"key":"SkillPotion"},{"floor":18,"key":"Ancient Potion"}],"is_trial":false,"path_per_floor":["M","?","?","$","?","R","E","R","T","M","M","$","M","M","R","B",null,"M","?","?","?","M","R","E"],"character_chosen":"THE_SILENT","items_purchased":["Envenom","Bouncing Flask"],"campfire_rested":2,"item_purchase_floors":[12,12],"current_hp_per_floor":[59,48,48,48,48,48,48,48,48,48,48,48,40,32,51,22,55,46,46,46,29,1,20,0,0],"gold":122,"neow_bonus":"THREE_ENEMY_KILL","is_daily":false,"chose_seed":false,"campfire_upgraded":2,"win_rate":0.0,"timestamp":1613093695,"path_taken":["M","?","?","$","?","R","E","R","T","?","?","?","M","M","R","BOSS","M","?","?","?","M","R","E"],"items_purchased_type":["Card","Card"],"build_version":"2020-12-22","purchased_purges":1,"victory":false,"max_hp_per_floor":[66,66,66,66,66,66,66,66,66,66,66,66,66,66,66,66,66,66,66,66,66,66,66,66,66],"card_choices":[{"not_picked":["Outmaneuver","Deadly Poison"],"picked":"Prepared","floor":1.0},{"not_picked":["Blade Dance","Acrobatics"],"picked":"Venomology","floor":7.0},{"not_picked":["Dodge and Roll","Backflip"],"picked":"Dagger Spray","floor":10.0},{"not_picked":["Backflip","Poisoned Stab"],"picked":"Dagger Throw","floor":11.0},{"not_picked":["Grand Finale","PiercingWail"],"picked":"Cloak And Dagger","floor":13.0},{"not_picked":["Calculated Gamble","Masterful Stab"],"picked":"Underhanded Strike","floor":14.0},{"not_picked":["Burst","Tools of the Trade"],"picked":"Bullet Time","floor":16},{"not_picked":["Deflect","Sucker Punch+1"],"picked":"Well Laid Plans","floor":18},{"not_picked":["Underhanded Strike+1","Prepared+1"],"picked":"Blade Dance","floor":22}],"player_experience":679455,"relics_obtained":[{"floor":7.0,"key":"Nunchaku"},{"floor":9.0,"key":"Ice Cream"},{"floor":17,"key":"MealTicket"},{"floor":17,"key":"Ornamental Fan"},{"floor":17,"key":"TungstenRod"},{"floor":21,"key":"Nilry\u0027s Codex"}],"event_choices":[{"damage_healed":0.0,"max_hp_gain":0.0,"max_hp_loss":0.0,"gold_gain":0.0,"event_name":"Scrap Ooze","player_choice":"Success","floor":2.0,"gold_loss":0.0,"damage_taken":11.0,"relics_obtained":["StoneCalendar"]},{"damage_healed":0.0,"max_hp_gain":0.0,"max_hp_loss":0.0,"gold_gain":0.0,"event_name":"Golden Idol","player_choice":"Take Wound","floor":3.0,"gold_loss":0.0,"damage_taken":0.0,"relics_obtained":["Golden Idol"],"cards_obtained":["Injury"]},{"damage_healed":0.0,"max_hp_gain":0.0,"max_hp_loss":0.0,"gold_gain":150.0,"event_name":"Liars Game","player_choice":"AGREE","floor":5.0,"gold_loss":0.0,"damage_taken":0.0,"cards_obtained":["Doubt"]},{"cards_removed":["Doubt"],"damage_healed":0,"gold_gain":0,"player_choice":"Elegance","damage_taken":0,"max_hp_gain":0,"max_hp_loss":0,"event_name":"Back to Basics","floor":19,"gold_loss":0},{"cards_removed":["Strike_G"],"damage_healed":0,"gold_gain":0,"player_choice":"Gave Gold","damage_taken":0,"max_hp_gain":0,"max_hp_loss":0,"event_name":"Beggar","floor":20,"gold_loss":75},{"damage_healed":0,"gold_gain":0,"player_choice":"Obtained Book","damage_taken":21,"max_hp_gain":0,"max_hp_loss":0,"event_name":"Cursed Tome","floor":21,"gold_loss":0}],"is_beta":false,"boss_relics":[{"not_picked":["Ectoplasm","Black Star"],"picked":"Calling Bell"}],"items_purged_floors":[4],"is_endless":false,"potions_floor_spawned":[7,11,18],"killed_by":"Gremlin Leader","ascension_level":20}}