{"host":"clf2hd4adhiiw0zf","time":1613116394,"event":{"mods":["AchievementEnabler","BaseMod","Beaked The Cultist","Bestiary","Dark Map","Downfall","Gremlin Mod","Hermit","Jorbs\u0027s Wanderer Trilogy","Marisa????????","Minty Spire (QoL Compilation)","Shop Mod","StSLib","The Cursed","The Servant 0.9.4","Wide Potions"],"gold_per_floor":[99,118,134,134,46,46,46,58,72,102,119,133,133,158,178,275,275,75,91,91,91,91,26,107,207,224,224,253,161,176,176,176,176],"floor_reached":31,"language":"ENG","playtime":1439,"items_purged":["downfall:Bewildered"],"score":332,"play_id":"afe4db1b-e5b6-4572-8de0-4590ce2d0740","local_time":"20210212005314","is_ascension_mode":true,"campfire_choices":[{"floor":1.0,"key":"RECALL"},{"data":"bronze:Hardcode","floor":18.0,"key":"SMITH"}],"circlet_count":0,"master_deck":["bronze:Strike","bronze:Strike","bronze:Strike","bronze:Defend","bronze:Defend","bronze:Defend","bronze:Defend","bronze:Replicate","bronze:Goto","bronze:Iterate","bronze:ForLoop","bronze:Iterate","bronze:InfiniteLoop","bronze:Overheat","bronze:FineTuning+1","bronze:Flail","bronze:GetLatest","bronze:Iterate","bronze:Frontload","bronze:Format","bronze:Terminator","Writhe","bronze:FunctionCard","bronze:Overload","bronze:FineTuning+1","bronze:FineTuning","bronze:BitShift+1","bronze:FollowUp+1","bronze:AlphaBuild+1"],"relics":["bronze:BronzeCore","Orichalcum","Bag of Marbles","War Paint","Ornamental Fan","expansioncontent:StudyCardRelic","downfall:HeartBlessingGreen","downfall:HeartBlessingRed","sneckomod:BabySnecko","Smiling Mask","Molten Egg 2","FossilizedHelix","Sundial","Pear"],"acts_visited":["Exordium","TheCity"],"potions_floor_usage":[27],"damage_taken":[{"damage":3.0,"enemies":"2 Louse","floor":2.0,"turns":3.0},{"damage":0.0,"enemies":"Cultist","floor":3.0,"turns":3.0},{"damage":5.0,"enemies":"downfall:FleeingMerchant","floor":5.0,"turns":4.0},{"damage":2.0,"enemies":"Jaw Worm","floor":8.0,"turns":3.0},{"damage":0.0,"enemies":"2 Fungi Beasts","floor":9.0,"turns":2.0},{"damage":28.0,"enemies":"Lagavulin","floor":10.0,"turns":6.0},{"damage":7.0,"enemies":"Exordium Wildlife","floor":11.0,"turns":3.0},{"damage":0.0,"enemies":"Large Slime","floor":12.0,"turns":3.0},{"damage":5.0,"enemies":"3 Sentries","floor":14.0,"turns":3.0},{"damage":0.0,"enemies":"Blue Slaver","floor":15.0,"turns":4.0},{"damage":20.0,"enemies":"SI_SHIV_ARCHETYPE","floor":16.0,"turns":4.0},{"damage":6,"enemies":"Chosen","floor":19,"turns":3},{"damage":9,"enemies":"downfall:FleeingMerchant","floor":23,"turns":4},{"damage":3,"enemies":"WA_ARCHETYPE_RETAIN","floor":25,"turns":4},{"damage":7,"enemies":"Shell Parasite","floor":26,"turns":2},{"damage":0,"enemies":"Centurion and Healer","floor":27,"turns":1},{"damage":22,"enemies":"Book of Stabbing","floor":28,"turns":5},{"damage":18,"enemies":"downfall:FleeingMerchant","floor":29,"turns":4},{"damage":12,"enemies":"Snake Plant","floor":30,"turns":3},{"damage":10,"enemies":"Gremlin Leader","floor":31,"turns":6}],"seed_played":"8138946697566366852","potions_obtained":[{"floor":2.0,"key":"champ:CounterPotion"},{"floor":4.0,"key":"EntropicBrew"},{"floor":4.0,"key":"AttackPotion"},{"floor":4.0,"key":"SkillPotion"},{"floor":8.0,"key":"Swift Potion"},{"floor":11.0,"key":"Block Potion"},{"floor":15.0,"key":"FearPotion"},{"floor":19,"key":"SmokeBomb"},{"floor":26,"key":"Dexterity Potion"}],"is_trial":false,"path_per_floor":["R","M","M","?","$","?","T","M","M","E","M","M","?","E","M","B",null,"R","M","?","?","?","$","T","?","M","M","E","$","M","E"],"character_chosen":"THE_AUTOMATON","items_purchased":["bronze:Philosophize","bronze:FollowUp+1"],"campfire_rested":0,"item_purchase_floors":[5,29],"current_hp_per_floor":[70,67,67,67,62,62,62,60,60,32,25,25,30,25,25,5,75,75,69,69,69,69,60,60,57,50,50,38,20,8,0,0,0],"gold":176,"neow_bonus":"RANDOM_COMMON_RELIC","is_daily":false,"chose_seed":false,"campfire_upgraded":1,"win_rate":0.0,"timestamp":1613116394,"path_taken":["R","M","M","?","?","?","T","M","M","E","?","M","?","E","M","BOSS","R","M","?","?","?","$","T","?","M","?","E","$","M","E"],"items_purchased_type":["Card","Card"],"build_version":"2020-12-22","purchased_purges":1,"victory":false,"max_hp_per_floor":[70,70,70,70,70,70,70,70,70,70,70,70,75,75,75,75,75,75,75,75,75,75,75,75,75,75,75,85,85,85,85,85,85],"card_choices":[{"not_picked":["bronze:BronzeOrb","bronze:BitShift"],"picked":"bronze:Iterate","floor":2.0},{"not_picked":["bronze:CutThrough","bronze:GetLatest"],"picked":"bronze:ForLoop","floor":3.0},{"not_picked":["bronze:Invalidate","bronze:Backtrace"],"picked":"bronze:Iterate","floor":5.0},{"not_picked":["bronze:Refactor","bronze:OilSpill"],"picked":"bronze:Overheat","floor":8.0},{"not_picked":["bronze:BronzeArmor","bronze:Refactor"],"picked":"bronze:FineTuning","floor":9.0},{"not_picked":["bronze:BuggyMess","bronze:BitShift"],"picked":"bronze:Flail","floor":10.0},{"not_picked":["bronze:DelayedSlice","bronze:GetLatest"],"picked":"bronze:Hardcode","floor":11.0},{"not_picked":["bronze:Return","bronze:ItsAFeature"],"picked":"bronze:GetLatest","floor":12.0},{"not_picked":["bronze:OilSpill","bronze:Overheat"],"picked":"bronze:Iterate","floor":14.0},{"not_picked":["bronze:Return","bronze:MaxOutput"],"picked":"bronze:Frontload","floor":15.0},{"not_picked":["bronze:FindAndReplace","bronze:Library"],"picked":"bronze:Format","floor":16.0},{"not_picked":["bronze:Constructor+1","bronze:BugBarrage"],"picked":"bronze:Terminator","floor":19},{"not_picked":["bronze:MaxOutput","bronze:Shield"],"picked":"bronze:Overload","floor":23},{"not_picked":["bronze:WildBeam+1","bronze:WhirlingStrike+1"],"picked":"bronze:FineTuning+1","floor":25},{"not_picked":["bronze:Backtrace+1","bronze:Frontload"],"picked":"bronze:FineTuning","floor":26},{"not_picked":["bronze:WhirlingStrike+1","bronze:Deprecate"],"picked":"bronze:BitShift+1","floor":28},{"not_picked":["bronze:BugBarrage+1","bronze:Separator+1","bronze:Invalidate"],"picked":"SKIP","floor":29},{"not_picked":["bronze:Invalidate","bronze:BitShift"],"picked":"bronze:AlphaBuild+1","floor":30}],"player_experience":228078,"relics_obtained":[{"floor":7.0,"key":"Bag of Marbles"},{"floor":10.0,"key":"War Paint"},{"floor":14.0,"key":"Ornamental Fan"},{"floor":24,"key":"Molten Egg 2"},{"floor":25,"key":"FossilizedHelix"},{"floor":25,"key":"Sundial"},{"floor":28,"key":"Pear"}],"event_choices":[{"damage_healed":0.0,"max_hp_gain":0.0,"max_hp_loss":0.0,"gold_gain":0.0,"event_name":"Lab","player_choice":"Got Potions","floor":4.0,"gold_loss":0.0,"damage_taken":0.0},{"damage_healed":0.0,"max_hp_gain":5.0,"max_hp_loss":0.0,"gold_gain":0.0,"event_name":"Big Fish","player_choice":"Donut","floor":13.0,"gold_loss":0.0,"damage_taken":0.0},{"damage_healed":0,"gold_gain":0,"player_choice":"Ignored","damage_taken":0,"max_hp_gain":0,"max_hp_loss":0,"event_name":"Vampires","floor":21,"gold_loss":0}],"is_beta":false,"boss_relics":[{"not_picked":["beaked:SacredDeck","bronze:MakeshiftBattery"],"picked":"expansioncontent:StudyCardRelic"}],"items_purged_floors":[23],"is_endless":false,"potions_floor_spawned":[2,8,11,12,15,19,26,27],"killed_by":"Gremlin Leader","ascension_level":3}}