{"host":"mo4d2vii2wc3uyp7","time":1613127596,"event":{"mods":["AchievementEnabler","BaseMod","Colored Map","Highlight Path","Keyboard Shortcuts","Minty Spire (QoL Compilation)","Permanent Neow","Quick Restart","Shop Mod","StSLib","SuperFastMode","everything is the same but u backflip on backflip"],"gold_per_floor":[116,46,62,79,95,122,122,157,182,182,212,212,233,9,9,9,9],"floor_reached":16,"language":"KOR","playtime":444,"items_purged":["Strike_G"],"score":152,"play_id":"f008659d-adc6-408a-b1ee-a97e55ae95e4","local_time":"20210212195956","is_ascension_mode":true,"campfire_choices":[{"data":"After Image","floor":7,"key":"SMITH"},{"data":"Neutralize","floor":10,"key":"SMITH"},{"data":"Tactician","floor":15,"key":"SMITH"}],"circlet_count":0,"master_deck":["Strike_G","Strike_G","Strike_G","Strike_G","Defend_G","Defend_G","Defend_G","Defend_G","Defend_G","Survivor","Neutralize+1","After Image+1","Quick Slash","Flechettes","Bane","Tactician+1","Storm of Steel+1","All Out Attack"],"relics":["Ring of the Snake","Calipers","Ancient Tea Set","CeramicFish","Blood Vial","Oddly Smooth Stone"],"acts_visited":["Exordium"],"potions_floor_usage":[6,13],"damage_taken":[{"damage":0,"enemies":"Cultist","floor":1,"turns":4},{"damage":4,"enemies":"Jaw Worm","floor":3,"turns":4},{"damage":0,"enemies":"2 Louse","floor":4,"turns":5},{"damage":1,"enemies":"Blue Slaver","floor":5,"turns":5},{"damage":0,"enemies":"Gremlin Nob","floor":6,"turns":3},{"damage":25,"enemies":"Lagavulin","floor":8,"turns":8},{"damage":12,"enemies":"Gremlin Nob","floor":11,"turns":5},{"damage":0,"enemies":"Large Slime","floor":13,"turns":7},{"damage":39,"enemies":"Hexaghost","floor":16,"turns":14}],"seed_played":"-5507274341377972117","potions_obtained":[{"floor":3,"key":"ColorlessPotion"},{"floor":11,"key":"SpeedPotion"}],"is_trial":false,"path_per_floor":["M","$","M","M","M","E","R","E","T","R","E","?","M","$","R","B"],"character_chosen":"THE_SILENT","items_purchased":["Flechettes","Oddly Smooth Stone"],"campfire_rested":0,"item_purchase_floors":[2,14],"current_hp_per_floor":[70,70,66,66,65,65,65,40,40,40,28,28,30,30,30,0,0],"gold":9,"neow_bonus":"ONE_RANDOM_RARE_CARD","is_daily":false,"chose_seed":false,"campfire_upgraded":3,"win_rate":0.0,"timestamp":1613127596,"path_taken":["M","$","M","M","M","E","R","E","T","R","E","?","M","?","R","BOSS"],"items_purchased_type":["Card","Relic"],"build_version":"2020-12-22","purchased_purges":1,"victory":false,"max_hp_per_floor":[70,70,70,70,70,70,70,70,70,70,70,70,70,70,70,70,70],"card_choices":[{"not_picked":["Flying Knee","Eviscerate"],"picked":"Quick Slash","floor":1},{"not_picked":["Outmaneuver","Predator","Deadly Poison"],"picked":"SKIP","floor":3},{"not_picked":["Dodge and Roll","Slice"],"picked":"Bane","floor":4},{"not_picked":["Dodge and Roll","Bane","Outmaneuver"],"picked":"SKIP","floor":5},{"not_picked":["Poisoned Stab","Backflip"],"picked":"Tactician","floor":6},{"not_picked":["Riddle With Holes","Dodge and Roll"],"picked":"Storm of Steel","floor":8},{"not_picked":["Deadly Poison","Eviscerate","Sucker Punch"],"picked":"SKIP","floor":11},{"not_picked":["Underhanded Strike","Slice"],"picked":"All Out Attack","floor":13}],"player_experience":620217,"relics_obtained":[{"floor":6,"key":"Calipers"},{"floor":8,"key":"Ancient Tea Set"},{"floor":9,"key":"CeramicFish"},{"floor":11,"key":"Blood Vial"}],"event_choices":[{"damage_healed":0,"gold_gain":0,"player_choice":"Upgraded","damage_taken":0,"max_hp_gain":0,"max_hp_loss":0,"event_name":"Upgrade Shrine","floor":12,"gold_loss":0,"cards_upgraded":["Storm of Steel"]}],"is_beta":false,"boss_relics":[],"items_purged_floors":[14],"is_endless":false,"potions_floor_spawned":[3,11],"killed_by":"Hexaghost","ascension_level":1}}