{"host":"zdcz0a6aak4rnx0s","time":1613160268,"event":{"mods":["AchievementEnabler","BaseMod","Colored Map","Colored Powertips","Minty Spire (QoL Compilation)","StSLib"],"gold_per_floor":[111,111,126,91,51,84,103,103,127,127,138,155,171,182,182,254,254,269,10,25,43,56,56,56,75,75,75,75,75],"floor_reached":28,"language":"ENG","playtime":2605,"items_purged":["Pain"],"score":521,"play_id":"11577a28-9214-4b92-b42f-b78f24b7727f","local_time":"20210212140428","is_ascension_mode":true,"campfire_choices":[{"floor":8,"key":"REST"},{"floor":15,"key":"REST"},{"floor":23,"key":"REST"}],"circlet_count":0,"master_deck":["AscendersBane","Strike_R+1","Strike_R+1","Strike_R+1","Defend_R+1","Defend_R+1","Defend_R+1","Defend_R+1","Bash","Double Tap","Uppercut","Disarm","Body Slam","Rampage","Ghostly Armor","Second Wind","Cleave","Feel No Pain","Headbutt","Feed","True Grit","Shrug It Off"],"relics":["Burning Blood","Nunchaku","Potion Belt","WarpedTongs","Mark of Pain","Regal Pillow","Bronze Scales"],"acts_visited":["Exordium","TheCity"],"potions_floor_usage":[16,16,16,20,22],"damage_taken":[{"damage":6.0,"enemies":"Jaw Worm","floor":1.0,"turns":4.0},{"damage":3,"enemies":"2 Louse","floor":3,"turns":3},{"damage":42,"enemies":"Gremlin Nob","floor":6,"turns":5},{"damage":4,"enemies":"Cultist","floor":7,"turns":4},{"damage":34,"enemies":"Gremlin Gang","floor":11,"turns":7},{"damage":21,"enemies":"Red Slaver","floor":12,"turns":5},{"damage":3,"enemies":"Exordium Wildlife","floor":13,"turns":4},{"damage":9,"enemies":"2 Fungi Beasts","floor":14,"turns":5},{"damage":3,"enemies":"The Guardian","floor":16,"turns":14},{"damage":25,"enemies":"2 Thieves","floor":18,"turns":3},{"damage":11,"enemies":"Shell Parasite","floor":20,"turns":11},{"damage":27,"enemies":"Chosen and Byrds","floor":21,"turns":9},{"damage":13,"enemies":"Cultist and Chosen","floor":22,"turns":7},{"damage":35,"enemies":"3 Cultists","floor":25,"turns":7},{"damage":40,"enemies":"Chosen and Byrds","floor":28,"turns":5}],"seed_played":"6156372973699306181","potions_obtained":[{"floor":7,"key":"PowerPotion"},{"floor":12,"key":"GamblersBrew"},{"floor":13,"key":"SkillPotion"},{"floor":14,"key":"EssenceOfSteel"},{"floor":16,"key":"Energy Potion"},{"floor":18,"key":"SneckoOil"},{"floor":20,"key":"SpeedPotion"}],"is_trial":false,"path_per_floor":["M","?","M","?","$","E","M","R","T","?","M","M","M","M","R","B",null,"M","$","M","M","M","R","$","M","T","?","M"],"character_chosen":"IRONCLAD","items_purchased":["Rampage","Shrug It Off","Regal Pillow"],"campfire_rested":3,"item_purchase_floors":[5,19,19],"current_hp_per_floor":[50,50,53,71,71,35,37,59,59,59,31,16,19,16,38,41,67,48,48,47,26,22,61,61,35,35,35,0,0],"gold":75,"neow_bonus":"TRANSFORM_TWO_CARDS","is_daily":false,"chose_seed":false,"campfire_upgraded":0,"win_rate":0.0,"timestamp":1613160268,"path_taken":["M","?","M","?","$","E","M","R","T","?","?","M","M","M","R","BOSS","M","$","M","?","M","R","?","M","T","?","M"],"items_purchased_type":["Card","Card","Relic"],"build_version":"2020-12-22","purchased_purges":1,"victory":false,"max_hp_per_floor":[75,75,75,75,75,75,75,75,75,75,75,75,75,75,75,75,75,75,75,79,79,82,82,82,85,85,85,85,85],"card_choices":[{"not_picked":["Warcry","Shockwave"],"picked":"Disarm","floor":1.0},{"not_picked":["Headbutt","Havoc"],"picked":"Body Slam","floor":3},{"not_picked":["Clothesline","Warcry"],"picked":"Ghostly Armor","floor":6},{"not_picked":["Clash","Thunderclap"],"picked":"Second Wind","floor":7},{"not_picked":["Wild Strike","Combust"],"picked":"Cleave","floor":11},{"not_picked":["Intimidate","Pommel Strike","Whirlwind"],"picked":"SKIP","floor":12},{"not_picked":["Shockwave","Evolve"],"picked":"Feel No Pain","floor":13},{"not_picked":["Offering","Sword Boomerang"],"picked":"Headbutt","floor":14},{"not_picked":["Offering","Corruption"],"picked":"Feed","floor":16},{"not_picked":["Rage","Dual Wield"],"picked":"True Grit","floor":18},{"not_picked":["Flex","Feel No Pain","Wild Strike"],"picked":"SKIP","floor":20},{"not_picked":["Whirlwind","Rage","True Grit"],"picked":"SKIP","floor":21},{"not_picked":["Anger","Searing Blow","Berserk"],"picked":"SKIP","floor":22},{"not_picked":["Clash","Heavy Blade","Anger"],"picked":"SKIP","floor":25}],"player_experience":1027215,"relics_obtained":[{"floor":6,"key":"Nunchaku"},{"floor":9,"key":"Potion Belt"},{"floor":26,"key":"Bronze Scales"}],"event_choices":[{"damage_healed":0.0,"max_hp_gain":0.0,"max_hp_loss":0.0,"gold_gain":0.0,"event_name":"Shining Light","player_choice":"Ignored","floor":2.0,"gold_loss":0.0,"damage_taken":0.0},{"damage_healed":18,"gold_gain":0,"player_choice":"Healed","damage_taken":0,"max_hp_gain":0,"max_hp_loss":0,"event_name":"The Cleric","floor":4,"gold_loss":35},{"damage_healed":0,"gold_gain":0,"player_choice":"Rummage","damage_taken":0,"relics_obtained":["WarpedTongs"],"max_hp_gain":0,"max_hp_loss":0,"event_name":"Accursed Blacksmith","floor":10,"gold_loss":0,"cards_obtained":["Pain"]},{"damage_healed":0,"gold_gain":0,"player_choice":"Simplicity","damage_taken":0,"max_hp_gain":0,"max_hp_loss":0,"event_name":"Back to Basics","floor":27,"gold_loss":0,"cards_upgraded":["Strike_R","Strike_R","Strike_R","Defend_R","Defend_R","Defend_R","Defend_R"]}],"is_beta":false,"boss_relics":[{"not_picked":["Snecko Eye","Pandora\u0027s Box"],"picked":"Mark of Pain"}],"items_purged_floors":[19],"is_endless":false,"potions_floor_spawned":[7,12,13,14,16,18,20],"killed_by":"Chosen and Byrds","ascension_level":18}}