{"host":"ia9e4s524g7bamk7","time":1613115853,"event":{"mods":["AchievementEnabler","BaseMod","Colored Map","Minty Spire (QoL Compilation)","Permanent Neow","Slay-I","slay the spire mod where everything is the same but ironclad has a cowboy hat"],"gold_per_floor":[116,132,146,156,166,200,200,219,298,324,71,71,103,115,115,220,220,240,240,258,278,7,34,48,59,83,95,425,436,436,468,468,569,569,585,585,600,399,399,426,426,456,456,483,483,203,253,264,264,264,264,264,9,34,34,34],"floor_reached":55,"language":"ENG","playtime":4573,"items_purged":["Strike_R","Sever Soul","Writhe"],"score":1068,"play_id":"f75f6ec7-1a6a-4807-ba29-ea4bb4f75e24","local_time":"20210212084413","is_ascension_mode":true,"campfire_choices":[{"data":"Armaments","floor":7.0,"key":"SMITH"},{"floor":12.0,"key":"REST"},{"data":"Bash","floor":15.0,"key":"SMITH"},{"floor":30.0,"key":"RECALL"},{"data":"Metallicize","floor":32.0,"key":"SMITH"},{"floor":41.0,"key":"REST"},{"floor":45.0,"key":"REST"},{"floor":49.0,"key":"REST"},{"floor":52.0,"key":"REST"}],"circlet_count":0,"master_deck":["Strike_R","Strike_R","Strike_R","Defend_R","Defend_R","Defend_R","Defend_R","Bash+1","Armaments+1","Metallicize+1","Cleave","Shrug It Off","Spot Weakness","Clothesline","Juggernaut+1","Blood for Blood+1","The Bomb","Feel No Pain+1","Spot Weakness","Demon Form+1","Flame Barrier+1","Demon Form+1","Heavy Blade+1"],"relics":["Snecko Eye","TungstenRod","Meat on the Bone","Centennial Puzzle","Frozen Egg 2","Turnip","Busted Crown","Orichalcum","Red Skull","Old Coin","Pantograph","Fusion Hammer","Bronze Scales","Toxic Egg 2","Ice Cream","DollysMirror","Mango","Strawberry","Kunai"],"acts_visited":["Exordium","TheCity","TheBeyond","TheEnding"],"potions_floor_usage":[55],"damage_taken":[{"damage":0.0,"enemies":"Cultist","floor":1.0,"turns":2.0},{"damage":2.0,"enemies":"Jaw Worm","floor":2.0,"turns":2.0},{"damage":2.0,"enemies":"2 Louse","floor":3.0,"turns":3.0},{"damage":16.0,"enemies":"Looter","floor":4.0,"turns":3.0},{"damage":0.0,"enemies":"Large Slime","floor":5.0,"turns":4.0},{"damage":16.0,"enemies":"3 Sentries","floor":6.0,"turns":5.0},{"damage":0.0,"enemies":"Exordium Thugs","floor":8.0,"turns":5.0},{"damage":9.0,"enemies":"Gremlin Nob","floor":10.0,"turns":3.0},{"damage":5.0,"enemies":"3 Sentries","floor":13.0,"turns":5.0},{"damage":10.0,"enemies":"Red Slaver","floor":14.0,"turns":3.0},{"damage":12.0,"enemies":"The Guardian","floor":16.0,"turns":8.0},{"damage":1.0,"enemies":"Spheric Guardian","floor":18.0,"turns":3.0},{"damage":7.0,"enemies":"2 Thieves","floor":20.0,"turns":3.0},{"damage":2.0,"enemies":"Cultist and Chosen","floor":21.0,"turns":4.0},{"damage":13.0,"enemies":"Book of Stabbing","floor":23.0,"turns":4.0},{"damage":0.0,"enemies":"Centurion and Healer","floor":24.0,"turns":3.0},{"damage":9.0,"enemies":"Snake Plant","floor":25.0,"turns":4.0},{"damage":0.0,"enemies":"Shelled Parasite and Fungi","floor":27.0,"turns":3.0},{"damage":18.0,"enemies":"Slavers","floor":28.0,"turns":5.0},{"damage":0.0,"enemies":"Sentry and Sphere","floor":29.0,"turns":3.0},{"damage":0.0,"enemies":"Gremlin Leader","floor":31.0,"turns":4.0},{"damage":9.0,"enemies":"Collector","floor":33.0,"turns":6.0},{"damage":12.0,"enemies":"3 Shapes","floor":35.0,"turns":4.0},{"damage":1.0,"enemies":"Orb Walker","floor":37.0,"turns":2.0},{"damage":38.0,"enemies":"Nemesis","floor":40.0,"turns":7.0},{"damage":24.0,"enemies":"Giant Head","floor":42.0,"turns":7.0},{"damage":23.0,"enemies":"Nemesis","floor":44.0,"turns":5.0},{"damage":0.0,"enemies":"Mind Bloom Boss Battle","floor":47.0,"turns":6.0},{"damage":28.0,"enemies":"4 Shapes","floor":48.0,"turns":4.0},{"damage":54.0,"enemies":"Donu and Deca","floor":50.0,"turns":6.0},{"damage":52.0,"enemies":"Shield and Spear","floor":54.0,"turns":5.0},{"damage":80,"enemies":"The Heart","floor":55,"turns":6}],"seed_played":"-3834003984075010665","potions_obtained":[{"floor":4.0,"key":"Swift Potion"},{"floor":5.0,"key":"ElixirPotion"},{"floor":6.0,"key":"LiquidBronze"},{"floor":10.0,"key":"SneckoOil"},{"floor":13.0,"key":"FearPotion"},{"floor":16.0,"key":"DistilledChaos"},{"floor":20.0,"key":"Fruit Juice"},{"floor":21.0,"key":"HeartOfIron"},{"floor":24.0,"key":"BlessingOfTheForge"},{"floor":28.0,"key":"GamblersBrew"},{"floor":31.0,"key":"PowerPotion"},{"floor":40.0,"key":"Energy Potion"},{"floor":42.0,"key":"AttackPotion"}],"is_trial":false,"path_per_floor":["M","M","M","M","M","E","R","M","T","E","$","R","E","M","R","B",null,"M","?","M","M","$","E","M","M","T","M","E","M","R","E","R","B",null,"M","?","M","$","?","E","R","E","T","E","R","$","?","M","R","B",null,"R","$","E","B"],"character_chosen":"IRONCLAD","items_purchased":["Frozen Egg 2","The Bomb","HeartOfIron","DollysMirror","Dexterity Potion","Swift Potion","Strawberry"],"campfire_rested":5,"item_purchase_floors":[11,22,38,46,53,53,53],"current_hp_per_floor":[80,78,76,60,60,44,44,44,44,47,47,71,66,56,56,44,71,70,80,78,76,76,63,63,54,54,54,48,48,48,48,48,64,80,68,68,67,67,85,47,72,48,48,37,62,62,99,71,99,57,89,99,106,54,0,0],"gold":34,"neow_bonus":"BOSS_RELIC","is_daily":false,"chose_seed":false,"campfire_upgraded":3,"win_rate":0.0,"timestamp":1613115853,"path_taken":["M","M","M","M","M","E","R","M","T","E","$","R","E","?","R","BOSS","M","?","M","M","$","E","?","M","T","M","E","M","R","E","R","BOSS","M","?","M","$","?","E","R","E","T","E","R","$","?","M","R","BOSS","R","$","E","BOSS"],"items_purchased_type":["Relic","Card","Potion","Relic","Potion","Potion","Relic"],"build_version":"2020-12-22","purchased_purges":3,"victory":false,"max_hp_per_floor":[80,80,80,80,80,80,80,80,80,80,80,80,80,80,80,80,80,80,80,85,85,85,85,85,85,85,85,85,85,85,85,85,85,85,85,85,85,85,85,85,85,85,85,85,85,85,99,99,99,99,99,99,106,106,106,106],"card_choices":[{"not_picked":["Headbutt","True Grit","Wild Strike"],"picked":"SKIP","floor":1.0},{"not_picked":["Power Through","Twin Strike"],"picked":"Armaments","floor":2.0},{"not_picked":["Rupture","Battle Trance"],"picked":"Metallicize","floor":3.0},{"not_picked":["Burning Pact","Second Wind"],"picked":"Cleave","floor":4.0},{"not_picked":["Burning Pact","Feel No Pain"],"picked":"Sever Soul","floor":5.0},{"not_picked":["Flex","Anger"],"picked":"Shrug It Off","floor":6.0},{"not_picked":["Hemokinesis","Cleave"],"picked":"Infernal Blade","floor":8.0},{"not_picked":["Rampage","Body Slam","Havoc"],"picked":"SKIP","floor":10.0},{"not_picked":["Inflame+1","Sentinel"],"picked":"Spot Weakness","floor":13.0},{"not_picked":["Hemokinesis","Searing Blow"],"picked":"Clothesline","floor":14.0},{"not_picked":["Offering","Reaper"],"picked":"Juggernaut+1","floor":16.0},{"not_picked":["Thunderclap"],"picked":"SKIP","floor":18.0},{"not_picked":[],"picked":"Blood for Blood+1","floor":20.0},{"not_picked":["Havoc"],"picked":"SKIP","floor":21.0},{"not_picked":["Armaments"],"picked":"SKIP","floor":23.0},{"not_picked":[],"picked":"Feel No Pain+1","floor":24.0},{"not_picked":["Perfected Strike"],"picked":"SKIP","floor":25.0},{"not_picked":["Perfected Strike"],"picked":"SKIP","floor":27.0},{"not_picked":["Shrug It Off"],"picked":"SKIP","floor":28.0},{"not_picked":["Intimidate"],"picked":"SKIP","floor":29.0},{"not_picked":[],"picked":"Spot Weakness","floor":31.0},{"not_picked":[],"picked":"Demon Form+1","floor":33.0},{"not_picked":["Rampage+1"],"picked":"SKIP","floor":35.0},{"not_picked":["Dual Wield"],"picked":"SKIP","floor":37.0},{"not_picked":["Seeing Red+1"],"picked":"SKIP","floor":40.0},{"not_picked":["Pommel Strike"],"picked":"SKIP","floor":42.0},{"not_picked":[],"picked":"Flame Barrier+1","floor":44.0},{"not_picked":["Thunderclap+1"],"picked":"SKIP","floor":48.0},{"not_picked":[],"picked":"Heavy Blade+1","floor":54.0}],"player_experience":321817,"relics_obtained":[{"floor":6.0,"key":"TungstenRod"},{"floor":9.0,"key":"Meat on the Bone"},{"floor":10.0,"key":"Centennial Puzzle"},{"floor":13.0,"key":"Turnip"},{"floor":23.0,"key":"Orichalcum"},{"floor":26.0,"key":"Red Skull"},{"floor":28.0,"key":"Old Coin"},{"floor":31.0,"key":"Pantograph"},{"floor":40.0,"key":"Bronze Scales"},{"floor":42.0,"key":"Toxic Egg 2"},{"floor":44.0,"key":"Ice Cream"},{"floor":47.0,"key":"Mango"},{"floor":54.0,"key":"Kunai"}],"event_choices":[{"cards_removed":["Infernal Blade"],"damage_healed":10.0,"max_hp_gain":0.0,"max_hp_loss":0.0,"gold_gain":0.0,"event_name":"Bonfire Elementals","player_choice":"Offered Uncommon","floor":19.0,"gold_loss":0.0,"damage_taken":0.0},{"cards_removed":["Strike_R"],"damage_healed":0.0,"max_hp_gain":0.0,"max_hp_loss":0.0,"gold_gain":0.0,"event_name":"Falling","player_choice":"Removed Attack","floor":36.0,"gold_loss":0.0,"damage_taken":0.0},{"damage_healed":21.0,"max_hp_gain":0.0,"max_hp_loss":0.0,"gold_gain":0.0,"event_name":"Winding Halls","player_choice":"Writhe","floor":39.0,"gold_loss":0.0,"damage_taken":0.0,"cards_obtained":["Writhe"]},{"damage_healed":0.0,"max_hp_gain":0.0,"max_hp_loss":0.0,"gold_gain":0.0,"event_name":"MindBloom","player_choice":"Fight","floor":47.0,"gold_loss":0.0,"damage_taken":0.0}],"is_beta":false,"boss_relics":[{"not_picked":["Sozu","Runic Pyramid"],"picked":"Busted Crown"},{"not_picked":["Velvet Choker","Black Star"],"picked":"Fusion Hammer"}],"items_purged_floors":[22,38,46],"is_endless":false,"potions_floor_spawned":[4,5,6,10,13,16,20,21,24,28,31,40,42],"killed_by":"The Heart","ascension_level":5}}