{"host":"s2ygc4jgfm0lziqy","time":1613154788,"event":{"mods":["2.2 Compatiblity","BaseMod","Bestiary","Colored Map","Downfall","Highlight Path","Minty Spire (QoL Compilation)","Robot Space Explorer","StSLib"],"gold_per_floor":[99,117,27,37,50,80,132,132,132,132,132,132,132,132,132],"floor_reached":13,"language":"ENG","playtime":508,"items_purged":[],"score":106,"play_id":"5502fe41-dcca-4ff4-b0df-98599fe56e80","local_time":"20210212183308","is_ascension_mode":false,"campfire_choices":[{"data":"sneckomod:TailWhip","floor":1,"key":"SMITH"},{"data":"sneckomod:MasterEye","floor":8,"key":"SMITH"},{"data":"sneckomod:DiceBlock","floor":10,"key":"SMITH"},{"data":"sneckomod:Unknown","floor":12,"key":"SMITH"}],"circlet_count":0,"master_deck":["sneckomod:Defend","sneckomod:Defend","sneckomod:TailWhip+1","sneckomod:SnekBite","sneckomod:Unknown+1","sneckomod:Unknown","hexamod:FirstSeal","sneckomod:MasterEye+1","sneckomod:DiceBlock+1","sneckomod:UnknownWeak+1","sneckomod:UnknownDraw+1","sneckomod:UnknownStrike","sneckomod:Unknown0Cost","downfall:Aged"],"relics":["sneckomod:SneckoSoul","War Paint","Strawberry"],"acts_visited":["Exordium"],"potions_floor_usage":[],"damage_taken":[{"damage":15,"enemies":"Jaw Worm","floor":2,"turns":4},{"damage":0,"enemies":"downfall:FleeingMerchant","floor":3,"turns":4},{"damage":0,"enemies":"2 Louse","floor":4,"turns":2},{"damage":6,"enemies":"Cultist","floor":5,"turns":5},{"damage":4,"enemies":"Lagavulin","floor":6,"turns":5},{"damage":13,"enemies":"3 Sentries","floor":13,"turns":4}],"seed_played":"-5637496658151769276","potions_obtained":[{"floor":4,"key":"DuplicationPotion"},{"floor":5,"key":"Strength Potion"}],"is_trial":false,"path_per_floor":["R","M","$","M","M","E","T","R","?","R","?","R","E"],"character_chosen":"THE_SNECKO","items_purchased":["sneckomod:UnknownWeak"],"campfire_rested":0,"item_purchase_floors":[3],"current_hp_per_floor":[99,84,91,91,92,88,95,95,95,95,95,95,82,82,82],"gold":132,"neow_bonus":"TEN_PERCENT_HP_BONUS","is_daily":false,"chose_seed":false,"campfire_upgraded":4,"win_rate":0.0,"timestamp":1613154788,"path_taken":["R","M","$","M","M","E","T","R","?","R","?","R","E"],"items_purchased_type":["Card"],"build_version":"2020-12-22","purchased_purges":0,"victory":false,"max_hp_per_floor":[99,99,99,99,99,99,106,106,106,106,106,106,106,106,106],"card_choices":[{"not_picked":["hexamod:ThirdSeal","hexamod:FourthSeal"],"picked":"hexamod:FirstSeal","floor":2},{"not_picked":["sneckomod:IronFang","sneckomod:UnknownBlock"],"picked":"sneckomod:MasterEye","floor":2},{"not_picked":["sneckomod:UnknownClassTHE_BRONZE_AUTOMATON","sneckomod:UnendingSupply"],"picked":"sneckomod:DiceBlock","floor":3},{"not_picked":["sneckomod:WideSting","sneckomod:SnekBeam"],"picked":"sneckomod:UnknownDraw","floor":4},{"not_picked":["sneckomod:DiceBlock","sneckomod:Restock"],"picked":"sneckomod:UnknownStrike","floor":5},{"not_picked":["sneckomod:WideSting","sneckomod:UnendingSupply"],"picked":"sneckomod:Unknown0Cost","floor":6}],"player_experience":3745,"relics_obtained":[{"floor":6,"key":"War Paint"},{"floor":7,"key":"Strawberry"}],"event_choices":[],"is_beta":false,"boss_relics":[],"items_purged_floors":[],"is_endless":false,"potions_floor_spawned":[4,5],"killed_by":"3 Sentries","ascension_level":0}}