{"host":"hbyfssekv6xsfxrf","time":1613116932,"event":{"mods":["Act Like it!","Aspiration","BaseMod","Decade(王小明)","Downfall","Gensokyo","Hallownest","Hermit","KinomotoSakuraMod(木之本樱)","Koishi","KomeijiMod","Lobotomy","LobotomyExtend","Minty Spire (QoL Compilation)","Quick Restart","Reimu（博丽灵梦）","Remilia（蕾米莉亚）","Replay The Spire","StSLib","The Animator","The Bug Knight","The Cursed","The Hierophant","The Jungle","The Poker Player","The Runesmith","The Senshi","The Servant 0.9.4","WarShipGirlsR/战舰少女R mod","Youmu（魂魄妖梦）","[IsaacMod]以撒尖塔"],"gold_per_floor":[117,35,35,52,72,72,25,51,78,78,10,21,21,37,37,37,37],"floor_reached":16,"language":"ZHS","playtime":2126,"items_purged":[],"score":100,"play_id":"291aa408-c1e9-4e34-9d36-6abe487e7058","local_time":"20210212160212","is_ascension_mode":false,"campfire_choices":[{"data":"Thunderclap","floor":6,"key":"SMITH"},{"floor":10,"key":"RECALL"},{"floor":15,"key":"REST"}],"circlet_count":0,"master_deck":["Strike_R","Strike_R","Strike_R","Strike_R","Strike_R","Defend_R","Defend_R","Defend_R","Defend_R","Bash","Seeing Red","Warcry+1","Shrug It Off","Pommel Strike","Thunderclap+1","Armaments","Battle Trance","Seeing Red","Pommel Strike","Sword Boomerang"],"relics":["Burning Blood","HushsDoor","KeepersGift","LetterFromLob","Leech"],"acts_visited":["Exordium"],"potions_floor_usage":[16],"damage_taken":[{"damage":11,"enemies":"2 Louse","floor":1,"turns":4},{"damage":3,"enemies":"Small Slimes","floor":4,"turns":4},{"damage":0,"enemies":"Cultist","floor":5,"turns":2},{"damage":51,"enemies":"HollowMod:MossKnight","floor":8,"turns":10},{"damage":6,"enemies":"3 Louse","floor":12,"turns":2},{"damage":0,"enemies":"Exordium Thugs","floor":14,"turns":2},{"damage":80,"enemies":"The Guardian","floor":16,"turns":13}],"seed_played":"5337941809258496403","potions_obtained":[{"floor":5,"key":"Strength Potion"}],"is_trial":false,"path_per_floor":["M","$","?","M","M","R","$","E","T","R","$","M","?","M","R","B"],"character_chosen":"IRONCLAD","items_purchased":["Warcry+1","Shrug It Off","Armaments","Seeing Red"],"campfire_rested":1,"item_purchase_floors":[2,2,7,11],"current_hp_per_floor":[75,75,80,80,80,80,80,35,35,35,35,37,37,44,68,0,0],"gold":37,"neow_bonus":"","is_daily":false,"chose_seed":false,"campfire_upgraded":1,"win_rate":0.0,"timestamp":1613116932,"path_taken":["M","$","?","M","M","R","$","E","T","R","$","M","?","M","R","BOSS"],"items_purchased_type":["Card","Card","Card","Card"],"build_version":"2020-12-22","purchased_purges":0,"victory":false,"max_hp_per_floor":[80,80,80,80,80,80,80,80,80,80,80,80,80,80,80,80,80],"card_choices":[{"not_picked":[],"picked":"ChaosCard","floor":0},{"not_picked":["True Grit","Sever Soul"],"picked":"Seeing Red","floor":1},{"not_picked":["Armaments","Bomb"],"picked":"Pommel Strike","floor":4},{"not_picked":["Dropkick","Sword Boomerang"],"picked":"Thunderclap","floor":5},{"not_picked":["Thunderclap","ReplayTheSpireMod:Muscle Training"],"picked":"Battle Trance","floor":8},{"not_picked":["Inflame","Anger"],"picked":"Pommel Strike","floor":12},{"not_picked":["Clash","Rupture"],"picked":"Sword Boomerang","floor":14}],"player_experience":0,"relics_obtained":[{"floor":1,"key":"LetterFromLob"},{"floor":8,"key":"Leech"}],"event_choices":[],"is_beta":false,"boss_relics":[],"items_purged_floors":[],"is_endless":false,"potions_floor_spawned":[5],"killed_by":"The Guardian","ascension_level":0}}