{"host":"gfmw02tnhhvp9jba","time":1613147136,"event":{"mods":["AchievementEnabler","BaseMod","Colored Map","Conspire","Downfall","Highlight Path","Minty Spire (QoL Compilation)","Replay The Spire","StSLib"],"gold_per_floor":[99,109,109,129,147,167,167,6,32,52,52,64,136,150,164,267,267,167,179,194,294,307,324,351,451,351,380,397,397,415,515,528,631,631,631,651,665,727,756,464,489,516,584,268,288,35,35,63,77,77],"floor_reached":51,"language":"ENG","playtime":2827,"items_purged":["Guardian:Strike_Guardian"],"score":727,"play_id":"da3426bd-b53a-4e27-9bf2-312e4be83475","local_time":"20210212172536","is_ascension_mode":false,"campfire_choices":[{"floor":1.0,"key":"RECALL"},{"data":"Guardian:FloatingOrbs","floor":11.0,"key":"SMITH"},{"floor":29.0,"key":"REST"},{"floor":47,"key":"REST"}],"circlet_count":0,"master_deck":["Guardian:Strike_Guardian","Guardian:Strike_Guardian","Guardian:Strike_Guardian","Guardian:Defend_Guardian","Guardian:Defend_Guardian","Guardian:Defend_Guardian","Guardian:Defend_Guardian","Guardian:CurlUp","Guardian:TwinSlam+1","Guardian:ChargeCore","Guardian:TwinSlam+1","Guardian:TimeBomb","Guardian:Preprogram","Guardian:FloatingOrbs+1","Guardian:TimeCapacitor","Guardian:CrystalBeam","Guardian:GemFinder","Guardian:DonusPower","Guardian:Incinerate","Guardian:ExploitGems","Guardian:ChargeUp","Guardian:ShieldCharger","Guardian:CrystalBeam","Guardian:Gem_Cyan","Guardian:SphericShield","Guardian:DecasProtection","Guardian:Gem_Lightblue","Guardian:Suspension","Guardian:SentryBeam+1","Guardian:Planning","Guardian:FuturePlans","Guardian:PrismaticBeam","Guardian:PolyBeam","expansioncontent:LastStand","expansioncontent:Chronoboost","Replay:SS_hec_1","Guardian:Gem_White","Guardian:Orbwalk","Guardian:TemporalStrike","Guardian:WalkerClaw","Guardian:FloatingOrbs","Guardian:CrystalBeam+1"],"relics":["Guardian:ModeShifter","Replay:WaspNest","Vajra","StoneCalendar","Chameleon Ring","SacredBark","downfall:HeartBlessingRed","Incense Burner","Replay:Bottled Eggs","downfall:HeartBlessingBlue","Potion Belt","Fusion Hammer","CeramicFish","Bag of Marbles","Omamori","Replay:Towering Pillar of Hats","Kunai","Snack Pack","Art of War"],"acts_visited":["Exordium","TheCity","TheBeyond"],"potions_floor_usage":[46,46,49,50,50,50],"damage_taken":[{"damage":5.0,"enemies":"2 Louse","floor":2.0,"turns":2.0},{"damage":4.0,"enemies":"Cultist","floor":4.0,"turns":4.0},{"damage":2.0,"enemies":"conspire:RoseBush","floor":5.0,"turns":4.0},{"damage":0.0,"enemies":"Large Slime","floor":6.0,"turns":6.0},{"damage":5.0,"enemies":"downfall:FleeingMerchant","floor":8.0,"turns":4.0},{"damage":21.0,"enemies":"3 Sentries","floor":9.0,"turns":4.0},{"damage":9.0,"enemies":"2 Fungi Beasts","floor":10.0,"turns":4.0},{"damage":7.0,"enemies":"Gremlin Gang","floor":12.0,"turns":3.0},{"damage":13.0,"enemies":"Exordium Thugs","floor":14.0,"turns":4.0},{"damage":13.0,"enemies":"Exordium Wildlife","floor":15.0,"turns":4.0},{"damage":6.0,"enemies":"IC_STATUS_ARCHETYPE","floor":16.0,"turns":7.0},{"damage":0.0,"enemies":"3 Byrds","floor":19.0,"turns":5.0},{"damage":21.0,"enemies":"Snake Plant","floor":20.0,"turns":4.0},{"damage":28.0,"enemies":"Colosseum Nobs","floor":21.0,"turns":3.0},{"damage":22.0,"enemies":"Centurion and Healer","floor":22.0,"turns":4.0},{"damage":13.0,"enemies":"conspire:HollyBat","floor":23.0,"turns":7.0},{"damage":5.0,"enemies":"conspire:SneckoGhost","floor":27.0,"turns":5.0},{"damage":0.0,"enemies":"Shelled Parasite and Fungi","floor":28.0,"turns":2.0},{"damage":10.0,"enemies":"Centurion and Healer","floor":30.0,"turns":4.0},{"damage":6.0,"enemies":"3 Cultists","floor":32.0,"turns":5.0},{"damage":34.0,"enemies":"SI_MIRROR_ARCHETYPE","floor":33.0,"turns":8.0},{"damage":1.0,"enemies":"3 Shapes","floor":36.0,"turns":4.0},{"damage":2.0,"enemies":"3 Darklings","floor":37.0,"turns":7.0},{"damage":3.0,"enemies":"Jaw Worm Horde","floor":39.0,"turns":5.0},{"damage":5.0,"enemies":"downfall:FleeingMerchant","floor":40.0,"turns":4.0},{"damage":14.0,"enemies":"downfall:FleeingMerchant","floor":43.0,"turns":7.0},{"damage":15.0,"enemies":"downfall:FleeingMerchant","floor":44.0,"turns":4.0},{"damage":18.0,"enemies":"Writhing Mass","floor":45.0,"turns":5.0},{"damage":12,"enemies":"downfall:FleeingMerchant","floor":46,"turns":4},{"damage":0,"enemies":"Sphere and 2 Shapes","floor":48,"turns":4},{"damage":0,"enemies":"3 Darklings","floor":49,"turns":4},{"damage":33,"enemies":"WA_ARCHETYPE_DIVINITY","floor":50,"turns":8}],"seed_played":"-256409730419441030","potions_obtained":[{"floor":4.0,"key":"Reflective Coating"},{"floor":9.0,"key":"Dexterity Potion"},{"floor":10.0,"key":"AttackPotion"},{"floor":15.0,"key":"Adrenaline Potion"},{"floor":16.0,"key":"Languid Potion"},{"floor":18.0,"key":"Elixir"},{"floor":18.0,"key":"ColorlessPotion"},{"floor":20.0,"key":"hexamod:SoulburnPotion"},{"floor":21.0,"key":"Flashbang"},{"floor":22.0,"key":"Toxic Potion"},{"floor":26.0,"key":"DistilledChaos"},{"floor":27.0,"key":"conspire:TimeTravelPotion"},{"floor":28.0,"key":"SkillPotion"},{"floor":33.0,"key":"Swift Potion"},{"floor":35.0,"key":"SteroidPotion"},{"floor":35.0,"key":"Fire Potion"},{"floor":38.0,"key":"SteroidPotion"},{"floor":39.0,"key":"Energy Potion"},{"floor":43.0,"key":"EssenceOfSteel"},{"floor":48,"key":"Guardian:BlockOnCardUsePotion"}],"is_trial":false,"path_per_floor":["R","M","?","M","M","M","T","$","E","M","R","M","T","M","M","B",null,"R","M","M","?","M","M","T","?","R","E","M","R","M","?","M","B",null,"R_BF","M","M","?","M","$","T","?","?","$","M","$","R","M","M","B",null],"character_chosen":"GUARDIAN","items_purchased":["Vajra","Guardian:PolyBeam","Bag of Marbles","Kunai","Guardian:Orbwalk","Guardian:WalkerClaw","Snack Pack","ColorlessPotion","Guardian:FloatingOrbs","FearPotion","Art of War"],"campfire_rested":2,"item_purchase_floors":[8,40,40,44,44,46,46,46,46,46,46],"current_hp_per_floor":[88,83,83,79,77,77,77,72,51,42,42,35,35,22,9,3,88,88,88,67,39,17,4,4,4,14,9,9,38,28,28,22,7,98,98,97,95,95,92,87,87,77,63,48,30,18,47,51,55,26],"gold":77,"neow_bonus":"TEN_PERCENT_HP_BONUS","is_daily":false,"chose_seed":false,"campfire_upgraded":1,"win_rate":0.0,"timestamp":1613147136,"path_taken":["R","M","?","?","M","M","T","?","E","M","R","M","?","?","M","BOSS","R","M","M","?","M","M","T","?","R","E","?","R","M","?","M","BOSS","R_BF","M","M","?","M","$","T","?","?","$","M","$","R","M","M","BOSS"],"items_purchased_type":["Relic","Card","Relic","Relic","Card","Card","Relic","Potion","Card","Potion","Relic"],"build_version":"2020-12-22","purchased_purges":1,"victory":true,"max_hp_per_floor":[88,88,88,88,88,88,88,88,88,88,88,88,88,88,88,88,88,88,88,88,88,88,88,88,88,98,98,98,98,98,98,98,98,98,98,98,98,98,98,98,98,98,98,98,98,98,98,98,98,98],"card_choices":[{"not_picked":["Guardian:Gem_Lightblue","Guardian:Gem_Red"],"picked":"Guardian:ChargeCore","floor":2.0},{"not_picked":["Guardian:VentSteam","Guardian:Gem_Lightblue"],"picked":"Guardian:Gem_Green","floor":4.0},{"not_picked":["Guardian:BronzeArmor","Guardian:Gem_Green"],"picked":"Guardian:Gem_Red","floor":5.0},{"not_picked":["Guardian:Emergency","Guardian:EvasiveProtocol"],"picked":"Guardian:TimeBomb","floor":6.0},{"not_picked":["Guardian:TemporalStrike","Guardian:ShieldCharger"],"picked":"Guardian:Gem_Yellow","floor":8.0},{"not_picked":["Guardian:Gem_Blue","Guardian:VentSteam"],"picked":"Guardian:Preprogram","floor":9.0},{"not_picked":["Guardian:Gem_Fragmented","Guardian:Planning"],"picked":"Guardian:FloatingOrbs","floor":10.0},{"not_picked":["Guardian:RollAttack","Guardian:BodySlam","Guardian:StasisEngine"],"picked":"SKIP","floor":12.0},{"not_picked":["Guardian:Gem_Red","Guardian:PrismaticBeam"],"picked":"Guardian:TimeCapacitor","floor":14.0},{"not_picked":["Guardian:ChargeCore","Guardian:EvasiveProtocol"],"picked":"Guardian:CrystalBeam","floor":15.0},{"not_picked":["Guardian:FierceBash","Guardian:StasisEngine"],"picked":"Guardian:GemFinder","floor":16.0},{"not_picked":["Guardian:Gem_Green","Guardian:Gem_Lightblue"],"picked":"Guardian:Gem_Cyan","floor":19.0},{"not_picked":["Guardian:EvasiveProtocol","Guardian:Reroute"],"picked":"Guardian:DonusPower","floor":19.0},{"not_picked":["Guardian:Gem_Green","Guardian:Gem_Lightblue"],"picked":"Guardian:Gem_Red","floor":20.0},{"not_picked":["Guardian:Gem_Green","Guardian:Gem_Cyan"],"picked":"Guardian:Incinerate","floor":20.0},{"not_picked":["Guardian:ChargeCore+1","Guardian:CrystalBeam"],"picked":"Guardian:Gem_Lightblue","floor":21.0},{"not_picked":["Guardian:Gem_Green","Guardian:Gem_Cyan"],"picked":"Guardian:Gem_Red","floor":22.0},{"not_picked":["Guardian:CrystalBeam+1","Guardian:GuardianWhirl+1"],"picked":"Guardian:ExploitGems","floor":22.0},{"not_picked":["Guardian:Gem_Cyan","Guardian:Gem_Green"],"picked":"Guardian:Gem_Red","floor":23.0},{"not_picked":["Guardian:RollAttack+1","Guardian:Incinerate"],"picked":"Guardian:ChargeUp","floor":23.0},{"not_picked":["Guardian:WalkerClaw","Guardian:Reroute"],"picked":"Guardian:ShieldCharger","floor":27.0},{"not_picked":["Guardian:Gem_Green","Guardian:Gem_Red"],"picked":"Guardian:CrystalBeam","floor":28.0},{"not_picked":["Guardian:Gem_Red","Guardian:Gem_Lightblue"],"picked":"Guardian:Gem_Cyan","floor":30.0},{"not_picked":["Guardian:Gem_Cyan","Guardian:SentryBeam"],"picked":"Guardian:SphericShield","floor":30.0},{"not_picked":["Guardian:PrimingBeam","Guardian:RollAttack"],"picked":"Guardian:DecasProtection","floor":32.0},{"not_picked":["Guardian:Gem_Lightblue","Guardian:Gem_Cyan"],"picked":"Guardian:Gem_Red","floor":33.0},{"not_picked":["Guardian:StasisStrike","Guardian:StasisField"],"picked":"Guardian:Gem_Orange","floor":33.0},{"not_picked":["Guardian:Gem_Cyan","Guardian:Gem_Green"],"picked":"Guardian:Gem_Lightblue","floor":36.0},{"not_picked":["Guardian:ChargeCore","Guardian:PolyBeam+1"],"picked":"Guardian:Suspension","floor":36.0},{"not_picked":["Guardian:Gem_Cyan","Guardian:Gem_Red"],"picked":"Guardian:Gem_Lightblue","floor":37.0},{"not_picked":["Guardian:Gem_White","Guardian:BodySlam"],"picked":"Guardian:SentryBeam+1","floor":37.0},{"not_picked":["Guardian:WalkerClaw+1","Guardian:Reroute"],"picked":"Guardian:Planning","floor":38.0},{"not_picked":["Guardian:Gem_Cyan","Guardian:PiercingHide+1"],"picked":"Guardian:FuturePlans","floor":39.0},{"not_picked":["Guardian:Gem_Cyan","Guardian:Gem_Green"],"picked":"Guardian:Gem_Red","floor":40.0},{"not_picked":["Guardian:PiercingHide+1","Guardian:Gem_Green"],"picked":"Guardian:PrismaticBeam","floor":40.0},{"not_picked":["expansioncontent:InvincibleStrength","Replay:SS_hec_1"],"picked":"expansioncontent:LastStand","floor":42.0},{"not_picked":["expansioncontent:PolyBeam","expansioncontent:Hexaburn"],"picked":"expansioncontent:Chronoboost","floor":42.0},{"not_picked":["expansioncontent:InvincibleStrength","expansioncontent:Hexaburn"],"picked":"Replay:SS_hec_1","floor":42.0},{"not_picked":["Guardian:Gem_Green","Guardian:Gem_Lightblue"],"picked":"Guardian:Gem_Red","floor":43.0},{"not_picked":["Guardian:PolyBeam+1","Guardian:BronzeArmor+1"],"picked":"Guardian:Gem_Yellow","floor":43.0},{"not_picked":["Guardian:ShieldCharger+1","Guardian:Gem_Cyan"],"picked":"Guardian:Gem_White","floor":44.0},{"not_picked":["Guardian:ShieldSpikes","Guardian:BronzeOrb"],"picked":"Guardian:Gem_Purple","floor":45},{"not_picked":["Guardian:ShieldCharger","Guardian:CrystalBeam"],"picked":"Guardian:TemporalStrike","floor":46},{"not_picked":["Guardian:PrimingBeam","Guardian:Repulse+1"],"picked":"Guardian:CrystalBeam+1","floor":48},{"not_picked":["Guardian:Incinerate","Guardian:VentSteam","Guardian:Repulse"],"picked":"SKIP","floor":49}],"player_experience":140367,"relics_obtained":[{"floor":7.0,"key":"Replay:WaspNest"},{"floor":9.0,"key":"StoneCalendar"},{"floor":13.0,"key":"Chameleon Ring"},{"floor":21.0,"key":"Incense Burner"},{"floor":21.0,"key":"Replay:Bottled Eggs"},{"floor":27.0,"key":"Potion Belt"},{"floor":38.0,"key":"CeramicFish"},{"floor":41.0,"key":"Omamori"},{"floor":43.0,"key":"Replay:Towering Pillar of Hats"}],"event_choices":[],"is_beta":false,"boss_relics":[{"not_picked":["Busted Crown","Empty Cage"],"picked":"SacredBark"},{"not_picked":["Tiny House","Snecko Eye"],"picked":"Fusion Hammer"}],"items_purged_floors":[40],"is_endless":false,"potions_floor_spawned":[4,9,10,15,16,20,21,22,27,28,33,39,43,48],"ascension_level":0}}