{"host":"dlqyscxstsnu98l1","time":1613147284,"event":{"mods":["AchievementEnabler","BaseMod","Colored Map","Colored Powertips","GifTheSpireLib","Highlight Path","Minty Spire (QoL Compilation)","Random Character Button","SacredBarkPlus","StSLib","everything is the same but u backflip on backflip"],"gold_per_floor":[115,134,161,178,25,25,52,52,78,78,98,98,115,141,141,240,240,240,240,240,165,165,165,165,165,165,165,8,8,8,8,8,8,8,8,8,8,8,0,0,0,0,0,0,0,0,0,0,0,0,0,0,0,0,0],"floor_reached":56,"language":"ENG","playtime":3193,"items_purged":[],"score":1436,"play_id":"805e8f60-15ef-425b-b0f5-e89bbbcfd409","local_time":"20210212102804","is_ascension_mode":true,"campfire_choices":[{"data":"PathToVictory","floor":6,"key":"SMITH"},{"data":"PathToVictory","floor":8,"key":"SMITH"},{"data":"Protect","floor":12,"key":"SMITH"},{"data":"Protect","floor":15,"key":"SMITH"},{"data":"Vault","floor":23,"key":"SMITH"},{"floor":25,"key":"REST"},{"data":"PathToVictory","floor":32,"key":"SMITH"},{"floor":42,"key":"RECALL"},{"data":"Protect","floor":45,"key":"SMITH"},{"data":"Sanctity","floor":47,"key":"SMITH"},{"data":"Vigilance","floor":49,"key":"SMITH"},{"data":"WheelKick","floor":52,"key":"SMITH"}],"circlet_count":0,"master_deck":["Strike_P+1","Strike_P+1","Defend_P+1","Defend_P+1","Defend_P+1","Defend_P+1","Eruption+1","Vigilance+1","PathToVictory+1","WheelKick+1","PathToVictory+1","Protect+1","Establishment+1","Protect+1","Vault+1","Sanctity+1","Conclude","Scrawl","PathToVictory+1","Vault","ClearTheMind+1","InnerPeace+1","PathToVictory+1","Protect+1","Protect+1"],"relics":["PureWater","NeowsBlessing","Oddly Smooth Stone","Frozen Egg 2","Pen Nib","Whetstone","Ectoplasm","Enchiridion","Bag of Marbles","Bottled Tornado","Strange Spoon","Snecko Eye","Red Mask","Lantern","Yang","Incense Burner"],"acts_visited":["Exordium","TheCity","TheBeyond","TheEnding"],"potions_floor_usage":[7,11,24,33,55,55],"damage_taken":[{"damage":0,"enemies":"Cultist","floor":1,"turns":1},{"damage":0,"enemies":"2 Louse","floor":2,"turns":1},{"damage":0,"enemies":"Jaw Worm","floor":4,"turns":1},{"damage":21,"enemies":"Lagavulin","floor":7,"turns":6},{"damage":5,"enemies":"2 Fungi Beasts","floor":11,"turns":3},{"damage":0,"enemies":"Blue Slaver","floor":13,"turns":3},{"damage":10,"enemies":"Gremlin Nob","floor":14,"turns":5},{"damage":14,"enemies":"The Guardian","floor":16,"turns":8},{"damage":8,"enemies":"Shell Parasite","floor":18,"turns":5},{"damage":1,"enemies":"3 Byrds","floor":19,"turns":7},{"damage":0,"enemies":"Snecko","floor":22,"turns":4},{"damage":19,"enemies":"Book of Stabbing","floor":24,"turns":7},{"damage":0,"enemies":"Centurion and Healer","floor":30,"turns":3},{"damage":2,"enemies":"Collector","floor":33,"turns":9},{"damage":0,"enemies":"Orb Walker","floor":35,"turns":4},{"damage":0,"enemies":"3 Shapes","floor":38,"turns":4},{"damage":0,"enemies":"Giant Head","floor":40,"turns":5},{"damage":0,"enemies":"Transient","floor":44,"turns":9},{"damage":0,"enemies":"4 Shapes","floor":46,"turns":4},{"damage":13,"enemies":"Time Eater","floor":50,"turns":6},{"damage":13,"enemies":"Shield and Spear","floor":54,"turns":8},{"damage":32,"enemies":"The Heart","floor":55,"turns":9}],"seed_played":"-7094821879686356745","potions_obtained":[{"floor":2,"key":"FearPotion"},{"floor":7,"key":"Weak Potion"},{"floor":16,"key":"GamblersBrew"},{"floor":19,"key":"BottledMiracle"},{"floor":30,"key":"AttackPotion"},{"floor":40,"key":"AttackPotion"},{"floor":44,"key":"StancePotion"}],"is_trial":false,"path_per_floor":["M","M","T","M","$","R","E","R","T","?","M","R","M","E","R","B",null,"M","M","?","?","M","R","E","R","T","?","$","?","M","?","R","B",null,"M","?","?","M","?","E","$","R","T","M","R","M","R","$","R","B",null,"R","$","E","B",null],"character_chosen":"WATCHER","items_purchased":["Oddly Smooth Stone","Strange Spoon"],"campfire_rested":1,"item_purchase_floors":[5,28],"current_hp_per_floor":[72,72,72,72,72,72,51,51,51,72,67,67,67,57,57,43,72,64,63,47,47,47,47,28,49,49,49,49,49,49,49,49,47,72,72,68,68,68,68,68,68,68,68,68,68,68,68,68,68,55,68,68,68,55,23],"gold":0,"neow_bonus":"THREE_ENEMY_KILL","is_daily":false,"chose_seed":false,"campfire_upgraded":10,"win_rate":0.0,"timestamp":1613147284,"path_taken":["M","?","?","M","$","R","E","R","T","?","M","R","M","E","R","BOSS","M","M","?","?","M","R","E","R","T","?","$","?","?","?","R","BOSS","M","?","?","?","?","E","$","R","T","M","R","M","R","$","R","BOSS","R","$","E","BOSS"],"items_purchased_type":["Relic","Relic"],"build_version":"2020-12-22","purchased_purges":0,"victory":true,"max_hp_per_floor":[72,72,72,72,72,72,72,72,72,72,72,72,72,72,72,72,72,72,72,72,72,72,72,72,72,72,72,72,72,72,72,72,72,72,72,68,68,68,68,68,68,68,68,68,68,68,68,68,68,68,68,68,68,68,68],"card_choices":[{"not_picked":["FearNoEvil","Evaluate"],"picked":"PathToVictory","floor":1},{"not_picked":["Evaluate","EmptyFist"],"picked":"WheelKick","floor":2},{"not_picked":["ThirdEye","ClearTheMind"],"picked":"PathToVictory","floor":4},{"not_picked":["Halt","SandsOfTime","FollowUp"],"picked":"SKIP","floor":7},{"not_picked":["Worship","SashWhip"],"picked":"Protect","floor":11},{"not_picked":["Indignation","PathToVictory"],"picked":"Establishment+1","floor":13},{"not_picked":["SandsOfTime","FlurryOfBlows"],"picked":"Protect","floor":14},{"not_picked":["Establishment+1","Brilliance"],"picked":"Vault","floor":16},{"not_picked":["BowlingBash","FlurryOfBlows+1","CrushJoints"],"picked":"SKIP","floor":18},{"not_picked":["Consecrate","ForeignInfluence+1"],"picked":"Sanctity","floor":19},{"not_picked":["Worship","CrushJoints"],"picked":"Conclude","floor":22},{"not_picked":["EmptyMind","CarveReality+1"],"picked":"Scrawl","floor":24},{"not_picked":["FlurryOfBlows","Evaluate"],"picked":"PathToVictory","floor":30},{"not_picked":["DevaForm+1","LessonLearned"],"picked":"Vault","floor":33},{"not_picked":["JustLucky+1","FollowUp"],"picked":"ClearTheMind+1","floor":35},{"not_picked":["PathToVictory+1","ThirdEye+1"],"picked":"InnerPeace+1","floor":38},{"not_picked":["Worship","ConjureBlade"],"picked":"PathToVictory+1","floor":40},{"not_picked":["Collect","FollowUp+1"],"picked":"Protect","floor":44},{"not_picked":["ForeignInfluence","TalkToTheHand+1","FollowUp"],"picked":"SKIP","floor":46},{"not_picked":["SpiritShield","Tantrum+1"],"picked":"Protect+1","floor":54}],"player_experience":170924,"relics_obtained":[{"floor":7,"key":"Frozen Egg 2"},{"floor":9,"key":"Pen Nib"},{"floor":14,"key":"Whetstone"},{"floor":20,"key":"Enchiridion"},{"floor":24,"key":"Bag of Marbles"},{"floor":26,"key":"Bottled Tornado"},{"floor":40,"key":"Lantern"},{"floor":43,"key":"Yang"},{"floor":54,"key":"Incense Burner"}],"event_choices":[{"damage_healed":24,"gold_gain":0,"player_choice":"Banana","damage_taken":0,"max_hp_gain":0,"max_hp_loss":0,"event_name":"Big Fish","floor":10,"gold_loss":0},{"damage_healed":0,"gold_gain":0,"player_choice":"Obtained Book","damage_taken":16,"max_hp_gain":0,"max_hp_loss":0,"event_name":"Cursed Tome","floor":20,"gold_loss":0},{"cards_removed":["Strike_P"],"damage_healed":0,"gold_gain":0,"player_choice":"Gave Gold","damage_taken":0,"max_hp_gain":0,"max_hp_loss":0,"event_name":"Beggar","floor":21,"gold_loss":75},{"damage_healed":0,"gold_gain":0,"player_choice":"Simplicity","damage_taken":0,"max_hp_gain":0,"max_hp_loss":0,"event_name":"Back to Basics","floor":27,"gold_loss":0,"cards_upgraded":["Strike_P","Strike_P","Defend_P","Defend_P","Defend_P","Defend_P"]},{"damage_healed":0,"gold_gain":0,"player_choice":"Ignored","damage_taken":0,"max_hp_gain":0,"max_hp_loss":0,"event_name":"Vampires","floor":31,"gold_loss":0},{"damage_healed":0,"gold_gain":0,"player_choice":"Max HP","damage_taken":0,"max_hp_gain":0,"max_hp_loss":4,"event_name":"Winding Halls","floor":36,"gold_loss":0},{"cards_removed":["Strike_P"],"damage_healed":0,"gold_gain":0,"player_choice":"Purged","damage_taken":0,"max_hp_gain":0,"max_hp_loss":0,"event_name":"Purifier","floor":37,"gold_loss":0},{"damage_healed":0,"gold_gain":0,"player_choice":"Paid","damage_taken":0,"relics_obtained":["Red Mask"],"max_hp_gain":0,"max_hp_loss":0,"event_name":"Tomb of Lord Red Mask","floor":39,"gold_loss":8}],"is_beta":false,"boss_relics":[{"not_picked":["Philosopher\u0027s Stone","Cursed Key"],"picked":"Ectoplasm"},{"not_picked":["Astrolabe","Empty Cage"],"picked":"Snecko Eye"}],"items_purged_floors":[],"is_endless":false,"potions_floor_spawned":[2,7,16,19,30,40,44],"ascension_level":4}}