{"host":"p4v0hquynnreu717","time":1613147430,"event":{"mods":["BaseMod","DeckTracker","Googly Eyes","Minty Spire (QoL Compilation)","Quick Restart","StSLib","SuperFastMode"],"gold_per_floor":[113,113,125,125,14,52,52,72,72,91,91,115,155,171,171,265,265,280,295,66,66,66,66,102,30,30,48,98,122,136,150,150,245,245,264,264,164,18,37,37,68,68,68,68,102,127,142,32,32,32,32,32,32,68,68],"floor_reached":56,"language":"ZHS","playtime":2222,"items_purged":["Strike_R","Rampage+1"],"score":2027,"play_id":"978fe777-36df-430d-8f2b-9b15dfbb4667","local_time":"20210213003030","is_ascension_mode":true,"campfire_choices":[{"data":"Armaments","floor":7.0,"key":"SMITH"},{"data":"Disarm","floor":11.0,"key":"SMITH"},{"data":"Feel No Pain","floor":15.0,"key":"SMITH"},{"floor":23.0,"key":"REST"},{"floor":32.0,"key":"REST"},{"data":"Limit Break","floor":40.0,"key":"SMITH"},{"floor":49,"key":"RECALL"},{"data":"Dark Embrace","floor":52,"key":"SMITH"}],"circlet_count":0,"master_deck":["AscendersBane","Disarm+1","Armaments+1","Bloodletting","Feel No Pain+1","Pommel Strike+1","Berserk+1","Limit Break+1","Finesse","Feel No Pain","Reaper+1","Inflame+1","Burning Pact+1","Flame Barrier+1","True Grit","Shrug It Off","Dark Embrace+1","Reaper+1","Intimidate+1"],"relics":["Burning Blood","Golden Idol","Molten Egg 2","White Beast Statue","Strawberry","Pandora\u0027s Box","Nloth\u0027s Gift","Self Forming Clay","Astrolabe","Medical Kit","Kunai","Mummified Hand","Pear","Vajra"],"acts_visited":["Exordium","TheCity","TheBeyond","TheEnding"],"potions_floor_usage":[55],"damage_taken":[{"damage":0.0,"enemies":"2 Louse","floor":1.0,"turns":1.0},{"damage":0.0,"enemies":"Cultist","floor":3.0,"turns":1.0},{"damage":0.0,"enemies":"Lagavulin","floor":6.0,"turns":2.0},{"damage":8.0,"enemies":"Jaw Worm","floor":8.0,"turns":5.0},{"damage":29.0,"enemies":"Large Slime","floor":10.0,"turns":9.0},{"damage":8.0,"enemies":"2 Fungi Beasts","floor":12.0,"turns":3.0},{"damage":22.0,"enemies":"Gremlin Nob","floor":13.0,"turns":4.0},{"damage":10.0,"enemies":"Gremlin Gang","floor":14.0,"turns":7.0},{"damage":19.0,"enemies":"The Guardian","floor":16.0,"turns":16.0},{"damage":17.0,"enemies":"Spheric Guardian","floor":18.0,"turns":3.0},{"damage":26.0,"enemies":"2 Thieves","floor":19.0,"turns":3.0},{"damage":35.0,"enemies":"Slavers","floor":24.0,"turns":5.0},{"damage":23.0,"enemies":"Snake Plant","floor":27.0,"turns":5.0},{"damage":12.0,"enemies":"Shelled Parasite and Fungi","floor":29.0,"turns":4.0},{"damage":5.0,"enemies":"Snecko","floor":30.0,"turns":5.0},{"damage":4.0,"enemies":"Snake Plant","floor":31.0,"turns":5.0},{"damage":24.0,"enemies":"Automaton","floor":33.0,"turns":6.0},{"damage":25.0,"enemies":"Orb Walker","floor":35.0,"turns":5.0},{"damage":47.0,"enemies":"3 Shapes","floor":39.0,"turns":11.0},{"damage":45.0,"enemies":"Nemesis","floor":41.0,"turns":7.0},{"damage":56,"enemies":"Reptomancer","floor":45,"turns":6},{"damage":35,"enemies":"Maw","floor":46,"turns":6},{"damage":40,"enemies":"3 Darklings","floor":47,"turns":6},{"damage":71,"enemies":"Time Eater","floor":50,"turns":7},{"damage":65,"enemies":"Shield and Spear","floor":54,"turns":5},{"damage":34,"enemies":"The Heart","floor":55,"turns":5}],"seed_played":"4636350775757359347","potions_obtained":[{"floor":2.0,"key":"HeartOfIron"},{"floor":2.0,"key":"CultistPotion"},{"floor":10.0,"key":"Swift Potion"},{"floor":13.0,"key":"Swift Potion"},{"floor":18.0,"key":"SteroidPotion"},{"floor":19.0,"key":"DistilledChaos"},{"floor":24.0,"key":"Regen Potion"},{"floor":27.0,"key":"FearPotion"},{"floor":29.0,"key":"SkillPotion"},{"floor":33.0,"key":"Swift Potion"},{"floor":35.0,"key":"SteroidPotion"},{"floor":54,"key":"PowerPotion"}],"is_trial":false,"path_per_floor":["M","?","M","?","$","E","R","M","T","M","R","M","E","M","R","B",null,"M","M","$","?","?","R","E","$","T","M","?","M","M","M","R","B",null,"M","?","$","$","M","R","E","$","T","$","E","M","M","?","R","B",null,"R","$","E","B",null],"character_chosen":"IRONCLAD","items_purchased":["Bloodletting","Limit Break","Finesse","Second Wind","Medical Kit"],"campfire_rested":2,"item_purchase_floors":[5,20,20,25,38],"current_hp_per_floor":[74,74,75,68,68,68,68,66,66,43,43,41,32,28,28,15,60,49,29,29,29,29,51,22,22,22,19,19,13,14,16,38,20,61,53,53,53,53,75,75,75,75,75,75,85,85,85,85,85,83,85,85,85,85,85],"gold":68,"neow_bonus":"THREE_ENEMY_KILL","is_daily":false,"chose_seed":false,"campfire_upgraded":5,"win_rate":0.0,"timestamp":1613147430,"path_taken":["M","?","?","?","$","E","R","M","T","M","R","M","E","M","R","BOSS","M","M","$","?","?","R","E","$","T","?","?","M","M","M","R","BOSS","M","?","?","$","M","R","E","?","T","$","E","?","M","?","R","BOSS","R","$","E","BOSS"],"items_purchased_type":["Card","Card","Card","Card","Relic"],"build_version":"2020-12-22","purchased_purges":2,"victory":true,"max_hp_per_floor":[75,75,75,68,68,68,68,68,68,68,68,68,75,75,75,75,75,75,75,75,75,75,75,75,75,75,75,75,75,75,75,75,75,75,75,75,75,75,75,75,75,75,75,75,85,85,85,85,85,85,85,85,85,85,85],"card_choices":[{"not_picked":["Cleave","Sword Boomerang"],"picked":"Disarm","floor":1.0},{"not_picked":["Havoc","Perfected Strike"],"picked":"Armaments","floor":3.0},{"not_picked":["Exhume","Sever Soul+1"],"picked":"Feel No Pain","floor":6.0},{"not_picked":["Hemokinesis+1","Warcry"],"picked":"Pommel Strike+1","floor":8.0},{"not_picked":["Reckless Charge+1","Flex","Heavy Blade+1"],"picked":"SKIP","floor":10.0},{"not_picked":["Clash+1","Combust","Cleave+1"],"picked":"SKIP","floor":12.0},{"not_picked":["Power Through","Pummel+1"],"picked":"Rampage+1","floor":13.0},{"not_picked":["Thunderclap+1","Body Slam+1","Perfected Strike+1"],"picked":"SKIP","floor":14.0},{"not_picked":["Demon Form","Corruption"],"picked":"Berserk","floor":16.0},{"not_picked":["Thunderclap+1","Wild Strike+1","Twin Strike+1"],"picked":"SKIP","floor":18.0},{"not_picked":["Ghostly Armor","Rampage+1"],"picked":"Iron Wave+1","floor":19.0},{"not_picked":["Clash+1","Infernal Blade"],"picked":"Blood for Blood+1","floor":24.0},{"not_picked":["Warcry","Heavy Blade+1","Clothesline+1"],"picked":"SKIP","floor":27.0},{"not_picked":["Clothesline+1","Sword Boomerang+1","Immolate+1"],"picked":"SKIP","floor":29.0},{"not_picked":["Body Slam+1","Twin Strike+1"],"picked":"Feel No Pain","floor":30.0},{"not_picked":["Clash+1","Perfected Strike+1","Clothesline+1"],"picked":"SKIP","floor":31.0},{"not_picked":["Bludgeon+1","Immolate+1"],"picked":"Reaper+1","floor":33.0},{"not_picked":["Thunderclap+1","Bludgeon+1"],"picked":"True Grit","floor":35.0},{"not_picked":["Shrug It Off","Thunderclap+1","Armaments"],"picked":"SKIP","floor":39.0},{"not_picked":["Shrug It Off","Thunderclap+1","Armaments"],"picked":"SKIP","floor":39.0},{"not_picked":["Thunderclap+1","Armaments"],"picked":"Shrug It Off","floor":39.0},{"not_picked":["Carnage+1","Sever Soul+1"],"picked":"Dark Embrace","floor":41.0},{"not_picked":["Demon Form","Pommel Strike+1"],"picked":"Reaper+1","floor":45},{"not_picked":["True Grit","Sword Boomerang+1","Barricade"],"picked":"SKIP","floor":46},{"not_picked":["Searing Blow+1","Heavy Blade+1"],"picked":"Intimidate+1","floor":47},{"not_picked":["Clash+1","Flex","Thunderclap+1"],"picked":"SKIP","floor":54}],"player_experience":849779,"relics_obtained":[{"floor":6.0,"key":"Molten Egg 2"},{"floor":9.0,"key":"White Beast Statue"},{"floor":13.0,"key":"Strawberry"},{"floor":24.0,"key":"Self Forming Clay"},{"floor":41.0,"key":"Kunai"},{"floor":43.0,"key":"Mummified Hand"},{"floor":45,"key":"Pear"},{"floor":54,"key":"Vajra"}],"event_choices":[{"damage_healed":0.0,"max_hp_gain":0.0,"max_hp_loss":0.0,"gold_gain":0.0,"event_name":"Lab","player_choice":"Got Potions","floor":2.0,"gold_loss":0.0,"damage_taken":0.0},{"damage_healed":0.0,"max_hp_gain":0.0,"max_hp_loss":7.0,"gold_gain":0.0,"event_name":"Golden Idol","player_choice":"Lose Max HP","floor":4.0,"gold_loss":0.0,"damage_taken":0.0,"relics_obtained":["Golden Idol"]},{"damage_healed":0.0,"max_hp_gain":0.0,"max_hp_loss":0.0,"gold_gain":0.0,"event_name":"Cursed Tome","player_choice":"Ignored","floor":21.0,"gold_loss":0.0,"damage_taken":0.0},{"damage_healed":0.0,"max_hp_gain":0.0,"max_hp_loss":0.0,"gold_gain":0.0,"event_name":"N\u0027loth","player_choice":"Traded Relic","floor":22.0,"relics_lost":["NeowsBlessing"],"gold_loss":0.0,"damage_taken":0.0,"relics_obtained":["Nloth\u0027s Gift"]},{"damage_healed":0.0,"max_hp_gain":0.0,"max_hp_loss":0.0,"gold_gain":50.0,"event_name":"Nest","player_choice":"Stole From Cult","floor":28.0,"gold_loss":0.0,"damage_taken":0.0},{"damage_healed":0.0,"max_hp_gain":0.0,"max_hp_loss":0.0,"gold_gain":0.0,"event_name":"SecretPortal","player_choice":"Ignored","floor":36.0,"gold_loss":0.0,"damage_taken":0.0},{"cards_removed":["Second Wind"],"damage_healed":0,"gold_gain":0,"player_choice":"Upgrade and Remove","damage_taken":0,"max_hp_gain":0,"max_hp_loss":0,"event_name":"Designer","floor":48,"gold_loss":110,"cards_upgraded":["Berserk"]}],"is_beta":false,"boss_relics":[{"not_picked":["Ectoplasm","Snecko Eye"],"picked":"Pandora\u0027s Box"},{"not_picked":["Calling Bell","Philosopher\u0027s Stone"],"picked":"Astrolabe"}],"items_purged_floors":[5,37],"is_endless":false,"potions_floor_spawned":[3,10,12,13,14,16,18,19,24,27,29,30,31,33,35,39,41,45,46,47,54],"ascension_level":15}}