{"host":"8a72fthmlk1o8pdb","time":1613112457,"event":{"mods":["AchievementEnabler","Aspiration","Astrologer","Bard","BaseMod","Beaked The Cultist","Better Sensory Stone","Better Skull","Better Third Choice","ChefMod","Colored Map","Colored Powertips","Dark Map","Downfall","Friendly Minions","GifTheSpireLib","Googly Eyes","Gremlin Mod","Hermit","Hubris","JesterMod","Jorbs\u0027s Wanderer Trilogy","Marisa????????","Minty Spire (QoL Compilation)","Permanent Neow","Random Character Button","Rare Cards Sparkle","Relic Stats","Reliquary","Robot Space Explorer","Shade Mod","Shop Mod","Somnambulant","StSLib","The Animator","The Blue Laboratory","The Construct","The Cursed","The Disciple","The Hayseed","The Hierophant","The Jungle","The Marked","The Mystic","The Necromancer","The Poker Player","The Problem Sleuth","The Runesmith","thorton"],"gold_per_floor":[116,133,13,13,33,33,20,20,20,20,20],"floor_reached":10,"language":"ENG","playtime":429,"items_purged":["Strike_B"],"score":58,"play_id":"548aaf46-2389-4ae6-aec8-1a1303f32101","local_time":"20210211224737","is_ascension_mode":false,"campfire_choices":[{"data":"hubris:Prefetch","floor":6,"key":"SMITH"},{"data":"Genetic Algorithm","floor":8,"key":"SMITH"}],"circlet_count":0,"master_deck":["Strike_B","Strike_B","Strike_B","Defend_B","Defend_B","Defend_B","Defend_B","Zap","Dualcast","Blizzard","Gash","Coolheaded","hubris:Prefetch+1","Genetic Algorithm+1","Redo"],"relics":["Cracked Core","InkBottle"],"acts_visited":["Exordium"],"potions_floor_usage":[],"damage_taken":[{"damage":0,"enemies":"2 Louse","floor":1,"turns":3},{"damage":1,"enemies":"Cultist","floor":2,"turns":3},{"damage":1,"enemies":"Jaw Worm","floor":5,"turns":5},{"damage":9,"enemies":"Exordium Thugs","floor":7,"turns":5},{"damage":64,"enemies":"Gremlin Nob","floor":10,"turns":5}],"seed_played":"5052833309946959085","potions_obtained":[{"floor":1,"key":"blueLaboratory:HummingbirdPotion"}],"is_trial":false,"path_per_floor":["M","M","$","?","M","R","M","R","T","E"],"character_chosen":"DEFECT","items_purchased":["Coolheaded"],"campfire_rested":0,"item_purchase_floors":[3],"current_hp_per_floor":[75,74,74,74,73,73,64,64,64,0,0],"gold":20,"neow_bonus":"THREE_CARDS","is_daily":false,"chose_seed":false,"campfire_upgraded":2,"win_rate":0.0,"timestamp":1613112457,"path_taken":["M","M","$","?","M","R","M","R","T","E"],"items_purchased_type":["Card"],"build_version":"2020-12-22","purchased_purges":1,"victory":false,"max_hp_per_floor":[75,75,75,75,75,75,75,75,75,75,75],"relic_stats":{"counters":[5,21],"obtain_stats":[{"Cracked Core":0,"InkBottle":9},{"Cracked Core":0,"InkBottle":4},{"Cracked Core":0,"InkBottle":16}],"InkBottle":[1]},"card_choices":[{"not_picked":["Steam Power","Sweeping Beam"],"picked":"Blizzard","floor":0},{"not_picked":["Stack","Compile Driver","Hologram"],"picked":"SKIP","floor":1},{"not_picked":["Sweeping Beam","Lockon"],"picked":"Gash","floor":2},{"not_picked":["Rip and Tear","Compile Driver"],"picked":"Redo","floor":5},{"not_picked":["Hologram","Seek","Scrape"],"picked":"SKIP","floor":7}],"player_experience":182619,"relics_obtained":[{"floor":9,"key":"InkBottle"}],"event_choices":[{"damage_healed":0,"gold_gain":0,"player_choice":"2 cards matched","damage_taken":0,"max_hp_gain":0,"max_hp_loss":0,"event_name":"Match and Keep!","floor":4,"gold_loss":0,"cards_obtained":["hubris:Prefetch","Genetic Algorithm"]}],"is_beta":false,"boss_relics":[],"items_purged_floors":[3],"is_endless":false,"potions_floor_spawned":[1],"killed_by":"Gremlin Nob","ascension_level":0}}