{"host":"vl29iwkwnyytuw8q","time":1613144051,"event":{"mods":["BaseMod","Minty Spire (QoL Compilation)","Permanent Neow","Relic Stats","StSLib"],"gold_per_floor":[129,184,21,39,4,4,40,40,65,65,65,65,65,103,103,128,128],"floor_reached":16,"language":"ENG","playtime":387,"items_purged":[],"score":200,"play_id":"9ab07876-c417-400a-998d-07283aca5524","local_time":"20210212163411","is_ascension_mode":true,"campfire_choices":[{"data":"HandOfGreed","floor":6.0,"key":"SMITH"},{"data":"Skewer","floor":10.0,"key":"SMITH"},{"data":"Leg Sweep","floor":12.0,"key":"SMITH"},{"data":"Blade Dance","floor":15.0,"key":"SMITH"}],"circlet_count":0,"master_deck":["AscendersBane","Strike_G","Strike_G","Strike_G","Strike_G","Strike_G","Defend_G","Defend_G","Defend_G","Defend_G","Defend_G","Survivor","Neutralize","HandOfGreed+1","Leg Sweep+1","Blade Dance+1","PiercingWail","Skewer+1","Well Laid Plans","Acrobatics","Backstab","Dagger Throw","Sucker Punch","Backflip"],"relics":["Ring of the Snake","Orrery","Dream Catcher","Shovel"],"acts_visited":["Exordium"],"potions_floor_usage":[],"damage_taken":[{"damage":0.0,"enemies":"Cultist","floor":1.0,"turns":3.0},{"damage":12.0,"enemies":"Small Slimes","floor":2.0,"turns":4.0},{"damage":0.0,"enemies":"Jaw Worm","floor":4.0,"turns":2.0},{"damage":4.0,"enemies":"2 Fungi Beasts","floor":7.0,"turns":3.0},{"damage":0.0,"enemies":"3 Sentries","floor":8.0,"turns":1.0},{"damage":3.0,"enemies":"Looter","floor":14.0,"turns":4.0},{"damage":47,"enemies":"Slime Boss","floor":16,"turns":14}],"seed_played":"-206601055755823332","potions_obtained":[{"floor":4.0,"key":"SmokeBomb"}],"is_trial":false,"path_per_floor":["M","M","$","M","?","R","M","E","T","R","?","R","T","M","R","B"],"character_chosen":"THE_SILENT","items_purchased":["Orrery"],"campfire_rested":0,"item_purchase_floors":[3],"current_hp_per_floor":[44,32,32,32,32,32,28,28,28,28,50,50,50,47,47,0,0],"gold":128,"neow_bonus":"RANDOM_COLORLESS_2","is_daily":false,"chose_seed":false,"campfire_upgraded":4,"win_rate":0.0,"timestamp":1613144051,"path_taken":["M","M","$","M","?","R","M","E","T","R","?","R","?","M","R","BOSS"],"items_purchased_type":["Relic"],"build_version":"2020-12-22","purchased_purges":0,"victory":false,"max_hp_per_floor":[66,66,66,66,66,66,66,66,66,66,66,66,66,66,66,66,66],"relic_stats":{"Dream Catcher":0,"Shovel":0,"counters":[7,31],"obtain_stats":[{"Dream Catcher":9,"Shovel":13,"Orrery":3,"Ring of the Snake":0},{"Dream Catcher":5,"Shovel":5,"Orrery":2,"Ring of the Snake":0},{"Dream Catcher":13,"Shovel":13,"Orrery":7,"Ring of the Snake":0}],"Ring of the Snake":[14]},"card_choices":[{"not_picked":["Mayhem","Chrysalis"],"picked":"HandOfGreed","floor":0.0},{"not_picked":["Crippling Poison","Blur"],"picked":"Leg Sweep","floor":1.0},{"not_picked":["Cloak And Dagger","Masterful Stab"],"picked":"Blade Dance","floor":2.0},{"not_picked":["Flechettes","Cloak And Dagger"],"picked":"PiercingWail","floor":3.0},{"not_picked":["Accuracy","Glass Knife"],"picked":"Skewer","floor":3.0},{"not_picked":["Bouncing Flask","Dagger Throw"],"picked":"Well Laid Plans","floor":3.0},{"not_picked":["Dagger Spray","Distraction"],"picked":"Acrobatics","floor":3.0},{"not_picked":["Flechettes","Quick Slash"],"picked":"Backstab","floor":3.0},{"not_picked":["PiercingWail","Underhanded Strike"],"picked":"Dagger Throw","floor":4.0},{"not_picked":["Bane","Prepared"],"picked":"Sucker Punch","floor":7.0},{"not_picked":["Deadly Poison","Dodge and Roll"],"picked":"Backflip","floor":14.0}],"player_experience":682310,"relics_obtained":[{"floor":9.0,"key":"Dream Catcher"},{"floor":13.0,"key":"Shovel"}],"event_choices":[{"damage_healed":0.0,"max_hp_gain":0.0,"max_hp_loss":0.0,"gold_gain":0.0,"event_name":"World of Goop","player_choice":"Left Gold","floor":5.0,"gold_loss":35.0,"damage_taken":0.0},{"damage_healed":22.0,"max_hp_gain":0.0,"max_hp_loss":0.0,"gold_gain":0.0,"event_name":"Big Fish","player_choice":"Banana","floor":11.0,"gold_loss":0.0,"damage_taken":0.0}],"is_beta":false,"boss_relics":[],"items_purged_floors":[],"is_endless":false,"potions_floor_spawned":[4,8],"killed_by":"Slime Boss","ascension_level":20}}