{"host":"52lujqhsyicpcskq","time":1613111203,"event":{"mods":["BaseMod","Colored Map","DeckTracker","Minty Spire (QoL Compilation)","Permanent Neow","StSLib","SuperFastMode","everything is the same but u backflip on backflip"],"gold_per_floor":[110,23,23,33,51,51,77,77,77,88,88,104,132,147,147,221,221,237,252,252,177,196,196,196,196],"floor_reached":24,"language":"KOR","playtime":677,"items_purged":["Strike_B"],"score":343,"play_id":"90566cfe-fc4c-459e-878e-011f224044f3","local_time":"20210212152643","is_ascension_mode":true,"campfire_choices":[{"data":"Streamline","floor":6,"key":"SMITH"},{"data":"Beam Cell","floor":11,"key":"SMITH"},{"data":"Streamline","floor":15,"key":"SMITH"},{"data":"Echo Form","floor":23,"key":"SMITH"}],"circlet_count":0,"master_deck":["AscendersBane","Strike_B","Strike_B","Strike_B","Defend_B","Defend_B","Defend_B","Defend_B","Zap+1","Dualcast","Beam Cell+1","Chaos","Leap","Reprogram","Streamline+1","Streamline+1","Melter","Gash","Electrodynamics","Hologram","Echo Form+1","Fusion","Gash+1","Compile Driver+1"],"relics":["Cracked Core","Pocketwatch","Ornamental Fan","Ginger","Eternal Feather","Oddly Smooth Stone","Sozu"],"acts_visited":["Exordium","TheCity"],"potions_floor_usage":[7,7,16],"damage_taken":[{"damage":0,"enemies":"Small Slimes","floor":1,"turns":3},{"damage":2,"enemies":"Jaw Worm","floor":4,"turns":2},{"damage":0,"enemies":"Cultist","floor":5,"turns":2},{"damage":16,"enemies":"3 Sentries","floor":7,"turns":5},{"damage":9,"enemies":"Large Slime","floor":10,"turns":4},{"damage":15,"enemies":"3 Louse","floor":12,"turns":3},{"damage":4,"enemies":"Gremlin Nob","floor":13,"turns":3},{"damage":0,"enemies":"Exordium Thugs","floor":14,"turns":3},{"damage":22,"enemies":"Hexaghost","floor":16,"turns":8},{"damage":8,"enemies":"Chosen","floor":18,"turns":3},{"damage":20,"enemies":"3 Byrds","floor":19,"turns":3},{"damage":21,"enemies":"Snecko","floor":22,"turns":4},{"damage":29,"enemies":"Shelled Parasite and Fungi","floor":24,"turns":3}],"seed_played":"-8165447077772539771","potions_obtained":[{"floor":1,"key":"Strength Potion"},{"floor":4,"key":"Explosive Potion"},{"floor":14,"key":"LiquidMemories"}],"is_trial":false,"path_per_floor":["M","$","?","M","M","R","E","T","T","M","R","M","E","M","R","B",null,"M","M","?","$","M","R","M"],"character_chosen":"DEFECT","items_purchased":["Chaos","Leap"],"campfire_rested":0,"item_purchase_floors":[2,2],"current_hp_per_floor":[68,68,56,54,54,54,38,38,38,29,38,23,19,19,31,9,59,51,31,31,31,10,22,0,0],"gold":196,"neow_bonus":"UPGRADE_CARD","is_daily":false,"chose_seed":false,"campfire_upgraded":4,"win_rate":0.0,"timestamp":1613111203,"path_taken":["M","$","?","M","M","R","E","?","T","M","R","M","E","M","R","BOSS","M","M","?","$","M","R","M"],"items_purchased_type":["Card","Card"],"build_version":"2020-12-22","purchased_purges":1,"victory":false,"max_hp_per_floor":[75,75,75,75,75,75,75,75,75,75,75,75,75,75,75,75,75,75,75,75,75,75,75,75,75],"card_choices":[{"not_picked":["Auto Shields","Consume"],"picked":"Beam Cell","floor":1},{"not_picked":["Steam Power","Stack"],"picked":"Reprogram","floor":4},{"not_picked":["Tempest","Scrape"],"picked":"Streamline","floor":5},{"not_picked":["Biased Cognition","Steam"],"picked":"Streamline","floor":7},{"not_picked":["Chill","Consume"],"picked":"Melter","floor":10},{"not_picked":["Blizzard","Rip and Tear"],"picked":"Gash","floor":12},{"not_picked":["Ball Lightning","Barrage"],"picked":"Electrodynamics","floor":13},{"not_picked":["Steam","Redo"],"picked":"Hologram","floor":14},{"not_picked":["Biased Cognition","Core Surge"],"picked":"Echo Form","floor":16},{"not_picked":["Turbo","Steam Power"],"picked":"Fusion","floor":18},{"not_picked":["Reprogram","Blizzard"],"picked":"Gash+1","floor":19},{"not_picked":["Hologram","Hello World+1"],"picked":"Compile Driver+1","floor":22}],"player_experience":790037,"relics_obtained":[{"floor":7,"key":"Ornamental Fan"},{"floor":8,"key":"Ginger"},{"floor":9,"key":"Eternal Feather"},{"floor":13,"key":"Oddly Smooth Stone"}],"event_choices":[{"damage_healed":0,"gold_gain":0,"player_choice":"Success","damage_taken":12,"relics_obtained":["Pocketwatch"],"max_hp_gain":0,"max_hp_loss":0,"event_name":"Scrap Ooze","floor":3,"gold_loss":0},{"damage_healed":0,"gold_gain":0,"player_choice":"Ignored","damage_taken":0,"max_hp_gain":0,"max_hp_loss":0,"event_name":"Vampires","floor":20,"gold_loss":0}],"is_beta":false,"boss_relics":[{"not_picked":["Ectoplasm","Pandora\u0027s Box"],"picked":"Sozu"}],"items_purged_floors":[21],"is_endless":false,"potions_floor_spawned":[1,4,5,14,22],"killed_by":"Shelled Parasite and Fungi","ascension_level":13}}