{"host":"92sjzvcjs9ajt7c7","time":1613107121,"event":{"mods":["BaseMod","Colored Powertips","Evolution","Minty Spire (QoL Compilation)","Shop Mod","StSLib","The Alterego","The Marked","The Runesmith","The Servant 0.9.4","everything is the same but u backflip on backflip"],"gold_per_floor":[112,112,112,24,37,37,67,81,108,108,108,108,118,133,133,231,231,250,267,293,293,208,208,221,250,276,289,289,289,300,300,300,395,395,409,409,424,646,646,679,679,691,691,701,712,302,317,337,337,337],"floor_reached":51,"language":"ENG","playtime":5991,"items_purged":["Writhe"],"score":699,"play_id":"57e6e980-06d0-4a1d-b190-06214f465a56","local_time":"20210211231841","is_ascension_mode":false,"campfire_choices":[{"data":"Uppercut","floor":6.0,"key":"SMITH"},{"data":"Shockwave","floor":12.0,"key":"SMITH"},{"data":"Dark Embrace","floor":15.0,"key":"SMITH"},{"data":"J.A.X.","floor":23.0,"key":"SMITH"},{"data":"Armaments","floor":29.0,"key":"SMITH"},{"data":"True Grit","floor":32.0,"key":"SMITH"},{"data":"Heavy Blade","floor":41.0,"key":"SMITH"},{"data":"Pommel Strike","floor":49.0,"key":"SMITH"}],"circlet_count":0,"master_deck":["Strike_R","Defend_R","Defend_R","Defend_R","Defend_R","Bash","Uppercut+1","Feel No Pain","Dark Embrace+1","Iron Wave","Pommel Strike+1","Sword Boomerang","Reaper","Shockwave+1","Rampage","Iron Wave","Reaper","True Grit+1","Flex","J.A.X.+1","Heavy Blade+1","Armaments+1","Corruption","Flex","Apotheosis+1","Discovery","Double Tap","Inflame","Heavy Blade+1","Heavy Blade+1"],"relics":["Burning Blood","EVO:Axolotl","Orichalcum","Pocketwatch","HornCleat","Red Mask","Shuriken","Molten Egg 2","Centennial Puzzle","Self Forming Clay","Velvet Choker","Meat on the Bone","Pen Nib","Toolbox","MerchantsRug"],"acts_visited":["Exordium","TheCity","TheBeyond"],"potions_floor_usage":[50,50,50],"damage_taken":[{"damage":1.0,"enemies":"Cultist","floor":1.0,"turns":3.0},{"damage":3.0,"enemies":"Small Slimes","floor":5.0,"turns":4.0},{"damage":13.0,"enemies":"3 Sentries","floor":7.0,"turns":8.0},{"damage":7.0,"enemies":"2 Louse","floor":8.0,"turns":3.0},{"damage":4.0,"enemies":"Looter","floor":13.0,"turns":3.0},{"damage":14.0,"enemies":"Exordium Thugs","floor":14.0,"turns":5.0},{"damage":38.0,"enemies":"Hexaghost","floor":16.0,"turns":11.0},{"damage":5.0,"enemies":"3 Byrds","floor":18.0,"turns":6.0},{"damage":12.0,"enemies":"Spheric Guardian","floor":19.0,"turns":5.0},{"damage":28.0,"enemies":"Masked Bandits","floor":20.0,"turns":6.0},{"damage":15.0,"enemies":"3 Cultists","floor":24.0,"turns":5.0},{"damage":39.0,"enemies":"Slavers","floor":25.0,"turns":6.0},{"damage":39.0,"enemies":"Shelled Parasite and Fungi","floor":27.0,"turns":6.0},{"damage":30.0,"enemies":"Centurion and Healer","floor":30.0,"turns":5.0},{"damage":72.0,"enemies":"Champ","floor":33.0,"turns":11.0},{"damage":14.0,"enemies":"3 Shapes","floor":35.0,"turns":5.0},{"damage":9.0,"enemies":"Orb Walker","floor":37.0,"turns":4.0},{"damage":45.0,"enemies":"Nemesis","floor":40.0,"turns":9.0},{"damage":90.0,"enemies":"4 Shapes","floor":42.0,"turns":7.0},{"damage":14.0,"enemies":"Writhing Mass","floor":44.0,"turns":7.0},{"damage":19.0,"enemies":"Jaw Worm Horde","floor":45.0,"turns":5.0},{"damage":63.0,"enemies":"4 Shapes","floor":47.0,"turns":5.0},{"damage":9.0,"enemies":"Maw","floor":48.0,"turns":6.0},{"damage":77,"enemies":"Awakened One","floor":50,"turns":11}],"seed_played":"7165694791973633693","potions_obtained":[{"floor":1.0,"key":"SkillPotion"},{"floor":5.0,"key":"Block Potion"},{"floor":13.0,"key":"BlessingOfTheForge"},{"floor":16.0,"key":"Ancient Potion"},{"floor":24.0,"key":"FearPotion"},{"floor":25.0,"key":"Swift Potion"},{"floor":30.0,"key":"BloodPotion"},{"floor":40.0,"key":"PowerPotion"},{"floor":42.0,"key":"FearPotion"},{"floor":44.0,"key":"DistilledChaos"}],"is_trial":false,"path_per_floor":["M","?","?","$","M","R","E","M","T","?","T","R","M","M","R","B",null,"M","M","?","?","?","R","M","E","T","M","?","R","M","?","R","B",null,"M","?","M","?","?","E","R","M","T","M","M","$","M","M","R","B",null],"character_chosen":"IRONCLAD","items_purchased":["Dark Embrace","Iron Wave","Toolbox","BloodPotion","Fire Potion","MerchantsRug"],"campfire_rested":0,"item_purchase_floors":[4,4,46,46,46,46],"current_hp_per_floor":[80,80,73,73,76,76,69,68,75,75,75,75,77,69,69,41,87,87,81,65,65,65,65,87,70,70,81,81,81,73,73,73,51,87,87,82,87,87,87,64,64,39,39,54,86,86,51,62,62,52],"gold":337,"neow_bonus":"TRANSFORM_CARD","is_daily":false,"chose_seed":false,"campfire_upgraded":8,"win_rate":0.0,"timestamp":1613107121,"path_taken":["M","?","?","$","M","R","E","M","T","?","?","R","?","M","R","BOSS","M","M","?","?","?","R","?","E","T","M","?","R","M","?","R","BOSS","M","?","M","?","?","E","R","M","T","?","M","$","M","M","R","BOSS"],"items_purchased_type":["Card","Card","Relic","Potion","Potion","Relic"],"build_version":"2020-12-22","purchased_purges":1,"victory":true,"max_hp_per_floor":[80,80,80,80,80,80,80,80,87,87,87,87,87,87,87,87,87,87,87,87,87,87,87,87,87,87,87,87,87,87,87,87,87,87,87,87,87,87,87,87,87,87,87,87,87,87,87,87,87,87],"card_choices":[{"not_picked":["Battle Trance","Uppercut"],"picked":"Feel No Pain","floor":1.0},{"not_picked":["Anger","Blood for Blood"],"picked":"Pommel Strike","floor":5.0},{"not_picked":["Twin Strike","Uppercut"],"picked":"Sword Boomerang","floor":7.0},{"not_picked":["Sword Boomerang","Perfected Strike"],"picked":"Reaper","floor":8.0},{"not_picked":["Clash","Infernal Blade"],"picked":"Rampage","floor":13.0},{"not_picked":["Power Through","Anger"],"picked":"Iron Wave","floor":14.0},{"not_picked":["Offering","Berserk"],"picked":"Reaper","floor":16.0},{"not_picked":["Anger","Bloodletting","Clash"],"picked":"SKIP","floor":18.0},{"not_picked":["Perfected Strike","Anger"],"picked":"True Grit","floor":19.0},{"not_picked":["Carnage","Ghostly Armor"],"picked":"Flex","floor":20.0},{"not_picked":["Carnage","Shockwave"],"picked":"Heavy Blade","floor":24.0},{"not_picked":["Whirlwind+1","Perfected Strike+1","Intimidate+1"],"picked":"SKIP","floor":25.0},{"not_picked":["Juggernaut","Bloodletting"],"picked":"Armaments","floor":27.0},{"not_picked":["Thunderclap+1","Anger+1","Second Wind+1"],"picked":"SKIP","floor":30.0},{"not_picked":["Brutality","Juggernaut"],"picked":"Corruption","floor":33.0},{"not_picked":["Perfected Strike+1","Cleave+1"],"picked":"Flex","floor":35.0},{"not_picked":["Madness","Impatience"],"picked":"Apotheosis","floor":36.0},{"not_picked":["Impatience","Trip"],"picked":"Discovery","floor":36.0},{"not_picked":["Sword Boomerang+1","Shrug It Off","Warcry"],"picked":"SKIP","floor":37.0},{"not_picked":["Feel No Pain+1","Sword Boomerang+1"],"picked":"Double Tap","floor":40.0},{"not_picked":["Shockwave","Body Slam+1","Pummel+1"],"picked":"SKIP","floor":42.0},{"not_picked":["Twin Strike+1","Sword Boomerang+1"],"picked":"Inflame","floor":44.0},{"not_picked":["Clothesline+1","Pummel+1","Body Slam+1"],"picked":"SKIP","floor":45.0},{"not_picked":["Thunderclap+1","Twin Strike+1"],"picked":"Heavy Blade+1","floor":47.0},{"not_picked":["Anger+1","Clothesline+1"],"picked":"Heavy Blade+1","floor":48.0}],"player_experience":33448,"relics_obtained":[{"floor":7.0,"key":"Pocketwatch"},{"floor":9.0,"key":"Strawberry"},{"floor":11.0,"key":"HornCleat"},{"floor":20.0,"key":"Red Mask"},{"floor":25.0,"key":"Molten Egg 2"},{"floor":26.0,"key":"Centennial Puzzle"},{"floor":40.0,"key":"Meat on the Bone"},{"floor":43.0,"key":"Pen Nib"}],"event_choices":[{"damage_healed":0.0,"max_hp_gain":0.0,"max_hp_loss":0.0,"gold_gain":0.0,"event_name":"Big Fish","player_choice":"Box","floor":2.0,"gold_loss":0.0,"damage_taken":0.0,"relics_obtained":["Orichalcum"],"cards_obtained":["Regret"]},{"cards_removed":["Regret"],"damage_healed":0.0,"max_hp_gain":0.0,"max_hp_loss":0.0,"gold_gain":0.0,"event_name":"Golden Wing","player_choice":"Card Removal","floor":3.0,"gold_loss":0.0,"damage_taken":7.0},{"damage_healed":0.0,"max_hp_gain":0.0,"max_hp_loss":0.0,"gold_gain":0.0,"cards_transformed":["Strike_R"],"event_name":"Living Wall","player_choice":"Change","floor":10.0,"gold_loss":0.0,"damage_taken":0.0,"cards_obtained":["Shockwave"]},{"damage_healed":0.0,"max_hp_gain":0.0,"max_hp_loss":0.0,"gold_gain":0.0,"event_name":"Masked Bandits","player_choice":"Fought Bandits","floor":20.0,"gold_loss":0.0,"damage_taken":0.0},{"damage_healed":0.0,"max_hp_gain":0.0,"max_hp_loss":0.0,"gold_gain":0.0,"event_name":"Drug Dealer","player_choice":"Obtain J.A.X.","floor":21.0,"gold_loss":0.0,"damage_taken":0.0,"cards_obtained":["J.A.X."]},{"damage_healed":0.0,"max_hp_gain":0.0,"max_hp_loss":0.0,"gold_gain":0.0,"event_name":"Addict","player_choice":"Obtained Relic","floor":22.0,"gold_loss":85.0,"damage_taken":0.0,"relics_obtained":["Shuriken"]},{"damage_healed":0.0,"max_hp_gain":0.0,"max_hp_loss":0.0,"gold_gain":0.0,"event_name":"Vampires","player_choice":"Ignored","floor":28.0,"gold_loss":0.0,"damage_taken":0.0},{"damage_healed":0.0,"max_hp_gain":0.0,"max_hp_loss":0.0,"gold_gain":0.0,"event_name":"The Mausoleum","player_choice":"Opened","floor":31.0,"gold_loss":0.0,"damage_taken":0.0,"relics_obtained":["Self Forming Clay"],"cards_obtained":["Writhe"]},{"damage_healed":0.0,"max_hp_gain":0.0,"max_hp_loss":0.0,"gold_gain":0.0,"event_name":"SensoryStone","player_choice":"Memory 2","floor":36.0,"gold_loss":0.0,"damage_taken":5.0},{"damage_healed":0.0,"max_hp_gain":0.0,"max_hp_loss":0.0,"gold_gain":222.0,"event_name":"Tomb of Lord Red Mask","player_choice":"Wore Mask","floor":38.0,"gold_loss":0.0,"damage_taken":0.0},{"damage_healed":0.0,"max_hp_gain":0.0,"max_hp_loss":0.0,"gold_gain":0.0,"event_name":"Accursed Blacksmith","player_choice":"Forge","floor":39.0,"gold_loss":0.0,"damage_taken":0.0,"cards_upgraded":["Apotheosis"]}],"is_beta":false,"boss_relics":[{"not_picked":["Runic Pyramid","SacredBark"],"picked":"Empty Cage"},{"not_picked":["Calling Bell","SlaversCollar"],"picked":"Velvet Choker"}],"items_purged_floors":[46],"is_endless":false,"potions_floor_spawned":[1,5,13,16,24,25,30,40,42,44],"ascension_level":0}}