{"host":"pqs17sqrgflf4eqa","time":1613104858,"event":{"mods":["AchievementEnabler","BaseMod","Bestiary","Better Altar","Colored Map","Colored Powertips","Emptier Cage","Googly Eyes","Highlight Path","Minty Spire (QoL Compilation)","Quick Restart","StSLib","SuperFastMode","Transform Curses","slay the spire mod where everything is the same but ironclad has a cowboy hat"],"gold_per_floor":[111,286,286,10,10,10,43,43,43,87,87,112,133,151,151,281,281,300,300,324,347,113,113,148,187,187,187,202,243,267,303,303,303,303],"floor_reached":33,"language":"ENG","playtime":691,"items_purged":[],"score":420,"play_id":"711d3521-9d53-4f18-a720-89484967ae27","local_time":"20210211234058","is_ascension_mode":true,"campfire_choices":[{"data":"Eruption","floor":6.0,"key":"SMITH"},{"floor":8.0,"key":"REST"},{"data":"TalkToTheHand","floor":11.0,"key":"SMITH"},{"floor":15.0,"key":"REST"},{"data":"Crescendo","floor":23.0,"key":"SMITH"},{"data":"BowlingBash","floor":27.0,"key":"SMITH"},{"floor":32.0,"key":"REST"}],"circlet_count":0,"master_deck":["Strike_P","Strike_P+1","Strike_P","Strike_P","Defend_P","Defend_P","Defend_P","Defend_P","Eruption+1","Vigilance","Devotion+1","BowlingBash+1","FearNoEvil+1","Indignation","TalkToTheHand+1","SashWhip","Conclude+1","Crescendo+1","LessonLearned+1","Halt","Prostrate+1","DeceiveReality+1","FlyingSleeves","FlyingSleeves+1","ClearTheMind+1","SashWhip+1","ThirdEye+1","WaveOfTheHand","BowlingBash"],"relics":["PureWater","MealTicket","Golden Idol","Akabeko","StrikeDummy","Bag of Marbles","Sozu","Happy Flower","Whetstone","Tiny Chest","Red Mask","Bottled Flame","Damaru","Regal Pillow"],"acts_visited":["Exordium","TheCity"],"potions_floor_usage":[],"damage_taken":[{"damage":13.0,"enemies":"Jaw Worm","floor":1.0,"turns":6.0},{"damage":15.0,"enemies":"3 Sentries","floor":7.0,"turns":8.0},{"damage":12.0,"enemies":"Lagavulin","floor":10.0,"turns":5.0},{"damage":0.0,"enemies":"Small Slimes","floor":12.0,"turns":1.0},{"damage":0.0,"enemies":"Cultist","floor":13.0,"turns":1.0},{"damage":0.0,"enemies":"Exordium Wildlife","floor":14.0,"turns":1.0},{"damage":32.0,"enemies":"The Guardian","floor":16.0,"turns":9.0},{"damage":8.0,"enemies":"2 Thieves","floor":18.0,"turns":3.0},{"damage":0.0,"enemies":"Shell Parasite","floor":20.0,"turns":2.0},{"damage":0.0,"enemies":"Gremlin Leader","floor":24.0,"turns":3.0},{"damage":17.0,"enemies":"Masked Bandits","floor":25.0,"turns":4.0},{"damage":8.0,"enemies":"Chosen and Byrds","floor":28.0,"turns":4.0},{"damage":1.0,"enemies":"Slavers","floor":29.0,"turns":3.0},{"damage":6.0,"enemies":"Centurion and Healer","floor":30.0,"turns":3.0},{"damage":11.0,"enemies":"Book of Stabbing","floor":31.0,"turns":4.0},{"damage":52,"enemies":"Collector","floor":33,"turns":5}],"seed_played":"-9144983781795815441","potions_obtained":[{"floor":1.0,"key":"FearPotion"},{"floor":10.0,"key":"SpeedPotion"},{"floor":14.0,"key":"Dexterity Potion"}],"is_trial":false,"path_per_floor":["M","?","?","$","?","R","E","R","T","E","R","M","M","M","R","B",null,"M","?","M","T","$","R","E","?","T","R","M","E","M","E","R","B"],"character_chosen":"WATCHER","items_purchased":["MealTicket","Strength Potion","FearNoEvil","Whetstone","DeceiveReality","FlyingSleeves"],"campfire_rested":3,"item_purchase_floors":[4,4,4,22,22,22],"current_hp_per_floor":[38,38,31,31,31,31,16,36,36,24,24,24,24,24,44,12,53,45,45,45,45,60,60,60,43,43,43,35,34,28,17,52,0,0],"gold":303,"neow_bonus":"THREE_RARE_CARDS","is_daily":false,"chose_seed":false,"campfire_upgraded":4,"win_rate":0.0,"timestamp":1613104858,"path_taken":["M","?","?","$","?","R","E","R","T","E","R","M","M","?","R","BOSS","M","?","M","?","$","R","E","?","T","R","M","E","M","E","R","BOSS"],"items_purchased_type":["Relic","Potion","Card","Relic","Card","Card"],"build_version":"2020-12-22","purchased_purges":0,"victory":false,"max_hp_per_floor":[72,72,72,72,67,67,67,67,67,67,67,67,67,67,67,67,67,67,67,67,67,67,67,67,67,67,67,67,67,67,67,67,67,67],"card_choices":[{"not_picked":["SpiritShield","Scrawl"],"picked":"Devotion","floor":0.0},{"not_picked":["WreathOfFlame","MentalFortress"],"picked":"BowlingBash","floor":1.0},{"not_picked":["LikeWater","Vengeance"],"picked":"Indignation","floor":7.0},{"not_picked":["Collect","JustLucky"],"picked":"TalkToTheHand","floor":10.0},{"not_picked":["EmptyMind","Evaluate"],"picked":"SashWhip","floor":12.0},{"not_picked":["Swivel","BowlingBash"],"picked":"Conclude","floor":13.0},{"not_picked":["Swivel","MentalFortress"],"picked":"Crescendo","floor":14.0},{"not_picked":["Devotion","ConjureBlade"],"picked":"LessonLearned","floor":16.0},{"not_picked":["SashWhip+1","EmptyFist"],"picked":"Halt","floor":18.0},{"not_picked":["JustLucky","FollowUp"],"picked":"Prostrate+1","floor":20.0},{"not_picked":["FlurryOfBlows","ThirdEye"],"picked":"FlyingSleeves+1","floor":24.0},{"not_picked":["CutThroughFate+1","BowlingBash"],"picked":"ClearTheMind+1","floor":25.0},{"not_picked":["Sanctity","FearNoEvil"],"picked":"SashWhip+1","floor":28.0},{"not_picked":["Nirvana","Judgement"],"picked":"ThirdEye+1","floor":29.0},{"not_picked":["FollowUp","Halt"],"picked":"WaveOfTheHand","floor":30.0},{"not_picked":["WindmillStrike","Consecrate"],"picked":"BowlingBash","floor":31.0}],"player_experience":167570,"relics_obtained":[{"floor":7.0,"key":"Akabeko"},{"floor":9.0,"key":"StrikeDummy"},{"floor":10.0,"key":"Bag of Marbles"},{"floor":21.0,"key":"Happy Flower"},{"floor":24.0,"key":"Tiny Chest"},{"floor":25.0,"key":"Red Mask"},{"floor":26.0,"key":"Bottled Flame"},{"floor":29.0,"key":"Damaru"},{"floor":31.0,"key":"Regal Pillow"}],"event_choices":[{"damage_healed":0.0,"max_hp_gain":0.0,"max_hp_loss":0.0,"gold_gain":175.0,"event_name":"Liars Game","player_choice":"AGREE","floor":2.0,"gold_loss":0.0,"damage_taken":0.0,"cards_obtained":["Doubt"]},{"cards_removed":["Doubt"],"damage_healed":0.0,"max_hp_gain":0.0,"max_hp_loss":0.0,"gold_gain":0.0,"event_name":"Golden Wing","player_choice":"Card Removal","floor":3.0,"gold_loss":0.0,"damage_taken":7.0},{"damage_healed":0.0,"max_hp_gain":0.0,"max_hp_loss":5.0,"gold_gain":0.0,"event_name":"Golden Idol","player_choice":"Lose Max HP","floor":5.0,"gold_loss":0.0,"damage_taken":0.0,"relics_obtained":["Golden Idol"]},{"damage_healed":0.0,"max_hp_gain":0.0,"max_hp_loss":0.0,"gold_gain":0.0,"event_name":"Ghosts","player_choice":"Ignored","floor":19.0,"gold_loss":0.0,"damage_taken":0.0},{"damage_healed":0.0,"max_hp_gain":0.0,"max_hp_loss":0.0,"gold_gain":0.0,"event_name":"Masked Bandits","player_choice":"Fought Bandits","floor":25.0,"gold_loss":0.0,"damage_taken":0.0}],"is_beta":false,"boss_relics":[{"not_picked":["Runic Dome","Coffee Dripper"],"picked":"Sozu"}],"items_purged_floors":[],"is_endless":false,"potions_floor_spawned":[1,10,14,24,30,31],"killed_by":"Collector","ascension_level":5}}