{"host":"ibckqdmmf9y74ymf","time":1613138726,"event":{"mods":["2.2 Compatiblity","BaseMod","Colored Map","Curses Come First","Highlight Path","Minty Spire (QoL Compilation)","Quick Restart","Rare Cards Sparkle","Relic Stats","StSLib"],"gold_per_floor":[112,112,126,143,159,159,159],"floor_reached":6,"language":"ENG","playtime":166,"items_purged":[],"score":38,"play_id":"256fe9c0-a0c4-43cd-b039-e038d8a2ea46","local_time":"20210212150526","is_ascension_mode":false,"campfire_choices":[],"circlet_count":0,"master_deck":["Strike_R","Strike_R","Strike_R","Strike_R","Defend_R","Defend_R","Defend_R","Defend_R","Bash","Iron Wave","Twin Strike","Flame Barrier","Blood for Blood"],"relics":["Snecko Eye"],"acts_visited":["Exordium"],"potions_floor_usage":[],"damage_taken":[{"damage":0,"enemies":"Small Slimes","floor":1,"turns":2},{"damage":1,"enemies":"Cultist","floor":3,"turns":3},{"damage":0,"enemies":"Jaw Worm","floor":4,"turns":3},{"damage":0,"enemies":"3 Louse","floor":5,"turns":5},{"damage":0,"enemies":"Gremlin Nob","floor":6,"turns":1}],"seed_played":"-4687337131891178835","potions_obtained":[{"floor":1,"key":"BlessingOfTheForge"},{"floor":3,"key":"Energy Potion"}],"is_trial":true,"path_per_floor":["M","?","M","M","M","E"],"character_chosen":"IRONCLAD","items_purchased":[],"campfire_rested":0,"item_purchase_floors":[],"current_hp_per_floor":[80,80,79,79,79,79,79],"gold":159,"neow_bonus":"","is_daily":false,"chose_seed":false,"campfire_upgraded":0,"win_rate":0.0,"timestamp":1613138726,"path_taken":["M","?","?","M","M","E"],"items_purchased_type":[],"build_version":"2020-12-22","purchased_purges":0,"victory":false,"max_hp_per_floor":[80,80,80,80,80,80,80],"relic_stats":{"counters":[5,14],"Snecko Eye":[26,23,21,28],"obtain_stats":[{"Snecko Eye":0},{"Snecko Eye":0},{"Snecko Eye":0}]},"card_choices":[{"not_picked":["Sentinel","Clash"],"picked":"Iron Wave","floor":1},{"not_picked":["Headbutt","Rage"],"picked":"Twin Strike","floor":3},{"not_picked":["Wild Strike","Iron Wave"],"picked":"Flame Barrier","floor":4},{"not_picked":["Shrug It Off","Pommel Strike"],"picked":"Blood for Blood","floor":5}],"player_experience":712002,"relics_obtained":[],"event_choices":[{"cards_removed":["Strike_R"],"damage_healed":0,"gold_gain":0,"player_choice":"Purged","damage_taken":0,"max_hp_gain":0,"max_hp_loss":0,"event_name":"Purifier","floor":2,"gold_loss":0}],"is_beta":false,"boss_relics":[],"items_purged_floors":[],"is_endless":false,"potions_floor_spawned":[1,3],"killed_by":"Gremlin Nob","ascension_level":0}}