{"host":"5rycm1ajjg5acc5q","time":1613133712,"event":{"mods":["BaseMod","Better Third Choice","Downfall","Highlight Path","Minty Spire (QoL Compilation)","Replay The Spire","StSLib"],"gold_per_floor":[99,111,111,21,36,61,61,74,74,180,180,125,25,100,114,214,214,214,230,330,330,350,369,394,406,406,406,439,453,253,279,294,294,294,294],"floor_reached":33,"language":"ENG","playtime":2738,"items_purged":["downfall:Malfunctioning"],"score":299,"play_id":"44655a22-cd27-43c0-be62-4e7fea52dfdc","local_time":"20210212064152","is_ascension_mode":true,"campfire_choices":[{"data":"Slimebound:Split","floor":1,"key":"SMITH"},{"data":"Slimebound:SlimeTap","floor":9,"key":"SMITH"},{"floor":11,"key":"RECALL"},{"data":"Slimebound:ComboTackle","floor":13,"key":"SMITH"},{"data":"Slimebound:DuplicatedForm","floor":18,"key":"SMITH"},{"data":"Slimebound:GoopTackle","floor":26,"key":"SMITH"},{"data":"Slimebound:BestDefense","floor":30,"key":"SMITH"}],"circlet_count":0,"master_deck":["Slimebound:Strike_Slimebound","Slimebound:Tackle+1","Slimebound:Defend_Slimebound","Slimebound:Defend_Slimebound","Slimebound:Defend_Slimebound+1","Slimebound:Defend_Slimebound+1","Slimebound:Split+1","Slimebound:CorrosiveSpit","Slimebound:SplitAcid","Slimebound:GoopSpray","Slimebound:SlimeTap+1","Slimebound:Prepare","Slimebound:LevelUp","Slimebound:ComboTackle+1","Slimebound:SplitSpecialist","Slimebound:Dissolve","Slimebound:RollThrough","Slimebound:ComboTackle+1","Slimebound:Equalize","Slimebound:DuplicatedForm+1","Slimebound:Equalize","Slimebound:FinishingTackle+1","Slimebound:GoopTackle+1","Slimebound:BestDefense+1","Slimebound:HauntingLick+1","Slimebound:RejuvenatingLick+1","Slimebound:GoopSpray"],"relics":["Slimebound:AbsorbEndCombat","Bird Faced Urn","Iron Hammer","downfall:HeartBlessingRed","Philosopher\u0027s Stone","Blue Candle","Mummified Hand","downfall:HeartBlessingGreen","downfall:HeartBlessingBlue","Centennial Puzzle"],"acts_visited":["Exordium","TheCity"],"potions_floor_usage":[23,28,28,28,28,28,31],"damage_taken":[{"damage":2,"enemies":"2 Louse","floor":2,"turns":3},{"damage":8,"enemies":"downfall:FleeingMerchant","floor":4,"turns":4},{"damage":2,"enemies":"Small Slimes","floor":5,"turns":4},{"damage":6,"enemies":"3 Sentries","floor":6,"turns":7},{"damage":0,"enemies":"Jaw Worm","floor":8,"turns":2},{"damage":21,"enemies":"downfall:FleeingMerchant","floor":12,"turns":4},{"damage":0,"enemies":"2 Fungi Beasts","floor":15,"turns":2},{"damage":24,"enemies":"IC_STATUS_ARCHETYPE","floor":16,"turns":5},{"damage":15,"enemies":"3 Byrds","floor":19,"turns":3},{"damage":20,"enemies":"Snecko","floor":22,"turns":3},{"damage":45,"enemies":"Chosen and Byrds","floor":23,"turns":5},{"damage":2,"enemies":"3 Cultists","floor":25,"turns":3},{"damage":45,"enemies":"Book of Stabbing","floor":28,"turns":3},{"damage":36,"enemies":"Centurion and Healer","floor":29,"turns":3},{"damage":64,"enemies":"Slavers","floor":31,"turns":4},{"damage":34,"enemies":"Snecko","floor":32,"turns":3},{"damage":58,"enemies":"SI_MIRROR_ARCHETYPE","floor":33,"turns":4}],"seed_played":"5896046533479260115","potions_obtained":[{"floor":8,"key":"SpeedPotion"},{"floor":16,"key":"Block Potion"},{"floor":19,"key":"SteroidPotion"},{"floor":25,"key":"EntropicBrew"}],"is_trial":false,"path_per_floor":["R","M","?","$","M","E","T","M","R","?","R","$","R","?","M","B",null,"R","M","?","?","M","M","T","M","R","?","E","M","R","E","M","B"],"character_chosen":"SLIMEBOUND","items_purchased":["Slimebound:ComboTackle+1"],"campfire_rested":0,"item_purchase_floors":[12],"current_hp_per_floor":[47,49,49,49,51,53,53,59,59,43,43,32,32,32,34,24,65,65,65,65,60,65,50,50,65,65,65,55,44,54,29,36,0,0,0],"gold":294,"neow_bonus":"REMOVE_TWO","is_daily":false,"chose_seed":false,"campfire_upgraded":6,"win_rate":0.0,"timestamp":1613133712,"path_taken":["R","M","?","$","M","E","T","M","R","?","R","$","R","?","M","BOSS","R","M","?","?","M","M","T","M","R","?","E","M","R","E","M","BOSS"],"items_purchased_type":["Card"],"build_version":"2020-12-22","purchased_purges":1,"victory":false,"max_hp_per_floor":[65,65,65,65,65,65,65,65,65,65,65,65,65,65,65,65,65,65,65,65,65,65,65,65,65,65,65,65,65,75,75,75,75,75,75],"card_choices":[{"not_picked":["Slimebound:SamplingLick","Slimebound:Schlurp"],"picked":"Slimebound:SplitAcid","floor":2},{"not_picked":["Slimebound:TongueLash","Slimebound:ItLooksTasty"],"picked":"Slimebound:GoopSpray","floor":4},{"not_picked":["Slimebound:ProtectTheBoss","Slimebound:SplitBruiser"],"picked":"Slimebound:SlimeTap","floor":5},{"not_picked":["Slimebound:ProtectTheBoss","Slimebound:RainOfGoop"],"picked":"Slimebound:Prepare","floor":6},{"not_picked":["Slimebound:LeechingTouch","Slimebound:PressTheAttack"],"picked":"Slimebound:LevelUp","floor":8},{"not_picked":["Slimebound:ViciousTackle","Slimebound:AcidTongue"],"picked":"Slimebound:ComboTackle","floor":10},{"not_picked":["Slimebound:ForwardTackle","Slimebound:TongueLash"],"picked":"Slimebound:SplitSpecialist","floor":10},{"not_picked":["Slimebound:ItLooksTasty","Slimebound:PressTheAttack"],"picked":"Slimebound:Dissolve","floor":10},{"not_picked":["Slimebound:Schlurp","Slimebound:Overexert"],"picked":"Slimebound:RollThrough","floor":12},{"not_picked":["Slimebound:GoopTackle","Slimebound:LeechEnergy"],"picked":"Slimebound:Equalize","floor":15},{"not_picked":["Slimebound:FirmFortitude","Slimebound:PrepareCrush"],"picked":"Slimebound:DuplicatedForm","floor":16},{"not_picked":["Slimebound:FormOfPuddle","Slimebound:SplitMire"],"picked":"Slimebound:Equalize","floor":19},{"not_picked":["Slimebound:RollThrough","Slimebound:ItLooksTasty"],"picked":"Slimebound:Grow","floor":22},{"not_picked":["Slimebound:Repurpose+1","Slimebound:SplitLeeching"],"picked":"Slimebound:FinishingTackle+1","floor":23},{"not_picked":["Slimebound:SplitMire","Slimebound:SlimeBrawl"],"picked":"Slimebound:GoopTackle","floor":25},{"not_picked":["Slimebound:Dissolve","Slimebound:FlameTackle"],"picked":"Slimebound:BestDefense","floor":28},{"not_picked":["Slimebound:RainOfGoop","Slimebound:SplitMire"],"picked":"Slimebound:HauntingLick+1","floor":29},{"not_picked":["Slimebound:Dissolve","Slimebound:FlameTackle"],"picked":"Slimebound:RejuvenatingLick+1","floor":31},{"not_picked":["Slimebound:SamplingLick","Slimebound:ServeAndProtect"],"picked":"Slimebound:GoopSpray","floor":32}],"player_experience":552147,"relics_obtained":[{"floor":6,"key":"Bird Faced Urn"},{"floor":7,"key":"Iron Hammer"},{"floor":28,"key":"Mummified Hand"},{"floor":31,"key":"Centennial Puzzle"}],"event_choices":[{"cards_removed":["Slimebound:Grow"],"damage_healed":0,"gold_gain":0,"player_choice":"Offered Uncommon","damage_taken":0,"max_hp_gain":0,"max_hp_loss":0,"event_name":"Bonfire Elementals","floor":27,"gold_loss":0}],"is_beta":false,"boss_relics":[{"not_picked":["bronze:MakeshiftBattery","Cursed Key"],"picked":"Philosopher\u0027s Stone"}],"items_purged_floors":[4],"is_endless":false,"potions_floor_spawned":[8,16,19,25],"killed_by":"SI_MIRROR_ARCHETYPE","ascension_level":1}}