{"host":"5rycm1ajjg5acc5q","time":1613130915,"event":{"mods":["BaseMod","Better Third Choice","Downfall","Highlight Path","Minty Spire (QoL Compilation)","Replay The Spire","StSLib"],"gold_per_floor":[366,380,394,49,63,63,107,107,133,176,205,223,223,250,250,362,371,390,419,26,47,56,97,97,157,157,157,157,498,524,524,524,629,729,754,664,412,412,432,432,466,466,492,524,524,172,213,232,232,232,232,232,217,244,244],"floor_reached":56,"language":"ENG","playtime":5576,"items_purged":[],"score":1403,"play_id":"34670313-936f-44c1-8bbe-7fbe201f318a","local_time":"20210212055515","is_ascension_mode":true,"campfire_choices":[{"data":"Uppercut","floor":6.0,"key":"SMITH"},{"data":"Hemokinesis","floor":8.0,"key":"SMITH"},{"floor":13.0,"key":"REST"},{"data":"Berserk","floor":15.0,"key":"SMITH"},{"data":"Reaper","floor":24.0,"key":"SMITH"},{"data":"ReplayTheSpireMod:Brewmster","floor":27.0,"key":"SMITH"},{"data":"Armaments","floor":32.0,"key":"SMITH"},{"data":"Magnetism","floor":40.0,"key":"SMITH"},{"floor":42.0,"key":"RECALL"},{"data":"Apotheosis","floor":49.0,"key":"SMITH"},{"data":"Limit Break","floor":52,"key":"SMITH"}],"circlet_count":0,"master_deck":["Strike_R+1","Strike_R+1","Strike_R+1","Strike_R+1","Defend_R+1","Defend_R+1","Defend_R+1","Bash","Cleave","Headbutt","Brutality+1","ReplayTheSpireMod:Corrosion Curse+1","Uppercut+1","Hemokinesis+1","Berserk+1","Thunderclap","Ghostly Armor","Reaper+1","CurseOfTheBell","Pummel","Exhume+1","ReplayTheSpireMod:Brewmster+1","ReplayTheSpireMod:Uncanny Aura","Whirlwind","J.A.X.","Hemogenesis","Armaments+1","Flame Barrier","Battle Trance+1","Replay:Many Hands","Havoc+1","Finesse","Magnetism+1","Dropkick+1","ReplayTheSpireMod:Muscle Training+1","Life Link","Life Link","Apotheosis+1","Limit Break+1","Armaments+1","Evolve"],"relics":["Burning Blood","Guide Book","CeramicFish","Bag of Marbles","Whetstone","Calling Bell","Bag of Preparation","Replay:WaspNest","FossilizedHelix","ReplayTheSpireMod:TigerMarble","Divine Protection","Art of War","Blue Doll","Old Coin","Nilry\u0027s Codex","Replay:Wanted Poster","Toy Ornithopter","ReplayTheSpireMod:ShopPack","Kunai","Pantograph","Lizard Tail","Oddly Smooth Stone","MealTicket","Quantum Egg"],"acts_visited":["Exordium","TheCity","TheBeyond","TheEnding"],"potions_floor_usage":[50,50,50,54,54,54,54,54,55,55,55,55],"damage_taken":[{"damage":1.0,"enemies":"Cultist","floor":1.0,"turns":4.0},{"damage":2.0,"enemies":"Jaw Worm","floor":2.0,"turns":3.0},{"damage":0.0,"enemies":"2 Louse","floor":3.0,"turns":3.0},{"damage":18.0,"enemies":"Exordium Thugs","floor":5.0,"turns":5.0},{"damage":27.0,"enemies":"Gremlin Nob","floor":7.0,"turns":4.0},{"damage":18.0,"enemies":"Lagavulin","floor":10.0,"turns":5.0},{"damage":13.0,"enemies":"Large Slime","floor":11.0,"turns":4.0},{"damage":14.0,"enemies":"Blue Slaver","floor":12.0,"turns":2.0},{"damage":7.0,"enemies":"Red Slaver","floor":14.0,"turns":2.0},{"damage":44.0,"enemies":"Fading Forest","floor":16.0,"turns":11.0},{"damage":24.0,"enemies":"Spheric Guardian","floor":18.0,"turns":4.0},{"damage":14.0,"enemies":"Chosen","floor":19.0,"turns":3.0},{"damage":40.0,"enemies":"3 Cultists","floor":21.0,"turns":5.0},{"damage":17.0,"enemies":"Slavers","floor":23.0,"turns":2.0},{"damage":13.0,"enemies":"Book of Stabbing","floor":25.0,"turns":4.0},{"damage":52.0,"enemies":"Gremlin Leader","floor":29.0,"turns":6.0},{"damage":36.0,"enemies":"Cultist and Chosen","floor":30.0,"turns":5.0},{"damage":7.0,"enemies":"Pondfish","floor":33.0,"turns":8.0},{"damage":30.0,"enemies":"3 Darklings","floor":35.0,"turns":4.0},{"damage":0.0,"enemies":"Orb Walker","floor":39.0,"turns":2.0},{"damage":11.0,"enemies":"Nemesis","floor":41.0,"turns":5.0},{"damage":26.0,"enemies":"Giant Head","floor":44.0,"turns":6.0},{"damage":26.0,"enemies":"R_Hoarder","floor":47.0,"turns":6.0},{"damage":1.0,"enemies":"3 Darklings","floor":48.0,"turns":4.0},{"damage":114,"enemies":"Awakened One","floor":50,"turns":7},{"damage":76,"enemies":"Shield and Spear","floor":54,"turns":8},{"damage":67,"enemies":"The Heart","floor":55,"turns":8}],"seed_played":"3766489865490244338","potions_obtained":[{"floor":3.0,"key":"Explosive Potion"},{"floor":7.0,"key":"champ:CounterPotion"},{"floor":11.0,"key":"Reflective Coating"},{"floor":12.0,"key":"Languid Potion"},{"floor":16.0,"key":"FairyPotion"},{"floor":18.0,"key":"sneckomod:MuddlingPotion"},{"floor":29.0,"key":"sneckomod:MuddlingPotion"},{"floor":39.0,"key":"LiquidBronze"},{"floor":41.0,"key":"Block Potion"},{"floor":44.0,"key":"Venom Potion"}],"is_trial":false,"path_per_floor":["M","M","M","$","M","R","E","R","T","E","M","M","R","M","R","B",null,"M","M","$","M","?","E","R","E","T","R","?","E","M","?","R","B",null,"M","?","$","T","M","R","E","R","T","E","?","$","E","M","R","B",null,"R","$","E","B",null],"character_chosen":"IRONCLAD","items_purchased":["Brutality","ReplayTheSpireMod:Corrosion Curse","Guide Book","ReplayTheSpireMod:Brewmster","ReplayTheSpireMod:Uncanny Aura","ReplayTheSpireMod:TigerMarble","Toy Ornithopter","ReplayTheSpireMod:ShopPack","Oddly Smooth Stone","Life Link","Apotheosis","Evolve"],"campfire_rested":1,"item_purchase_floors":[4,4,4,20,20,20,37,37,46,46,46,53],"current_hp_per_floor":[61,65,71,71,59,59,38,38,38,26,19,11,35,34,34,22,80,63,55,55,36,36,25,25,32,32,32,32,54,49,33,33,47,83,59,59,59,59,70,70,83,83,83,71,71,71,73,83,83,25,83,83,83,67,32],"gold":244,"neow_bonus":"TWO_FIFTY_GOLD","is_daily":false,"chose_seed":false,"campfire_upgraded":9,"win_rate":0.0,"timestamp":1613130915,"path_taken":["M","M","M","$","?","R","E","R","T","E","M","M","R","M","R","BOSS","M","?","$","M","?","E","R","E","T","R","?","E","M","?","R","BOSS","M","?","$","?","M","R","E","R","T","E","?","$","E","M","R","BOSS","R","$","E","BOSS"],"items_purchased_type":["Card","Card","Relic","Card","Card","Relic","Relic","Relic","Relic","Card","Card","Card"],"build_version":"2020-12-22","purchased_purges":0,"victory":true,"max_hp_per_floor":[80,80,80,80,80,80,80,80,80,80,80,80,80,80,80,80,80,80,80,80,83,83,83,83,83,83,83,83,83,83,83,83,83,83,83,83,83,83,83,83,83,83,83,83,83,83,83,83,83,83,83,83,83,83,83],"card_choices":[{"not_picked":["Anger","True Grit","Body Slam"],"picked":"SKIP","floor":1.0},{"not_picked":["Armaments","Twin Strike"],"picked":"Cleave","floor":2.0},{"not_picked":["Shrug It Off","Heavy Blade"],"picked":"Headbutt","floor":3.0},{"not_picked":["Dual Wield","Headbutt"],"picked":"Uppercut","floor":5.0},{"not_picked":["Replay:Undeath\u0027s Touch","Massacre"],"picked":"Hemokinesis","floor":7.0},{"not_picked":["Sword Boomerang","Thunderclap"],"picked":"Berserk","floor":10.0},{"not_picked":["Hemokinesis","Run Through"],"picked":"Thunderclap","floor":11.0},{"not_picked":["ReplayTheSpireMod:Strike From Hell","Anger","Perfected Strike"],"picked":"SKIP","floor":12.0},{"not_picked":["Armaments","True Grit"],"picked":"Ghostly Armor","floor":14.0},{"not_picked":["Feed","Brutality"],"picked":"Reaper","floor":16.0},{"not_picked":["Sever Soul","Pommel Strike"],"picked":"Pummel","floor":18.0},{"not_picked":["Sword Boomerang+1","Shockwave+1"],"picked":"Exhume","floor":19.0},{"not_picked":["Havoc+1","Clash"],"picked":"Whirlwind","floor":21.0},{"not_picked":["Havoc","Cleave"],"picked":"Hemogenesis","floor":23.0},{"not_picked":["Iron Wave","Fire Breathing"],"picked":"Armaments","floor":25.0},{"not_picked":["Anger","ReplayTheSpireMod:Strike From Hell"],"picked":"Flame Barrier","floor":29.0},{"not_picked":["Anger","Armaments"],"picked":"Battle Trance+1","floor":30.0},{"not_picked":["Exhume","Limit Break"],"picked":"Replay:Many Hands","floor":33.0},{"not_picked":["Reckless Charge+1","Clash"],"picked":"Havoc+1","floor":35.0},{"not_picked":["Deep Breath","Midas Touch"],"picked":"Finesse","floor":37.0},{"not_picked":["Poisoned Strike","The Bomb"],"picked":"Magnetism","floor":37.0},{"not_picked":["Cleave","Iron Wave+1"],"picked":"Dropkick+1","floor":39.0},{"not_picked":["Bludgeon","Sentinel+1"],"picked":"ReplayTheSpireMod:Muscle Training+1","floor":41.0},{"not_picked":["Perfected Strike","Cleave+1","Shrug It Off+1"],"picked":"SKIP","floor":44.0},{"not_picked":["Anger+1","Pummel"],"picked":"Limit Break","floor":47.0},{"not_picked":["Wild Strike","Iron Wave"],"picked":"Armaments+1","floor":48.0},{"not_picked":["Clothesline","Carnage","ReplayTheSpireMod:LeadingStrike"],"picked":"SKIP","floor":54}],"player_experience":546571,"relics_obtained":[{"floor":7.0,"key":"CeramicFish"},{"floor":9.0,"key":"Bag of Marbles"},{"floor":10.0,"key":"Whetstone"},{"floor":17.0,"key":"Bag of Preparation"},{"floor":17.0,"key":"Replay:WaspNest"},{"floor":17.0,"key":"FossilizedHelix"},{"floor":23.0,"key":"Divine Protection"},{"floor":25.0,"key":"Art of War"},{"floor":26.0,"key":"Blue Doll"},{"floor":29.0,"key":"Old Coin"},{"floor":31.0,"key":"Nilry\u0027s Codex"},{"floor":38.0,"key":"Kunai"},{"floor":41.0,"key":"Pantograph"},{"floor":44.0,"key":"Lizard Tail"},{"floor":47.0,"key":"MealTicket"},{"floor":54,"key":"Quantum Egg"}],"event_choices":[{"damage_healed":0.0,"max_hp_gain":0.0,"max_hp_loss":0.0,"gold_gain":0.0,"event_name":"Drug Dealer","player_choice":"Obtain J.A.X.","floor":22.0,"gold_loss":0.0,"damage_taken":0.0,"cards_obtained":["J.A.X."]},{"damage_healed":0.0,"max_hp_gain":0.0,"max_hp_loss":7.0,"gold_gain":0.0,"event_name":"betterThird:BetterWriting","player_choice":"Simplicity","floor":28.0,"gold_loss":0.0,"damage_taken":0.0},{"damage_healed":0.0,"max_hp_gain":0.0,"max_hp_loss":0.0,"gold_gain":0.0,"event_name":"Cursed Tome","player_choice":"Obtained Book","floor":31.0,"gold_loss":0.0,"damage_taken":16.0},{"cards_removed":["Strike_R"],"damage_healed":0.0,"max_hp_gain":0.0,"max_hp_loss":0.0,"gold_gain":0.0,"event_name":"Designer","player_choice":"Upgrade and Remove","floor":36.0,"gold_loss":90.0,"damage_taken":0.0,"cards_upgraded":["Exhume"]},{"cards_removed":["Defend_R"],"damage_healed":0.0,"max_hp_gain":0.0,"max_hp_loss":0.0,"gold_gain":0.0,"event_name":"Falling","player_choice":"Removed Skill","floor":45.0,"gold_loss":0.0,"damage_taken":0.0}],"is_beta":false,"boss_relics":[{"not_picked":["ReplayTheSpireMod:DimensionalGlitch","Replay:Grab Bag"],"picked":"Calling Bell"},{"not_picked":["Philosopher\u0027s Stone","Replay:Drink Me"],"picked":"Replay:Wanted Poster"}],"items_purged_floors":[],"is_endless":false,"potions_floor_spawned":[3,7,11,12,16,18,21,29,39,41,44],"ascension_level":2}}