{"host":"6azrrw3tf7wb0f4b","time":1613144559,"event":{"mods":["BaseMod","DeckTracker","Minty Spire (QoL Compilation)","SuperFastMode"],"gold_per_floor":[136,136,61,101,176,176,176,236,236,236,274,314,382,448,448,647,647,668,712,322,366,405,405,405],"floor_reached":23,"language":"KOR","playtime":461,"items_purged":["Strike_B","Strike_B"],"score":195,"play_id":"99567fbe-b1dc-4936-ad4c-36b56ed44043","local_time":"20210213004239","is_ascension_mode":false,"campfire_choices":[{"data":"HandOfGreed","floor":6.0,"key":"SMITH"},{"data":"Defragment","floor":10.0,"key":"SMITH"},{"data":"Defragment","floor":15,"key":"SMITH"}],"circlet_count":0,"master_deck":["Strike_B","Defend_B","Defend_B","Defend_B","Defend_B","Zap","Dualcast","HandOfGreed+1","Sweeping Beam","BootSequence","Auto Shields","Defragment+1","Coolheaded","Defragment+1","Core Surge","Echo Form","Capacitor"],"relics":["Cracked Core","Golden Idol","Gremlin Horn","Bottled Flame","Inserter","Peace Pipe"],"acts_visited":["Exordium","TheCity"],"potions_floor_usage":[16,19,22,23],"damage_taken":[{"damage":0.0,"enemies":"Cultist","floor":1.0,"turns":3.0},{"damage":1.0,"enemies":"Jaw Worm","floor":4.0,"turns":3.0},{"damage":14.0,"enemies":"Gremlin Nob","floor":8.0,"turns":4.0},{"damage":0.0,"enemies":"Small Slimes","floor":11.0,"turns":3.0},{"damage":0,"enemies":"Gremlin Gang","floor":12,"turns":3},{"damage":3,"enemies":"3 Louse","floor":13,"turns":4},{"damage":0,"enemies":"Lots of Slimes","floor":14,"turns":3},{"damage":10,"enemies":"Slime Boss","floor":16,"turns":11},{"damage":0,"enemies":"Chosen","floor":18,"turns":5},{"damage":4,"enemies":"3 Byrds","floor":19,"turns":5},{"damage":15,"enemies":"Snake Plant","floor":21,"turns":4},{"damage":38,"enemies":"3 Cultists","floor":22,"turns":6},{"damage":17,"enemies":"Slavers","floor":23,"turns":1}],"seed_played":"-3665223277086100678","potions_obtained":[{"floor":1.0,"key":"EssenceOfDarkness"},{"floor":4.0,"key":"Dexterity Potion"},{"floor":12,"key":"Fire Potion"},{"floor":16,"key":"DuplicationPotion"},{"floor":21,"key":"Dexterity Potion"}],"is_trial":false,"path_per_floor":["M","?","$","M","?","R","?","E","T","R","M","M","M","M","R","B",null,"M","M","$","M","M","E"],"character_chosen":"DEFECT","items_purchased":["Peace Pipe"],"campfire_rested":0,"item_purchase_floors":[20],"current_hp_per_floor":[54,54,54,53,42,42,42,28,28,28,28,28,25,25,25,15,69,69,65,65,50,12,0,0],"gold":405,"neow_bonus":"RANDOM_COLORLESS_2","is_daily":false,"chose_seed":false,"campfire_upgraded":3,"win_rate":0.0,"timestamp":1613144559,"path_taken":["M","?","$","M","?","R","?","E","T","R","M","M","M","M","R","BOSS","M","M","$","?","?","E"],"items_purchased_type":["Relic"],"build_version":"2020-12-22","purchased_purges":2,"victory":false,"max_hp_per_floor":[75,69,69,69,69,69,69,69,69,69,69,69,69,69,69,69,69,69,69,69,69,69,69,69],"card_choices":[{"not_picked":["Sadistic Nature","Transmutation"],"picked":"HandOfGreed","floor":0.0},{"not_picked":["Compile Driver","Gash"],"picked":"Sweeping Beam","floor":1.0},{"not_picked":["Ball Lightning","Redo"],"picked":"BootSequence","floor":4.0},{"not_picked":["Rebound","Ball Lightning"],"picked":"Defragment","floor":8.0},{"not_picked":["Barrage","Redo"],"picked":"Coolheaded","floor":11},{"not_picked":["Stack","Fusion"],"picked":"Defragment","floor":12},{"not_picked":["Reprogram","Coolheaded"],"picked":"Core Surge","floor":13},{"not_picked":["Leap","Barrage","Force Field"],"picked":"SKIP","floor":14},{"not_picked":["All For One","Creative AI"],"picked":"Echo Form","floor":16},{"not_picked":["Gash","Heatsinks","Rip and Tear+1"],"picked":"SKIP","floor":18},{"not_picked":["Cold Snap","Chill"],"picked":"Capacitor","floor":19},{"not_picked":["Sunder+1","Redo","Streamline"],"picked":"SKIP","floor":21},{"not_picked":["Capacitor","Darkness","Streamline"],"picked":"SKIP","floor":22}],"player_experience":772802,"relics_obtained":[{"floor":8.0,"key":"Gremlin Horn"},{"floor":9.0,"key":"Bottled Flame"}],"event_choices":[{"damage_healed":0.0,"max_hp_gain":0.0,"max_hp_loss":6.0,"gold_gain":0.0,"event_name":"Golden Idol","player_choice":"Lose Max HP","floor":2.0,"gold_loss":0.0,"damage_taken":0.0,"relics_obtained":["Golden Idol"]},{"damage_healed":0.0,"max_hp_gain":0.0,"max_hp_loss":0.0,"gold_gain":75.0,"event_name":"World of Goop","player_choice":"Gather Gold","floor":5.0,"gold_loss":0.0,"damage_taken":11.0},{"damage_healed":0.0,"max_hp_gain":0.0,"max_hp_loss":0.0,"gold_gain":0.0,"cards_transformed":["Strike_B"],"event_name":"Transmorgrifier","player_choice":"Transformed","floor":7.0,"gold_loss":0.0,"damage_taken":0.0,"cards_obtained":["Auto Shields"]}],"is_beta":false,"boss_relics":[{"not_picked":["Snecko Eye","SlaversCollar"],"picked":"Inserter"}],"items_purged_floors":[3,20],"is_endless":false,"potions_floor_spawned":[1,4,12,16,21],"killed_by":"Slavers","ascension_level":0}}