{"host":"alk2ftu785mujiir","time":1613147747,"event":{"mods":["BaseMod","Bossed Relics","Colored Map","Downfall","Minty Spire (QoL Compilation)","StSLib"],"gold_per_floor":[99,110,121,221,233,233,259,259,291,291,741,741,767,767,784,879,879,879,893,908,344,344,361,387,387,397,347,5,39,39,39,50,149,149,149,169,169,179,195,195,195,225,225,245,279,72,72,97,116,116],"floor_reached":51,"language":"ENG","playtime":2588,"items_purged":["downfall:Icky","Injury","hexamod:Strike"],"score":953,"play_id":"bcdba966-2d70-4b31-95c3-f9a1ca17b1c4","local_time":"20210212113547","is_ascension_mode":true,"campfire_choices":[{"data":"hexamod:Float","floor":1.0,"key":"SMITH"},{"data":"hexamod:ForkedFlame","floor":8.0,"key":"SMITH"},{"data":"hexamod:TurnItUp","floor":10.0,"key":"SMITH"},{"data":"hexamod:SuperheatedStrike","floor":12,"key":"SMITH"},{"data":"hexamod:Sear","floor":18,"key":"SMITH"},{"floor":25,"key":"REST"},{"data":"Madness","floor":35,"key":"SMITH"},{"floor":40,"key":"REST"},{"data":"hexamod:HexaLevel","floor":47,"key":"SMITH"}],"circlet_count":0,"master_deck":["hexamod:Strike","hexamod:Strike","hexamod:Defend+1","hexamod:Defend+1","hexamod:Defend+1","hexamod:Defend","hexamod:Sear+1","hexamod:Float+1","hexamod:PowerFromBeyond+1","hexamod:ForkedFlame+1","hexamod:SuperheatedStrike+1","hexamod:TurnItUp+1","hexamod:SpectersWail+1","hexamod:SuperheatedStrike+1","hexamod:ThermalTransfer+1","hexamod:HauntingEcho+1","hexamod:GhostOfSpireFuture+1","hexamod:NightmareGuise","hexamod:SoulSteal","Madness+1","hexamod:ForkedFlame+1","hexamod:Hexaguard","Shame","hexamod:HexaLevel+1","hexamod:PhantomCloak","Finesse","Transmutation","hexamod:RainOfEmbers+1"],"relics":["hexamod:SpiritBrand","Mango","Omamori","War Paint","Happy Flower","Odd Mushroom","Molten Egg 2","Cursed Key","Turnip","Vajra","Membership Card","Pantograph","hexamod:TheBrokenSeal","Mercury Hourglass","hexamod:IceCube","StoneCalendar","Pear","Eternal Feather","Strange Spoon","Bag of Marbles","Letter Opener","Juzu Bracelet"],"acts_visited":["Exordium","TheCity","TheBeyond"],"potions_floor_usage":[16,19,20,26,29,33,42,42,45,45,48,49,50,50],"damage_taken":[{"damage":2.0,"enemies":"Jaw Worm","floor":2.0,"turns":3.0},{"damage":0.0,"enemies":"Cultist","floor":3.0,"turns":3.0},{"damage":1.0,"enemies":"2 Louse","floor":5.0,"turns":2.0},{"damage":4.0,"enemies":"3 Sentries","floor":9.0,"turns":4.0},{"damage":13,"enemies":"The Mushroom Lair","floor":13,"turns":3},{"damage":2,"enemies":"2 Fungi Beasts","floor":15,"turns":3},{"damage":20,"enemies":"IC_STATUS_ARCHETYPE","floor":16,"turns":6},{"damage":0,"enemies":"Spheric Guardian","floor":19,"turns":3},{"damage":62,"enemies":"Sentry and Sphere","floor":20,"turns":6},{"damage":0,"enemies":"downfall:FleeingMerchant","floor":21,"turns":4},{"damage":4,"enemies":"Centurion and Healer","floor":23,"turns":7},{"damage":23,"enemies":"Snake Plant","floor":26,"turns":3},{"damage":0,"enemies":"downfall:FleeingMerchant","floor":28,"turns":4},{"damage":41,"enemies":"Gremlin Leader","floor":29,"turns":7},{"damage":18,"enemies":"3 Cultists","floor":32,"turns":3},{"damage":7,"enemies":"DF_ARCHETYPE_CLAW","floor":33,"turns":6},{"damage":40,"enemies":"3 Darklings","floor":36,"turns":4},{"damage":6,"enemies":"3 Shapes","floor":38,"turns":4},{"damage":0,"enemies":"Sphere and 2 Shapes","floor":39,"turns":4},{"damage":26,"enemies":"Reptomancer","floor":42,"turns":4},{"damage":23,"enemies":"4 Shapes","floor":44,"turns":4},{"damage":0,"enemies":"Giant Head","floor":45,"turns":6},{"damage":0,"enemies":"downfall:FleeingMerchant","floor":46,"turns":4},{"damage":0,"enemies":"Nemesis","floor":48,"turns":5},{"damage":8,"enemies":"Writhing Mass","floor":49,"turns":4},{"damage":22,"enemies":"WA_ARCHETYPE_DIVINITY","floor":50,"turns":8}],"seed_played":"-4084178380896182253","potions_obtained":[{"floor":3.0,"key":"FearPotion"},{"floor":5.0,"key":"Explosive Potion"},{"floor":15,"key":"Strength Potion"},{"floor":16,"key":"BlessingOfTheForge"},{"floor":23,"key":"champ:CounterPotion"},{"floor":26,"key":"FearPotion"},{"floor":29,"key":"DuplicationPotion"},{"floor":32,"key":"PowerPotion"},{"floor":33,"key":"Regen Potion"},{"floor":42,"key":"Fruit Juice"},{"floor":44,"key":"Weak Potion"},{"floor":45,"key":"ColorlessPotion"},{"floor":48,"key":"hexamod:EctoCoolerPotion"}],"is_trial":false,"path_per_floor":["R","M","M","?","M","?","T","R","E","R","?","R","?","T","M","B",null,"R","M","M","$","?","M","T","R","M","?","$","E","?","?","M","B",null,"R","M","?","M","M","R","T","E","?","M","E","$","R","E","M","B",null],"character_chosen":"THE_SPIRIT","items_purchased":["hexamod:FourthSeal","hexamod:NightmareGuise","Turnip","Weak Potion","Membership Card","Pantograph","Strange Spoon","hexamod:PhantomCloak","Bag of Marbles","Letter Opener","Finesse","Energy Potion","Transmutation"],"campfire_rested":2,"item_purchase_floors":[21,21,21,21,28,28,46,46,46,46,46,46,46],"current_hp_per_floor":[77,75,75,75,74,56,56,56,52,52,52,52,39,39,37,17,77,77,77,15,22,22,25,25,48,32,61,68,62,62,62,44,62,87,87,47,47,41,41,67,67,56,56,33,48,48,63,63,55,58],"gold":116,"neow_bonus":"ONE_RARE_RELIC","is_daily":false,"chose_seed":false,"campfire_upgraded":7,"win_rate":0.0,"timestamp":1613147747,"path_taken":["R","M","M","?","?","?","T","R","E","R","?","R","?","?","M","BOSS","R","M","M","$","?","?","T","R","M","?","$","E","?","?","M","BOSS","R","M","?","M","M","R","T","E","?","M","E","?","R","E","M","BOSS"],"items_purchased_type":["Card","Card","Relic","Potion","Relic","Relic","Relic","Card","Relic","Relic","Card","Potion","Card"],"build_version":"2020-12-22","purchased_purges":3,"victory":true,"max_hp_per_floor":[77,77,77,77,77,77,77,77,77,77,77,77,77,77,77,77,77,77,77,77,77,77,77,77,77,77,77,77,87,87,87,87,87,87,87,87,87,87,87,87,87,102,102,102,102,102,102,102,102,102],"card_choices":[{"not_picked":["hexamod:NightmareStrike","hexamod:SpectralAdrenaline"],"picked":"hexamod:PowerFromBeyond","floor":2.0},{"not_picked":["hexamod:SpectersWail","hexamod:HeatMetal"],"picked":"hexamod:ForkedFlame","floor":3.0},{"not_picked":["hexamod:Firestarter","hexamod:HauntingEcho"],"picked":"hexamod:SuperheatedStrike","floor":5.0},{"not_picked":["hexamod:HeatMetal","hexamod:BurningTouch"],"picked":"hexamod:TurnItUp","floor":9.0},{"not_picked":["hexamod:RecurringNightmare","hexamod:NecessarySacrifice"],"picked":"hexamod:SpectersWail","floor":13},{"not_picked":["hexamod:GhostShield","hexamod:BurningTouch"],"picked":"hexamod:SuperheatedStrike+1","floor":15},{"not_picked":["hexamod:UnleashSpirits+1","hexamod:GhostOfSpirePresent"],"picked":"hexamod:FifthSeal","floor":16},{"not_picked":["hexamod:FourthSeal","hexamod:SecondSeal"],"picked":"hexamod:ThirdSeal","floor":19},{"not_picked":["hexamod:NightmareGuise","hexamod:SpectralSpark"],"picked":"hexamod:ThermalTransfer+1","floor":19},{"not_picked":["hexamod:HeatCrush+1","hexamod:SuperheatedStrike+1"],"picked":"hexamod:HauntingEcho+1","floor":20},{"not_picked":["hexamod:SecondSeal","hexamod:ThirdSeal"],"picked":"hexamod:FirstSeal","floor":20},{"not_picked":["hexamod:Firestarter+1","hexamod:BacktrackSmack+1","hexamod:NightmareStrike+1"],"picked":"SKIP","floor":20},{"not_picked":["hexamod:NecessarySacrifice","hexamod:HauntingEcho+1"],"picked":"hexamod:GhostOfSpireFuture","floor":21},{"not_picked":["hexamod:FirstSeal","hexamod:FourthSeal"],"picked":"hexamod:SixthSeal","floor":21},{"not_picked":["hexamod:NightmareStrike+1","hexamod:SpectersWail+1","hexamod:EtherealExpedition"],"picked":"SKIP","floor":21},{"not_picked":["hexamod:SuperheatedStrike+1","hexamod:FirstSeal","hexamod:SpectralAdrenaline+1"],"picked":"SKIP","floor":23},{"not_picked":["hexamod:BurningTouch","hexamod:Firestarter+1","hexamod:SwordOfDarkness+1"],"picked":"SKIP","floor":23},{"not_picked":["hexamod:ExtraCrispy","hexamod:UnlimitedPower"],"picked":"hexamod:SoulSteal","floor":26},{"not_picked":["hexamod:FourthSeal","hexamod:SixthSeal"],"picked":"hexamod:SecondSeal","floor":28},{"not_picked":["hexamod:SuperheatedStrike+1","hexamod:SwordOfDarkness+1","hexamod:UnleashSpirits+1"],"picked":"SKIP","floor":28},{"not_picked":["hexamod:SuperheatedStrike+1","hexamod:TurnItUp","hexamod:HauntingEcho+1"],"picked":"SKIP","floor":29},{"not_picked":["hexamod:GhostShield","hexamod:SpectersWail+1","hexamod:BacktrackSmack+1"],"picked":"SKIP","floor":32},{"not_picked":["hexamod:SearingWound","hexamod:UnlimitedPower"],"picked":"hexamod:ForkedFlame+1","floor":33},{"not_picked":["hexamod:ShieldOfDarkness","hexamod:BacktrackSmack+1","hexamod:SecondSeal"],"picked":"SKIP","floor":36},{"not_picked":["hexamod:SuperheatedStrike+1","hexamod:Firestarter+1"],"picked":"hexamod:Hexaguard","floor":38},{"not_picked":["hexamod:BurningTouch","hexamod:SpectersWail+1","hexamod:AdvancingGuard"],"picked":"SKIP","floor":39},{"not_picked":["hexamod:HeatCrush+1","hexamod:HauntingEcho+1","hexamod:ParanormalForm"],"picked":"SKIP","floor":42},{"not_picked":["hexamod:SwordOfDarkness+1","hexamod:NightmareStrike+1","hexamod:FlamesFromBeyond"],"picked":"SKIP","floor":44},{"not_picked":["hexamod:GhostLash+1","hexamod:SpectersWail+1"],"picked":"hexamod:HexaLevel","floor":45},{"not_picked":["hexamod:HauntingEcho+1","hexamod:EtherealExpedition","hexamod:ThirdSeal"],"picked":"SKIP","floor":46},{"not_picked":["hexamod:ApocalypseNow","hexamod:DynamicBlow+1"],"picked":"hexamod:RainOfEmbers+1","floor":48},{"not_picked":["hexamod:SwordOfDarkness+1","hexamod:ShieldOfDarkness+1","hexamod:NightmareStrike+1"],"picked":"SKIP","floor":49}],"player_experience":1828473,"relics_obtained":[{"floor":7.0,"key":"War Paint"},{"floor":9.0,"key":"Happy Flower"},{"floor":13,"key":"Odd Mushroom"},{"floor":14,"key":"Molten Egg 2"},{"floor":24,"key":"Vajra"},{"floor":29,"key":"Mercury Hourglass"},{"floor":41,"key":"StoneCalendar"},{"floor":42,"key":"Pear"},{"floor":45,"key":"Eternal Feather"},{"floor":48,"key":"Juzu Bracelet"}],"event_choices":[{"damage_healed":0.0,"max_hp_gain":0.0,"max_hp_loss":0.0,"gold_gain":0.0,"event_name":"Scrap Ooze","player_choice":"Success","floor":6.0,"gold_loss":0.0,"damage_taken":18.0,"relics_obtained":["Omamori"]},{"damage_healed":0,"gold_gain":0,"player_choice":"Fought Mushrooms","damage_taken":0,"max_hp_gain":0,"max_hp_loss":0,"event_name":"Mushrooms","floor":13,"gold_loss":0}],"is_beta":false,"boss_relics":[{"not_picked":["hexamod:UnbrokenSoul","Fusion Hammer"],"picked":"Cursed Key"},{"not_picked":["Coffee Dripper","Empty Cage"],"picked":"hexamod:IceCube"}],"items_purged_floors":[21,28,46],"is_endless":false,"potions_floor_spawned":[3,5,15,16,26,29,32,33,42,44,45,48],"ascension_level":2}}