{"host":"cbu6enf2xtq4r7r3","time":1613089648,"event":{"mods":["2.2 Compatiblity","AlwaysNeverKeys","BaseMod","Better Match","Better Note","Better Sensory Stone","Better Skull","Better Third Choice","Colored Map","Colored Powertips","Defuse TimeMaze Blight","Emptier Cage","Minty Spire (QoL Compilation)","Permanent Neow","Quick Restart","Random Character Button","Relic Sorter","Reorder Act Four","Shop Mod","StSLib"],"gold_per_floor":[115,115,131,3,14,50,125,169,194,208,208,236,279,279,279,393,393,418,440,59,78,100,100,125,125,172,203,242,288,140,140,140,237,237,256,1273,1295,559,588,625,644,679,705,705,705,24,24,58,58,58],"floor_reached":51,"language":"ENG","playtime":2089,"items_purged":["Strike_R","Strike_R","Normality","Normality"],"score":1273,"play_id":"0f8d1145-b539-4906-8f48-2bdd2811f599","local_time":"20210212012728","is_ascension_mode":true,"campfire_choices":[{"data":"Whirlwind","floor":11,"key":"SMITH"},{"data":"Metallicize","floor":15,"key":"SMITH"},{"data":"Shrug It Off","floor":23,"key":"SMITH"},{"data":"Inflame","floor":25,"key":"SMITH"},{"data":"Shockwave","floor":32,"key":"SMITH"},{"data":"True Grit","floor":47,"key":"SMITH"},{"data":"Shockwave","floor":49,"key":"SMITH"}],"circlet_count":0,"master_deck":["Strike_R","Strike_R","Defend_R","Defend_R","Defend_R","Defend_R","Bash+1","Heavy Blade+1","Shockwave+1","Metallicize+1","Twin Strike","Whirlwind+1","Intimidate","Battle Trance","Twin Strike","Heavy Blade","Offering","Flame Barrier","Shrug It Off+1","Inflame+1","Shrug It Off+1","Pummel","Flame Barrier","True Grit+1","Shockwave+1","True Grit+1","Parasite","Shrug It Off+1","Power Through+1"],"relics":["Burning Blood","NeowsBlessing","CeramicFish","Red Skull","MealTicket","Toy Ornithopter","Mark of Pain","Chemical X","HornCleat","Lantern","Snecko Eye","Medical Kit","Pen Nib","Orichalcum","MerchantsRug","Akabeko","Happy Flower","Omamori","OrangePellets","Pear","Mercury Hourglass"],"acts_visited":["Exordium","TheCity","TheBeyond"],"potions_floor_usage":[10,13,16,16,22,24,29,33,41,46,50,50],"damage_taken":[{"damage":0,"enemies":"Cultist","floor":1,"turns":1},{"damage":0,"enemies":"Jaw Worm","floor":3,"turns":1},{"damage":0,"enemies":"Small Slimes","floor":5,"turns":1},{"damage":20,"enemies":"Gremlin Nob","floor":6,"turns":5},{"damage":48,"enemies":"Lagavulin","floor":8,"turns":8},{"damage":0,"enemies":"Gremlin Gang","floor":10,"turns":1},{"damage":0,"enemies":"Exordium Wildlife","floor":12,"turns":1},{"damage":17,"enemies":"3 Sentries","floor":13,"turns":4},{"damage":50,"enemies":"Hexaghost","floor":16,"turns":9},{"damage":17,"enemies":"2 Thieves","floor":18,"turns":2},{"damage":20,"enemies":"Shell Parasite","floor":19,"turns":7},{"damage":6,"enemies":"3 Cultists","floor":21,"turns":1},{"damage":0,"enemies":"Snecko","floor":22,"turns":3},{"damage":14,"enemies":"Slavers","floor":24,"turns":3},{"damage":19,"enemies":"Snake Plant","floor":27,"turns":2},{"damage":6,"enemies":"Sentry and Sphere","floor":28,"turns":4},{"damage":30,"enemies":"Book of Stabbing","floor":29,"turns":5},{"damage":15,"enemies":"Collector","floor":33,"turns":6},{"damage":0,"enemies":"Orb Walker","floor":35,"turns":3},{"damage":6,"enemies":"3 Shapes","floor":37,"turns":15},{"damage":21,"enemies":"Writhing Mass","floor":39,"turns":8},{"damage":22,"enemies":"Giant Head","floor":40,"turns":6},{"damage":0,"enemies":"3 Darklings","floor":41,"turns":1},{"damage":13,"enemies":"Nemesis","floor":42,"turns":7},{"damage":6,"enemies":"Reptomancer","floor":48,"turns":6},{"damage":0,"enemies":"Donu and Deca","floor":50,"turns":9}],"seed_played":"4789176268240045397","potions_obtained":[{"floor":5,"key":"Explosive Potion"},{"floor":8,"key":"GamblersBrew"},{"floor":13,"key":"EntropicBrew"},{"floor":21,"key":"GamblersBrew"},{"floor":22,"key":"Swift Potion"},{"floor":28,"key":"Energy Potion"},{"floor":29,"key":"BloodPotion"},{"floor":37,"key":"LiquidBronze"},{"floor":41,"key":"BloodPotion"}],"is_trial":false,"path_per_floor":["M","?","M","$","M","E","?","E","T","M","R","M","E","?","R","B",null,"M","M","$","M","M","R","E","R","T","M","M","E","$","?","R","B",null,"M","?","M","$","M","E","M","E","T","?","?","$","R","E","R","B",null],"character_chosen":"IRONCLAD","items_purchased":["Metallicize","Twin Strike","Whetstone","Chemical X","Flame Barrier","Medical Kit","True Grit","Pen Nib","Orichalcum","MerchantsRug","PowerPotion","OrangePellets","Pear","Fruit Juice","Dexterity Potion"],"campfire_rested":0,"item_purchase_floors":[4,4,20,20,30,38,38,38,38,38,38,46,46,46,46],"current_hp_per_floor":[78,78,80,80,80,66,58,16,16,22,22,28,17,80,80,36,69,58,44,59,59,70,70,67,67,67,54,54,35,50,50,50,46,72,78,78,78,80,65,49,76,69,69,69,69,95,95,95,95,95],"gold":58,"neow_bonus":"THREE_ENEMY_KILL","is_daily":false,"chose_seed":false,"campfire_upgraded":7,"win_rate":0.0,"timestamp":1613089648,"path_taken":["M","?","M","$","?","E","?","E","T","M","R","?","E","?","R","BOSS","M","M","$","M","M","R","E","R","T","M","?","E","$","?","R","BOSS","M","?","M","$","M","E","M","E","T","?","?","$","R","E","R","BOSS"],"items_purchased_type":["Card","Card","Relic","Relic","Card","Relic","Card","Relic","Relic","Relic","Potion","Relic","Relic","Potion","Potion"],"build_version":"2020-12-22","purchased_purges":4,"victory":true,"max_hp_per_floor":[80,80,80,80,80,80,80,80,80,80,80,80,80,80,80,80,80,80,80,80,80,80,80,80,80,80,80,80,80,80,80,80,80,80,80,80,80,80,80,80,80,80,80,80,80,95,95,95,95,95],"card_choices":[{"not_picked":["Clash","Shockwave"],"picked":"Heavy Blade","floor":1},{"not_picked":["Combust","Shrug It Off"],"picked":"Shockwave","floor":3},{"not_picked":["Armaments","Infernal Blade"],"picked":"Whirlwind","floor":5},{"not_picked":["Dropkick","Second Wind"],"picked":"Intimidate","floor":6},{"not_picked":["Shockwave","Body Slam"],"picked":"Battle Trance","floor":8},{"not_picked":["Second Wind","Clash","Exhume"],"picked":"SKIP","floor":10},{"not_picked":["Wild Strike","Body Slam"],"picked":"Twin Strike","floor":12},{"not_picked":["Barricade","Rampage"],"picked":"Heavy Blade","floor":13},{"not_picked":["Feed","Corruption"],"picked":"Offering","floor":16},{"not_picked":["Thunderclap","Clash+1"],"picked":"Flame Barrier","floor":18},{"not_picked":["Feel No Pain","Cleave"],"picked":"Shrug It Off+1","floor":19},{"not_picked":["Sword Boomerang+1","Uppercut+1"],"picked":"Inflame","floor":21},{"not_picked":["Warcry","Hemokinesis"],"picked":"Shrug It Off","floor":22},{"not_picked":["Thunderclap+1","Reckless Charge","Clash"],"picked":"SKIP","floor":24},{"not_picked":["Anger+1","Feel No Pain+1","Iron Wave"],"picked":"SKIP","floor":27},{"not_picked":["Rupture","Infernal Blade"],"picked":"Pummel","floor":28},{"not_picked":["Perfected Strike","Headbutt"],"picked":"Armaments","floor":29},{"not_picked":["Body Slam+1","Headbutt+1"],"picked":"True Grit+1","floor":35},{"not_picked":["Clothesline","Thunderclap+1"],"picked":"Shockwave","floor":37},{"not_picked":["Brutality","Body Slam","Perfected Strike+1"],"picked":"SKIP","floor":39},{"not_picked":["Intimidate","Headbutt"],"picked":"Shrug It Off+1","floor":40},{"not_picked":["Dropkick+1","Reckless Charge"],"picked":"Power Through+1","floor":41},{"not_picked":["Clash+1","Thunderclap","Bloodletting"],"picked":"SKIP","floor":42},{"not_picked":["Sentinel","True Grit","Perfected Strike"],"picked":"SKIP","floor":48}],"player_experience":137396,"relics_obtained":[{"floor":6,"key":"CeramicFish"},{"floor":8,"key":"Red Skull"},{"floor":9,"key":"MealTicket"},{"floor":13,"key":"Toy Ornithopter"},{"floor":24,"key":"HornCleat"},{"floor":26,"key":"MawBank"},{"floor":29,"key":"Lantern"},{"floor":40,"key":"Akabeko"},{"floor":42,"key":"Happy Flower"},{"floor":43,"key":"Omamori"},{"floor":48,"key":"Mercury Hourglass"}],"event_choices":[{"cards_removed":["Strike_R"],"damage_healed":0,"gold_gain":0,"player_choice":"Purged","damage_taken":0,"max_hp_gain":0,"max_hp_loss":0,"event_name":"Purifier","floor":2,"gold_loss":0},{"damage_healed":0,"gold_gain":75,"player_choice":"Touch","damage_taken":8,"max_hp_gain":0,"max_hp_loss":0,"event_name":"FaceTrader","floor":7,"gold_loss":0},{"damage_healed":63,"gold_gain":0,"player_choice":"Full Heal","damage_taken":0,"max_hp_gain":0,"max_hp_loss":0,"event_name":"Wheel of Change","floor":14,"gold_loss":0},{"damage_healed":0,"gold_gain":0,"player_choice":"Upgraded","damage_taken":0,"max_hp_gain":0,"max_hp_loss":0,"event_name":"Upgrade Shrine","floor":31,"gold_loss":0,"cards_upgraded":["Armaments"]},{"damage_healed":0,"gold_gain":999,"player_choice":"Gold","damage_taken":0,"max_hp_gain":0,"max_hp_loss":0,"event_name":"MindBloom","floor":36,"gold_loss":0,"cards_obtained":["Normality","Normality"]},{"cards_removed":["Armaments"],"damage_healed":0,"gold_gain":0,"player_choice":"Removed Skill","damage_taken":0,"max_hp_gain":0,"max_hp_loss":0,"event_name":"Falling","floor":44,"gold_loss":0},{"damage_healed":0,"gold_gain":0,"player_choice":"Ignored","damage_taken":0,"max_hp_gain":0,"max_hp_loss":0,"event_name":"Tomb of Lord Red Mask","floor":45,"gold_loss":0}],"is_beta":false,"boss_relics":[{"not_picked":["SacredBark","Black Blood"],"picked":"Mark of Pain"},{"not_picked":["Runic Dome","Black Star"],"picked":"Snecko Eye"}],"items_purged_floors":[20,30,38,46],"is_endless":false,"potions_floor_spawned":[5,8,13,21,22,28,29,37,39,41],"ascension_level":8}}