{"host":"btk6hapgokl8j5e3","time":1613093653,"event":{"mods":["Act Like it!","BaseMod","BetterRewards","Colored Powertips","Friendly Minions","GifTheSpireLib","Gremlin Mod","Minty Spire (QoL Compilation)","Replay The Spire","StSLib","The Animator"],"gold_per_floor":[113,113,145,156,170,170,187,187,187,187,210,210,242,259,284,312,312,312,312],"floor_reached":18,"language":"ENG","playtime":1300,"items_purged":[],"score":165,"play_id":"3c8c1844-8ba0-44c2-a936-0dee70746907","local_time":"20210212023413","is_ascension_mode":true,"campfire_choices":[{"data":"animator:DolaSchwi","floor":6,"key":"SMITH"},{"floor":17,"key":"REST"}],"circlet_count":0,"master_deck":["animator:Strike_NoGameNoLife+1","animator:Defend_NoGameNoLife","animator:Strike","animator:Strike","animator:Strike+1","animator:Defend","animator:Defend","animator:DolaSchwi+1","animator:DolaCouronne","animator:DolaStephanie","animator:Sebas","animator:DolaRiku","animator:Vanir","animator:IzunaHatsuse"],"relics":["animator:LivingPicture","animator:TheMissingPiece","animator:PurgingStone","NeowsBlessing","Replay:Arrowhead","Whetstone","Torii","Replay:Baseball"],"acts_visited":["Exordium"],"potions_floor_usage":[13,18],"damage_taken":[{"damage":0,"enemies":"2 Louse","floor":1,"turns":1},{"damage":0,"enemies":"Cultist","floor":3,"turns":1},{"damage":0,"enemies":"Jaw Worm","floor":4,"turns":1},{"damage":16,"enemies":"Looter","floor":5,"turns":4},{"damage":18,"enemies":"2 Fungi Beasts","floor":7,"turns":5},{"damage":5,"enemies":"Replay:BlueRogue","floor":13,"turns":4},{"damage":1,"enemies":"Red Slaver","floor":14,"turns":4},{"damage":0,"enemies":"Gremlin Gang","floor":16,"turns":5},{"damage":55,"enemies":"Fading Forest","floor":18,"turns":9}],"seed_played":"5345964735801100527","potions_obtained":[{"floor":5,"key":"FearPotion"},{"floor":7,"key":"FearPotion"},{"floor":16,"key":"Explosive Potion"}],"is_trial":false,"path_per_floor":["M","?","M","M","M","R","M","PTL","PTL","?","T","?","E","M","T","M","R","B"],"character_chosen":"THE_ANIMATOR","items_purchased":[],"campfire_rested":1,"item_purchase_floors":[],"current_hp_per_floor":[59,59,59,59,44,44,26,26,26,14,14,14,9,8,8,8,28,0,0],"gold":312,"neow_bonus":"THREE_ENEMY_KILL","is_daily":false,"chose_seed":false,"campfire_upgraded":1,"win_rate":0.0,"timestamp":1613093653,"path_taken":["M","?","?","M","M","R","M","PTL","PTL","?","T","?","E","M","?","M","R","BOSS"],"items_purchased_type":[],"build_version":"2020-12-22","purchased_purges":0,"victory":false,"max_hp_per_floor":[66,66,66,66,67,67,67,67,67,67,67,67,67,67,67,67,67,67,67],"card_choices":[{"not_picked":["animator:DolaCouronne","animator:DwarfShaman","animator:UneriGinkaku"],"picked":"SKIP","floor":1},{"not_picked":["animator:Tyuule","animator:Add"],"picked":"animator:DolaStephanie","floor":3},{"not_picked":["animator:SilverFang","animator:SayakaMiki"],"picked":"animator:Sebas","floor":4},{"not_picked":["animator:FielNirvalen","animator:DolaCouronne"],"picked":"animator:DolaRiku","floor":5},{"not_picked":["animator:ZankiKiguchi","animator:Pride"],"picked":"animator:Vanir","floor":7},{"not_picked":["animator:RinTohsaka","animator:FeridBathory","animator:Konayuki"],"picked":"SKIP","floor":13},{"not_picked":["animator:Aqua","animator:Chris","animator:Ain"],"picked":"SKIP","floor":14},{"not_picked":["animator:ChlammyZell","animator:DolaSchwi"],"picked":"animator:IzunaHatsuse","floor":16}],"player_experience":469362,"relics_obtained":[{"floor":11,"key":"Whetstone"},{"floor":13,"key":"Torii"},{"floor":15,"key":"Replay:Baseball"}],"event_choices":[{"cards_removed":["animator:Defend"],"damage_healed":0,"gold_gain":0,"player_choice":"Purged","damage_taken":0,"max_hp_gain":0,"max_hp_loss":0,"event_name":"Purifier","floor":2,"gold_loss":0},{"damage_healed":0,"gold_gain":0,"player_choice":"Success","damage_taken":12,"relics_obtained":["Replay:Arrowhead"],"max_hp_gain":0,"max_hp_loss":0,"event_name":"Scrap Ooze","floor":10,"gold_loss":0},{"damage_healed":0,"gold_gain":0,"player_choice":"Ignored","damage_taken":0,"max_hp_gain":0,"max_hp_loss":0,"event_name":"Liars Game","floor":12,"gold_loss":0}],"is_beta":false,"boss_relics":[],"items_purged_floors":[],"is_endless":false,"potions_floor_spawned":[5,7,16],"killed_by":"Fading Forest","ascension_level":9}}