{"host":"50qwps766cbz6ukm","time":1613139125,"event":{"mods":["BaseMod","Colored Map","Colored Powertips","DeckTracker","Highlight Path","Minty Spire (QoL Compilation)","Quick Restart","Remove Card Discount Mod","StSLib","SuperFastMode","Synergy Search"],"gold_per_floor":[216,22,197,147,157,157,239,92,92,92,92,92,92,115,115,240,240,253,75,90,90,90,90,90],"floor_reached":23,"language":"ENG","playtime":400,"items_purged":["Strike_P","Strike_P","Strike_P","Defend_P","Defend_P","Defend_P","Defend_P","Creative AI","Strike_P"],"score":315,"play_id":"c5d85fa0-9f8a-4cad-a083-096e13c22943","local_time":"20210212161205","is_ascension_mode":true,"campfire_choices":[{"data":"Eruption","floor":6,"key":"SMITH"},{"floor":13,"key":"REST"},{"floor":15,"key":"REST"}],"circlet_count":0,"master_deck":["Eruption+1","Vigilance+1","Prostrate","Prostrate+1","Streamline","Backstab","CurseOfTheBell","FlurryOfBlows","Panache+1"],"relics":["PureWater","PrismaticShard","Ornamental Fan","Juzu Bracelet","Golden Idol","Singing Bowl","Calling Bell","Toy Ornithopter","Shuriken","WingedGreaves","Nloth\u0027s Gift"],"acts_visited":["Exordium","TheCity"],"potions_floor_usage":[],"damage_taken":[{"damage":30,"enemies":"Jaw Worm","floor":1,"turns":5},{"damage":0,"enemies":"Small Slimes","floor":5,"turns":3},{"damage":0,"enemies":"Cultist","floor":14,"turns":3},{"damage":0,"enemies":"Slime Boss","floor":16,"turns":6},{"damage":24,"enemies":"2 Thieves","floor":18,"turns":4},{"damage":6,"enemies":"Shell Parasite","floor":20,"turns":3},{"damage":39,"enemies":"Book of Stabbing","floor":23,"turns":4}],"seed_played":"-7393522343658035516","potions_obtained":[],"is_trial":false,"path_per_floor":["M","$","?","?","M","R","T","$","T","?","?","T","R","M","R","B",null,"M","$","M","?","?","E"],"character_chosen":"WATCHER","items_purchased":["Prostrate","PrismaticShard","Pen Nib","Panache"],"campfire_rested":2,"item_purchase_floors":[2,2,8,19],"current_hp_per_floor":[35,35,35,35,35,35,35,35,35,21,3,3,24,24,45,45,65,41,41,37,37,37,0,0],"gold":90,"neow_bonus":"HUNDRED_GOLD","is_daily":false,"chose_seed":false,"campfire_upgraded":1,"win_rate":0.0,"timestamp":1613139125,"path_taken":["M","$","?","?","M","R","?","$","T","?","?","?","R","M","R","BOSS","M","$","M","?","?","E"],"items_purchased_type":["Card","Relic","Relic","Card"],"build_version":"2020-12-22","purchased_purges":9,"victory":false,"max_hp_per_floor":[72,72,72,72,72,72,72,72,72,72,72,72,72,72,72,72,72,72,72,74,74,74,74,74],"card_choices":[{"not_picked":["PathToVictory","ClearTheMind"],"picked":"Prostrate","floor":1},{"not_picked":["Uppercut","CutThroughFate"],"picked":"Streamline","floor":5},{"not_picked":["Clothesline","Quick Slash"],"picked":"Backstab","floor":14},{"not_picked":["Phantasmal Killer","Barricade"],"picked":"Creative AI","floor":16},{"not_picked":["Flame Barrier","Escape Plan+1"],"picked":"FlurryOfBlows","floor":18},{"not_picked":["Shrug It Off","Sucker Punch","Intimidate+1"],"picked":"Singing Bowl","floor":20}],"player_experience":594413,"relics_obtained":[{"floor":7,"key":"Ornamental Fan"},{"floor":9,"key":"Juzu Bracelet"},{"floor":12,"key":"Singing Bowl"},{"floor":17,"key":"Toy Ornithopter"},{"floor":17,"key":"Shuriken"},{"floor":17,"key":"WingedGreaves"}],"event_choices":[{"damage_healed":0,"gold_gain":175,"player_choice":"AGREE","damage_taken":0,"max_hp_gain":0,"max_hp_loss":0,"event_name":"Liars Game","floor":3,"gold_loss":0,"cards_obtained":["Doubt"]},{"cards_removed":["Doubt"],"damage_healed":0,"gold_gain":0,"player_choice":"Card Removal","damage_taken":0,"max_hp_gain":0,"max_hp_loss":0,"event_name":"The Cleric","floor":4,"gold_loss":50},{"damage_healed":0,"gold_gain":0,"player_choice":"Entered Light","damage_taken":14,"max_hp_gain":0,"max_hp_loss":0,"event_name":"Shining Light","floor":10,"gold_loss":0,"cards_upgraded":["Prostrate","Vigilance"]},{"damage_healed":0,"gold_gain":0,"player_choice":"Take Damage","damage_taken":18,"relics_obtained":["Golden Idol"],"max_hp_gain":0,"max_hp_loss":0,"event_name":"Golden Idol","floor":11,"gold_loss":0},{"damage_healed":0,"gold_gain":0,"player_choice":"Upgraded","damage_taken":0,"max_hp_gain":0,"max_hp_loss":0,"event_name":"Upgrade Shrine","floor":21,"gold_loss":0,"cards_upgraded":["Panache"]},{"damage_healed":0,"gold_gain":0,"player_choice":"Traded Relic","damage_taken":0,"relics_obtained":["Nloth\u0027s Gift"],"max_hp_gain":0,"max_hp_loss":0,"event_name":"N\u0027loth","floor":22,"relics_lost":["Pen Nib"],"gold_loss":0}],"is_beta":false,"boss_relics":[{"not_picked":["Astrolabe","Fusion Hammer"],"picked":"Calling Bell"}],"items_purged_floors":[2,2,2,2,2,2,2,19,19],"is_endless":false,"potions_floor_spawned":[],"killed_by":"Book of Stabbing","ascension_level":8}}