{"host":"j1shzgun22wn368i","time":1613098292,"event":{"mods":["BaseMod","Colored Map","Colored Powertips","Conspire","Downfall","Mad Scientist","Marisa????????","Minty Spire (QoL Compilation)","Prisma Mod","Quick Restart","Remilia??????","Replay The Spire","StSLib","The Blackbeard","The Bug Knight","The Construct","The Cursed","The Disciple","The Elementalist","The Gatherer","The Hierophant","The Jungle","The Mystic","The Necromancer","The Runesmith","The Senshi","The Servant 0.9.4","The Spell Scribe"],"gold_per_floor":[119,119,138,31,81,81,306,337,364,383,383,383,402,435,435,540,540,553,572,124,124,144,144,144,40,66,92,92,110,125,75,75,173,173,193,5,5,48,101,101,157,157,182,239,274,274,312,3,3,28,28,28,85,140,140,140,140],"floor_reached":55,"language":"ENG","playtime":5548,"items_purged":[],"score":1053,"play_id":"fae810d6-3f55-47ae-af86-41f94b6f88ab","local_time":"20210212025132","is_ascension_mode":false,"campfire_choices":[{"data":"conspire:Banana","floor":6,"key":"SMITH"},{"floor":11,"key":"REST"},{"data":"blackbeard:FinalBarrage","floor":23,"key":"SMITH"},{"data":"blackbeard:Parrot","floor":23,"key":"SMITH"},{"floor":28,"key":"REST"},{"floor":40,"key":"RECALL"},{"floor":42,"key":"REST"},{"floor":49,"key":"REST"},{"data":"blackbeard:FinalBarrage","floor":52,"key":"SMITH"},{"data":"blackbeard:Halberd","floor":52,"key":"SMITH"}],"circlet_count":0,"master_deck":["blackbeard:BlackbeardStrike","blackbeard:BlackbeardStrike","blackbeard:BlackbeardStrike","blackbeard:IntimidatingStrike","blackbeard:BlackbeardDefend","blackbeard:Cutlass","conspire:Banana+1","blackbeard:Dagger","blackbeard:GoldenDefense","blackbeard:GoldenStrike+1","blackbeard:InfiniteBarrage","blackbeard:RearmingStrike","blackbeard:SwordDance+1","blackbeard:BrownPants+1","blackbeard:Parrot+1","blackbeard:FinalBarrage+1","blackbeard:Spear","blackbeard:Spear","blackbeard:Sword","blackbeard:Rum","blackbeard:GoldenStrike+1","blackbeard:BrownPants+1","blackbeard:TerrorOfTheSeas","blackbeard:Rum","blackbeard:GoldenDefense+1","blackbeard:CatONineTails","blackbeard:Halberd+1","blackbeard:FinalBarrage+1","blackbeard:Scrap","blackbeard:Bandana","blackbeard:CannonballSupply+1","blackbeard:Dagger","blackbeard:FieryDefense+1","blackbeard:PowerHungry","blackbeard:GoldenStrike+1","blackbeard:CloakAndCannonball+1","blackbeard:GoldenStrike+1","blackbeard:DangerousBlow","blackbeard:PiratesWill","blackbeard:GoldenCannonball","blackbeard:SmithingHammer"],"relics":["blackbeard:LoadTheCannons","Chameleon Ring","Replay:Bottled Eggs","Replay:Arrowhead","ReplayFunnel","Lantern","construct:WeddingRing","Meat on the Bone","CaptainsWheel","Omamori","Replay:PocketPolymizer","Lee\u0027s Waffle","blackbeard:PowderCan","Toy Ornithopter","Pen Nib","Letter Opener","ReplayTheSpireMod:CursedCoin","Oddly Smooth Stone"],"acts_visited":["Exordium","TheCity","TheBeyond","TheEnding"],"potions_floor_usage":[8,14,22,22,27,33,41,45,50,55],"damage_taken":[{"damage":2,"enemies":"conspire:RoseBush","floor":1,"turns":2},{"damage":0,"enemies":"Cultist","floor":3,"turns":3},{"damage":14,"enemies":"HollowMod:MossKnight","floor":8,"turns":14},{"damage":3,"enemies":"Jaw Worm","floor":10,"turns":3},{"damage":5,"enemies":"Red Slaver","floor":13,"turns":4},{"damage":27,"enemies":"Gremlin Nob","floor":14,"turns":5},{"damage":43,"enemies":"Hexaghost","floor":16,"turns":10},{"damage":14,"enemies":"Spheric Guardian","floor":18,"turns":5},{"damage":34,"enemies":"2 Thieves","floor":19,"turns":4},{"damage":0,"enemies":"Sentry and Sphere","floor":22,"turns":4},{"damage":1,"enemies":"HollowMod:Nosk","floor":27,"turns":6},{"damage":3,"enemies":"Cultist and Chosen","floor":29,"turns":6},{"damage":0,"enemies":"Snake Plant","floor":30,"turns":6},{"damage":10,"enemies":"Pondfish","floor":33,"turns":11},{"damage":20,"enemies":"3 Darklings","floor":35,"turns":7},{"damage":38,"enemies":"Orb Walker","floor":38,"turns":6},{"damage":27,"enemies":"Jaw Worm Horde","floor":39,"turns":5},{"damage":60,"enemies":"Nemesis","floor":41,"turns":9},{"damage":33,"enemies":"Giant Head","floor":44,"turns":7},{"damage":2,"enemies":"Transient","floor":45,"turns":5},{"damage":18,"enemies":"Writhing Mass","floor":47,"turns":5},{"damage":81,"enemies":"Donu and Deca","floor":50,"turns":10},{"damage":70,"enemies":"Shield and Spear","floor":54,"turns":6},{"damage":81,"enemies":"The Heart","floor":55,"turns":5}],"seed_played":"7807908879016449579","potions_obtained":[{"floor":1,"key":"Swift Potion"},{"floor":10,"key":"Slimebound:ThreeZeroPotion"},{"floor":13,"key":"Strength Potion"},{"floor":16,"key":"sneckomod:MuddlingPotion"},{"floor":19,"key":"hexamod:SoulburnPotion"},{"floor":29,"key":"SpeedPotion"},{"floor":30,"key":"Adrenaline Potion"},{"floor":39,"key":"Explosive Potion"},{"floor":44,"key":"Flashbang"},{"floor":47,"key":"LifebloodPotion"},{"floor":54,"key":"BlessingOfTheForge"}],"is_trial":false,"path_per_floor":["M","?","M","$","?","R","?","E","T","M","R","?","M","E","R_BF","B",null,"M","M","$","?","M","R","?","$","T","E","R","M","M","?","R_BF","B",null,"M","$","?","M","M","R","E","R","T","E","M","?","M","$","R","B",null,"R","$","E","B"],"character_chosen":"BLACKBEARD_CLASS","items_purchased":["blackbeard:GoldenStrike+1","blackbeard:InfiniteBarrage","blackbeard:Sword","Meat on the Bone","Reflective Coating","blackbeard:Rum","blackbeard:BrownPants+1","blackbeard:Spear","Lee\u0027s Waffle","blackbeard:Bandana","Letter Opener","blackbeard:GoldenStrike","blackbeard:PiratesWill","ReplayTheSpireMod:CursedCoin","blackbeard:GoldenCannonball"],"campfire_rested":4,"item_purchase_floors":[4,4,20,20,20,20,25,25,36,36,48,48,53,53,53],"current_hp_per_floor":[74,62,63,63,63,63,63,51,51,50,74,74,71,46,71,30,87,75,43,43,73,75,75,66,66,66,67,95,94,96,96,99,91,101,83,110,110,74,61,61,15,49,49,30,47,47,41,41,77,15,122,122,122,66,0,0,0],"gold":140,"neow_bonus":"RANDOM_COLORLESS","is_daily":false,"chose_seed":false,"campfire_upgraded":5,"win_rate":0.0,"timestamp":1613098292,"path_taken":["M","?","M","$","?","R","?","E","T","M","R","?","M","E","R_BF","BOSS","M","?","$","?","M","R","?","?","T","E","R","?","M","?","R_BF","BOSS","M","$","?","M","M","R","E","R","T","E","?","?","M","$","R","BOSS","R","$","E","BOSS"],"items_purchased_type":["Card","Card","Card","Relic","Potion","Card","Card","Card","Relic","Card","Relic","Card","Card","Relic","Card"],"build_version":"2020-12-22","purchased_purges":0,"victory":false,"max_hp_per_floor":[76,76,77,77,77,77,77,79,79,81,81,81,83,85,85,87,87,89,91,91,91,93,93,93,93,93,95,95,97,99,99,99,101,101,103,110,110,112,114,114,116,116,116,118,120,120,120,120,120,122,122,122,122,124,126,126,126],"card_choices":[{"not_picked":["Dark Shackles","Good Instincts"],"picked":"conspire:Banana","floor":0},{"not_picked":["blackbeard:BuriedTreasure","blackbeard:Sharpening"],"picked":"blackbeard:Dagger","floor":1},{"not_picked":["blackbeard:WiseDefense","blackbeard:CloakAndCannonball"],"picked":"blackbeard:GoldenDefense","floor":3},{"not_picked":["blackbeard:WeaponProficiency","blackbeard:PiratesWill"],"picked":"blackbeard:RearmingStrike","floor":8},{"not_picked":["blackbeard:Provisioning","blackbeard:Dagger"],"picked":"blackbeard:SwordDance","floor":10},{"not_picked":["blackbeard:SwordDance","blackbeard:Scrap"],"picked":"blackbeard:BrownPants","floor":13},{"not_picked":["blackbeard:WoodenLeg","blackbeard:TheDrunkenSailor"],"picked":"blackbeard:Parrot","floor":14},{"not_picked":["blackbeard:WeaponMastery","blackbeard:PowerHungry"],"picked":"blackbeard:FinalBarrage","floor":16},{"not_picked":["blackbeard:TacticalRetreat","blackbeard:Scrap+1"],"picked":"blackbeard:Spear","floor":18},{"not_picked":["blackbeard:Provisioning","blackbeard:GoldenCannonball"],"picked":"blackbeard:Spear","floor":19},{"not_picked":["blackbeard:DeadlyArsenal+1","blackbeard:BeatUp"],"picked":"blackbeard:GoldenStrike+1","floor":22},{"not_picked":["blackbeard:RearmingStrike+1","blackbeard:Toast"],"picked":"blackbeard:TerrorOfTheSeas","floor":27},{"not_picked":["blackbeard:DangerousBlow","blackbeard:Recklessness"],"picked":"blackbeard:GoldenDefense+1","floor":29},{"not_picked":["blackbeard:BuriedTreasure+1","blackbeard:BeatUp"],"picked":"blackbeard:CatONineTails","floor":30},{"not_picked":["blackbeard:HumongousCannonball","blackbeard:GoldenGuillotine"],"picked":"blackbeard:FinalBarrage","floor":33},{"not_picked":["blackbeard:PiratesWill+1","blackbeard:BeatUp+1"],"picked":"blackbeard:Scrap","floor":35},{"not_picked":["blackbeard:BeatUp+1","blackbeard:PiratesWill+1"],"picked":"blackbeard:CannonballSupply+1","floor":38},{"not_picked":["blackbeard:Dagger+1","blackbeard:DangerousBlow","blackbeard:PiratesWill"],"picked":"SKIP","floor":39},{"not_picked":["blackbeard:RearmingStrike","blackbeard:PiratesWill+1"],"picked":"blackbeard:FieryDefense+1","floor":41},{"not_picked":["blackbeard:CaptainsCabin","blackbeard:BlindAttacks"],"picked":"blackbeard:PowerHungry","floor":44},{"not_picked":["blackbeard:CannonBarrage","blackbeard:RearmingStrike+1"],"picked":"blackbeard:GoldenStrike+1","floor":45},{"not_picked":["blackbeard:Dagger+1","blackbeard:ChaoticDefense"],"picked":"blackbeard:CloakAndCannonball+1","floor":47},{"not_picked":["blackbeard:FieryDefense","blackbeard:PirateHook"],"picked":"blackbeard:SmithingHammer","floor":54}],"player_experience":259397,"relics_obtained":[{"floor":8,"key":"Replay:Arrowhead"},{"floor":14,"key":"Lantern"},{"floor":26,"key":"Omamori"},{"floor":27,"key":"Replay:PocketPolymizer"},{"floor":41,"key":"blackbeard:PowderCan"},{"floor":43,"key":"Toy Ornithopter"},{"floor":44,"key":"Pen Nib"},{"floor":54,"key":"Oddly Smooth Stone"}],"event_choices":[{"damage_healed":0,"gold_gain":0,"player_choice":"Success","damage_taken":12,"relics_obtained":["Chameleon Ring"],"max_hp_gain":0,"max_hp_loss":0,"event_name":"Scrap Ooze","floor":2,"gold_loss":0},{"damage_healed":0,"gold_gain":225,"player_choice":"YARR","damage_taken":0,"relics_obtained":["Replay:Bottled Eggs"],"max_hp_gain":0,"max_hp_loss":0,"event_name":"blackbeard:Ssssserpent","floor":7,"gold_loss":0},{"damage_healed":0,"gold_gain":0,"player_choice":"Gave Potion","damage_taken":0,"relics_obtained":["ReplayFunnel"],"max_hp_gain":0,"max_hp_loss":0,"event_name":"WeMeetAgain","floor":12,"gold_loss":0},{"damage_healed":30,"gold_gain":0,"player_choice":"Heal","damage_taken":0,"max_hp_gain":0,"max_hp_loss":0,"event_name":"The Library","floor":21,"gold_loss":0},{"damage_healed":0,"gold_gain":0,"player_choice":"CaptainsWheel","damage_taken":0,"relics_obtained":["CaptainsWheel"],"max_hp_gain":0,"max_hp_loss":0,"event_name":"blackbeard:ShipwreckEvent","floor":24,"gold_loss":0},{"damage_healed":0,"gold_gain":0,"player_choice":"Bet on Owner","damage_taken":0,"max_hp_gain":0,"max_hp_loss":0,"event_name":"The Joust","floor":31,"gold_loss":50},{"cards_removed":["blackbeard:BlackbeardDefend"],"damage_healed":0,"gold_gain":0,"player_choice":"Purged","damage_taken":0,"max_hp_gain":0,"max_hp_loss":0,"event_name":"Purifier","floor":37,"gold_loss":0},{"damage_healed":0,"gold_gain":0,"player_choice":"Ignored","damage_taken":0,"max_hp_gain":0,"max_hp_loss":0,"event_name":"Mysterious Sphere","floor":46,"gold_loss":0}],"is_beta":false,"boss_relics":[{"not_picked":["Pandora\u0027s Box","Kintsugi"],"picked":"construct:WeddingRing"},{"not_picked":["Runic Dome","Runic Pyramid","Replay:Fungal Core"]}],"items_purged_floors":[],"is_endless":false,"potions_floor_spawned":[1,10,13,16,19,29,30,39,44,47,54],"killed_by":"The Heart","ascension_level":0}}