{"host":"49pjgf1q9ev52n8z","time":1613089125,"event":{"mods":["BaseMod","Bestiary","Colored Map","Keyboard Shortcuts","Minty Spire (QoL Compilation)","Practice Mode","Relic Stats","StSLib"],"gold_per_floor":[115,130,149,3,22,22,48,48,72,99,115,115,141,156,156,252,252,271,271,287,287,43,43,69,69,69,69,83,83,111,129,129,231,231,251,306,23,23,23,23,43,68,137,137,0,0,20,69,69,69],"floor_reached":51,"language":"ENG","playtime":5127,"items_purged":["CutThroughFate"],"score":877,"play_id":"1da700a4-7fbc-4f13-b867-409ea315d5d0","local_time":"20210211161845","is_ascension_mode":true,"campfire_choices":[{"data":"BattleHymn","floor":6,"key":"SMITH"},{"data":"TalkToTheHand","floor":8,"key":"SMITH"},{"data":"Eruption","floor":12,"key":"SMITH"},{"data":"Consecrate","floor":15,"key":"SMITH"},{"floor":23,"key":"REST"},{"floor":25,"key":"REST"},{"data":"RitualDagger","floor":27,"key":"SMITH"},{"floor":32,"key":"REST"},{"data":"Establishment","floor":40,"key":"SMITH"},{"floor":44,"key":"REST"},{"data":"LikeWater","floor":46,"key":"SMITH"},{"data":"TalkToTheHand","floor":49,"key":"SMITH"}],"circlet_count":0,"master_deck":["Strike_P","Strike_P","Strike_P","Strike_P","Defend_P+1","Defend_P","Defend_P","Defend_P+1","Eruption+1","Vigilance","Omniscience","FlurryOfBlows","CrushJoints","BattleHymn+1","TalkToTheHand+1","Consecrate+1","EmptyMind","LikeWater+1","EmptyFist","Establishment+1","RitualDagger+1","FollowUp+1","Protect","Adaptation+1","ClearTheMind","Tantrum+1","TalkToTheHand+1"],"relics":["HolyWater","ClockworkSouvenir","Blood Vial","War Paint","Oddly Smooth Stone","MealTicket","Snecko Eye","Pocketwatch","Shuriken","Eternal Feather","Yang","Juzu Bracelet","Incense Burner","Bag of Marbles","Nunchaku","InkBottle","Red Mask","Boot"],"acts_visited":["Exordium","TheCity","TheBeyond"],"potions_floor_usage":[7,14,18,20,30,36,41,41,47],"damage_taken":[{"damage":10,"enemies":"Jaw Worm","floor":1,"turns":4},{"damage":0,"enemies":"2 Louse","floor":2,"turns":2},{"damage":2,"enemies":"Cultist","floor":3,"turns":3},{"damage":3,"enemies":"Blue Slaver","floor":5,"turns":2},{"damage":0,"enemies":"Gremlin Nob","floor":7,"turns":4},{"damage":0,"enemies":"Lagavulin","floor":10,"turns":4},{"damage":8,"enemies":"Exordium Wildlife","floor":11,"turns":2},{"damage":2,"enemies":"3 Sentries","floor":13,"turns":4},{"damage":2,"enemies":"Looter","floor":14,"turns":3},{"damage":24,"enemies":"Slime Boss","floor":16,"turns":4},{"damage":42,"enemies":"3 Byrds","floor":18,"turns":5},{"damage":0,"enemies":"2 Thieves","floor":20,"turns":1},{"damage":46,"enemies":"Slavers","floor":24,"turns":3},{"damage":12,"enemies":"Chosen and Byrds","floor":28,"turns":4},{"damage":25,"enemies":"Gremlin Leader","floor":30,"turns":4},{"damage":26,"enemies":"Snake Plant","floor":31,"turns":4},{"damage":43,"enemies":"Automaton","floor":33,"turns":7},{"damage":1,"enemies":"Orb Walker","floor":35,"turns":3},{"damage":25,"enemies":"2 Orb Walkers","floor":36,"turns":4},{"damage":60,"enemies":"3 Darklings","floor":41,"turns":4},{"damage":9,"enemies":"Reptomancer","floor":42,"turns":4},{"damage":13,"enemies":"Spire Growth","floor":47,"turns":5},{"damage":37,"enemies":"Time Eater","floor":50,"turns":8}],"seed_played":"4812796058942206027","potions_obtained":[{"floor":3,"key":"EssenceOfSteel"},{"floor":5,"key":"FairyPotion"},{"floor":10,"key":"Swift Potion"},{"floor":11,"key":"Regen Potion"},{"floor":18,"key":"Ambrosia"},{"floor":24,"key":"EssenceOfSteel"},{"floor":30,"key":"FearPotion"},{"floor":31,"key":"LiquidMemories"},{"floor":36,"key":"StancePotion"},{"floor":42,"key":"ColorlessPotion"}],"is_trial":false,"path_per_floor":["M","M","M","$","M","R","E","R","T","E","M","R","E","M","R","B",null,"M","?","M","?","$","R","E","R","T","R","M","?","E","M","R","B",null,"M","?","$","?","?","R","M","E","T","R","?","R","M","T","R","B",null],"character_chosen":"WATCHER","items_purchased":["ClockworkSouvenir","Shuriken","ClearTheMind","Bag of Marbles"],"campfire_rested":4,"item_purchase_floors":[4,22,37,37],"current_hp_per_floor":[62,62,60,60,57,57,57,57,57,59,53,53,53,53,53,31,72,35,29,31,31,46,67,23,56,56,68,58,58,35,11,44,3,72,71,47,62,82,82,82,22,15,15,54,54,69,58,58,73,38],"gold":69,"neow_bonus":"ONE_RANDOM_RARE_CARD","is_daily":false,"chose_seed":false,"campfire_upgraded":8,"win_rate":0.0,"timestamp":1613089125,"path_taken":["M","M","M","$","M","R","E","R","T","E","M","R","E","M","R","BOSS","M","?","M","?","$","R","E","R","T","R","M","?","E","M","R","BOSS","M","?","$","?","?","R","M","E","T","R","?","R","M","?","R","BOSS"],"items_purchased_type":["Relic","Relic","Card","Relic"],"build_version":"2020-12-22","purchased_purges":1,"victory":true,"max_hp_per_floor":[72,72,72,72,72,72,72,72,72,72,72,72,72,72,72,72,72,72,72,72,72,72,72,72,72,72,72,72,72,72,72,72,72,72,72,72,72,82,82,82,82,82,82,82,82,82,82,82,82,82],"relic_stats":{"counters":[23,88],"Eternal Feather":81,"Yang":[134],"Juzu Bracelet":1,"War Paint":["Defend_P","Defend_P"],"Boot":[4],"Blood Vial":29,"Nunchaku":[3],"Shuriken":[37],"Snecko Eye":[91,98,124,104],"MealTicket":30,"obtain_stats":[{"Oddly Smooth Stone":10,"Eternal Feather":24,"Yang":26,"Juzu Bracelet":30,"Incense Burner":36,"War Paint":9,"Boot":48,"ClockworkSouvenir":4,"Blood Vial":7,"Nunchaku":42,"Shuriken":22,"Snecko Eye":17,"HolyWater":34,"MealTicket":13,"Bag of Marbles":37,"Red Mask":45,"PureWater":0,"InkBottle":43,"Pocketwatch":21},{"Oddly Smooth Stone":6,"Eternal Feather":13,"Yang":13,"Juzu Bracelet":15,"Incense Burner":19,"War Paint":5,"Boot":22,"ClockworkSouvenir":3,"Blood Vial":5,"Nunchaku":21,"Shuriken":12,"Snecko Eye":10,"HolyWater":17,"MealTicket":8,"Bag of Marbles":19,"Red Mask":21,"PureWater":0,"InkBottle":21,"Pocketwatch":12},{"Oddly Smooth Stone":19,"Eternal Feather":41,"Yang":41,"Juzu Bracelet":49,"Incense Burner":67,"War Paint":15,"Boot":80,"ClockworkSouvenir":9,"Blood Vial":15,"Nunchaku":75,"Shuriken":38,"Snecko Eye":32,"HolyWater":60,"MealTicket":25,"Bag of Marbles":67,"Red Mask":75,"PureWater":0,"InkBottle":75,"Pocketwatch":38}],"InkBottle":[6],"Pocketwatch":[8]},"card_choices":[{"not_picked":["Evaluate","Prostrate"],"picked":"FlurryOfBlows","floor":1},{"not_picked":["Prostrate","PathToVictory"],"picked":"CrushJoints","floor":2},{"not_picked":["Nirvana","Evaluate"],"picked":"BattleHymn","floor":3},{"not_picked":["Meditate","FlurryOfBlows"],"picked":"TalkToTheHand","floor":5},{"not_picked":["CrushJoints","Nirvana"],"picked":"Consecrate","floor":7},{"not_picked":["DeceiveReality","FollowUp","Weave"],"picked":"SKIP","floor":10},{"not_picked":["Omniscience","Study"],"picked":"EmptyMind","floor":11},{"not_picked":["FollowUp","EmptyBody"],"picked":"LikeWater","floor":13},{"not_picked":["PathToVictory","CrushJoints"],"picked":"EmptyFist","floor":14},{"not_picked":["MasterReality","Scrawl"],"picked":"Establishment","floor":16},{"not_picked":["ThirdEye+1","SashWhip+1"],"picked":"CutThroughFate","floor":18},{"not_picked":["ConjureBlade","BowlingBash"],"picked":"FollowUp+1","floor":20},{"not_picked":["ClearTheMind","Consecrate","ThirdEye+1"],"picked":"SKIP","floor":24},{"not_picked":["JustLucky","Nirvana","CutThroughFate"],"picked":"SKIP","floor":28},{"not_picked":["SandsOfTime","WreathOfFlame"],"picked":"Protect","floor":30},{"not_picked":["PathToVictory","Indignation","SignatureMove+1"],"picked":"SKIP","floor":31},{"not_picked":["Alpha","Devotion"],"picked":"Blasphemy","floor":33},{"not_picked":["WreathOfFlame","Halt","Consecrate"],"picked":"SKIP","floor":35},{"not_picked":["Fasting2","Indignation"],"picked":"Adaptation+1","floor":36},{"not_picked":["CarveReality","Halt"],"picked":"Tantrum+1","floor":41},{"not_picked":["FlurryOfBlows+1","Consecrate","EmptyBody+1"],"picked":"SKIP","floor":42},{"not_picked":["Sanctity+1","BowlingBash"],"picked":"TalkToTheHand","floor":47}],"player_experience":809150,"relics_obtained":[{"floor":7,"key":"Blood Vial"},{"floor":9,"key":"War Paint"},{"floor":10,"key":"Oddly Smooth Stone"},{"floor":13,"key":"MealTicket"},{"floor":24,"key":"Eternal Feather"},{"floor":26,"key":"Yang"},{"floor":30,"key":"Juzu Bracelet"},{"floor":36,"key":"Incense Burner"},{"floor":42,"key":"Nunchaku"},{"floor":43,"key":"InkBottle"},{"floor":48,"key":"Boot"}],"event_choices":[{"damage_healed":0,"gold_gain":0,"player_choice":"Joined the Cult","damage_taken":6,"max_hp_gain":0,"max_hp_loss":0,"event_name":"Nest","floor":19,"gold_loss":0,"cards_obtained":["RitualDagger"]},{"damage_healed":0,"gold_gain":0,"player_choice":"Opened","damage_taken":0,"relics_obtained":["Pocketwatch"],"max_hp_gain":0,"max_hp_loss":0,"event_name":"The Mausoleum","floor":21,"gold_loss":0,"cards_obtained":["Writhe"]},{"cards_removed":["Writhe"],"damage_healed":0,"gold_gain":0,"player_choice":"Elegance","damage_taken":0,"max_hp_gain":0,"max_hp_loss":0,"event_name":"Back to Basics","floor":29,"gold_loss":0},{"damage_healed":0,"gold_gain":0,"player_choice":"Fight","damage_taken":0,"max_hp_gain":0,"max_hp_loss":0,"event_name":"Mysterious Sphere","floor":36,"gold_loss":0},{"cards_removed":["Blasphemy"],"damage_healed":10,"gold_gain":0,"player_choice":"Offered Rare","damage_taken":0,"max_hp_gain":10,"max_hp_loss":0,"event_name":"Bonfire Elementals","floor":38,"gold_loss":0},{"damage_healed":0,"gold_gain":0,"player_choice":"Memory 1","damage_taken":0,"max_hp_gain":0,"max_hp_loss":0,"event_name":"SensoryStone","floor":39,"gold_loss":0},{"damage_healed":0,"gold_gain":0,"player_choice":"Paid","damage_taken":0,"relics_obtained":["Red Mask"],"max_hp_gain":0,"max_hp_loss":0,"event_name":"Tomb of Lord Red Mask","floor":45,"gold_loss":137}],"is_beta":false,"boss_relics":[{"not_picked":["Velvet Choker","Empty Cage"],"picked":"Snecko Eye"},{"not_picked":["Calling Bell","VioletLotus"],"picked":"HolyWater"}],"items_purged_floors":[37],"is_endless":false,"potions_floor_spawned":[3,5,10,11,18,24,30,31,33,36,42],"ascension_level":4}}