{"host":"5m2js577gj4e7pak","time":1613137359,"event":{"mods":["AchievementEnabler","BaseMod","Better Match","Better Note","Better Third Choice","BetterRewards","Colored Map","Colored Powertips","Highlight Path","Lobotomy","LobotomyExtend","Minty Spire (QoL Compilation)","Quick Restart","Relic Filter","Spicy Shops","StSLib"],"gold_per_floor":[114,114,114,289,307,340,340,340,340,18,293,311,338,7,7,105,105,105,120,139,139,159,194,194,206,206,19,46,59,59,94,94,196,196,211,225,225,225],"floor_reached":37,"language":"ENG","playtime":1455,"items_purged":[],"score":534,"play_id":"0c0bfdac-7776-485a-950d-0870c2ddf94c","local_time":"20210212144239","is_ascension_mode":true,"campfire_choices":[],"circlet_count":0,"master_deck":["Funeral","Woodsman","SpecialBullet","SpecialBullet","SpecialBullet","SpecialBullet","SpecialBullet","SpecialBullet","SpecialBullet","SpecialBullet","InformationCode","SecurityCode","PunishingBird","Burn","Moonlight","ShyLook","Spore+1","Unload","ShedSkin+1","Tough","Soda+1","LittleHelper","ShedSkin","Reverberation","Tough","BloodyDesire+1","RapturousDream","CrimsonScar","GrinderMk4+1","OSAHOGD","SomewhereSpear+1","TT2Protocol","TrainingCode","CUTE+1","ExtractionCode","GoldRush","SwordSharpenedByTears","DespairKnight","RedEyes+1"],"relics":["CogitoBucket","NeowsBlessing","LetterFromLob","HornCleat","Bag of Preparation","Omamori","Mummified Hand","Logging_r","Mercury Hourglass","Ice Cream","Coffee Dripper","ShedSkin_r","Moonlight_r","LuminousBracelet","War Paint","Eternal Feather","Chemical X","SolemnVow_r","Potion Belt","Kunai","Black Star"],"acts_visited":["Exordium","TheCity","TheBeyond"],"potions_floor_usage":[12,19,19,29,37],"damage_taken":[{"damage":0,"enemies":"Small Slimes","floor":1,"turns":1},{"damage":0,"enemies":"2 Louse","floor":5,"turns":1},{"damage":0,"enemies":"Gremlin Nob","floor":6,"turns":1},{"damage":0,"enemies":"Jaw Worm","floor":12,"turns":4},{"damage":0,"enemies":"3 Sentries","floor":13,"turns":2},{"damage":36,"enemies":"Hexaghost","floor":16,"turns":9},{"damage":26,"enemies":"Chosen","floor":19,"turns":11},{"damage":5,"enemies":"Shell Parasite","floor":20,"turns":4},{"damage":8,"enemies":"3 Cultists","floor":22,"turns":5},{"damage":15,"enemies":"Book of Stabbing","floor":23,"turns":4},{"damage":1,"enemies":"Chosen and Byrds","floor":25,"turns":4},{"damage":23,"enemies":"Gremlin Leader","floor":28,"turns":4},{"damage":22,"enemies":"Snake Plant","floor":29,"turns":9},{"damage":28,"enemies":"Book of Stabbing","floor":31,"turns":3},{"damage":40,"enemies":"Automaton","floor":33,"turns":8},{"damage":0,"enemies":"Orb Walker","floor":35,"turns":2},{"damage":0,"enemies":"3 Darklings","floor":36,"turns":2},{"damage":99,"enemies":"Sphere and 2 Shapes","floor":37,"turns":1}],"seed_played":"8907576663610269271","potions_obtained":[{"floor":1,"key":"SmokeBomb"},{"floor":5,"key":"DuplicationPotion"},{"floor":13,"key":"SkillPotion"},{"floor":16,"key":"Energy Potion"},{"floor":22,"key":"Fire Potion"},{"floor":23,"key":"FearPotion"},{"floor":29,"key":"DistilledChaos"},{"floor":33,"key":"Energy Potion"},{"floor":35,"key":"Fire Potion"},{"floor":36,"key":"AttackPotion"}],"is_trial":false,"path_per_floor":["M","?","?","?","M","E","R","?","T","$","?","M","E","$","R","B",null,"M","M","M","?","M","E","R","M","T","$","E","M","R","E","R","B",null,"M","M","M"],"character_chosen":"Angela","items_purchased":["Mummified Hand","ShedSkin","Apotheosis","Ice Cream","Chemical X","CrimsonScar"],"campfire_rested":0,"item_purchase_floors":[10,10,14,14,27,27],"current_hp_per_floor":[70,70,70,70,70,70,70,61,61,61,61,70,70,70,70,59,70,15,54,79,79,85,85,85,85,85,85,85,75,75,75,75,75,75,75,75,0,0],"gold":225,"neow_bonus":"THREE_ENEMY_KILL","is_daily":false,"chose_seed":false,"campfire_upgraded":0,"win_rate":0.0,"timestamp":1613137359,"path_taken":["M","?","?","?","?","E","R","?","T","?","?","M","E","$","R","BOSS","M","?","M","?","M","E","R","M","T","$","E","M","R","E","R","BOSS","M","M","M"],"items_purchased_type":["Relic","Card","Card","Relic","Relic","Card"],"build_version":"2020-12-22","purchased_purges":0,"victory":false,"max_hp_per_floor":[70,70,70,70,70,70,70,70,70,70,70,70,70,70,70,70,70,70,85,85,85,85,85,85,85,85,85,85,75,75,75,75,75,75,75,75,75,75],"card_choices":[{"not_picked":["UniverseFragment","SnowQueen"],"picked":"PunishingBird","floor":1},{"not_picked":["FourthMatchFlame","Laetitia_ego"],"picked":"SKIP","floor":1},{"not_picked":["DreamingCurrent","OldLady"],"picked":"Woodsman","floor":5},{"not_picked":["Tough"],"picked":"Moonlight","floor":5},{"not_picked":["Wellcheers","Bloodbath"],"picked":"ShyLook","floor":6},{"not_picked":["Regret_ego"],"picked":"Spore","floor":6},{"not_picked":["SolemnVow"],"picked":"Tough","floor":12},{"not_picked":["MeatLantern","SpiderBud"],"picked":"QueenOfHatred","floor":13},{"not_picked":["TodaysExpression"],"picked":"Soda","floor":13},{"not_picked":["TheSmile"],"picked":"DaCapo","floor":16},{"not_picked":["HappyTeddy","LaLuna"],"picked":"LittleHelper","floor":19},{"not_picked":["Laetitia_ego"],"picked":"ShedSkin","floor":19},{"not_picked":["LifeForTheDareDevil"],"picked":"Reverberation","floor":20},{"not_picked":["MeatLantern","WallGazer"],"picked":"SnowQueen","floor":22},{"not_picked":["TheSmile"],"picked":"Tough","floor":22},{"not_picked":["GreedKing","VoidDream"],"picked":"Funeral","floor":23},{"not_picked":["Tough"],"picked":"BloodyDesire+1","floor":23},{"not_picked":["SolemnVow+1"],"picked":"RapturousDream","floor":25},{"not_picked":["SwordSharpenedByTears"],"picked":"GrinderMk4+1","floor":28},{"not_picked":["Variant","Murderer"],"picked":"OSAHOGD","floor":28},{"not_picked":["CherryBlossom"],"picked":"SomewhereSpear+1","floor":29},{"not_picked":["Pleasure"],"picked":"CUTE+1","floor":31},{"not_picked":["Bloodbath","SnowQueen"],"picked":"Mercenary","floor":33},{"not_picked":["Adoration"],"picked":"GoldRush","floor":33},{"not_picked":["RapturousDream+1"],"picked":"SwordSharpenedByTears","floor":35},{"not_picked":["MHz","BlackSwan"],"picked":"DespairKnight","floor":36},{"not_picked":["RapturousDream"],"picked":"RedEyes+1","floor":36}],"player_experience":70665,"relics_obtained":[{"floor":1,"key":"LetterFromLob"},{"floor":6,"key":"HornCleat"},{"floor":9,"key":"Omamori"},{"floor":13,"key":"Mercury Hourglass"},{"floor":23,"key":"War Paint"},{"floor":26,"key":"Eternal Feather"},{"floor":28,"key":"Potion Belt"},{"floor":31,"key":"Kunai"}],"event_choices":[{"damage_healed":70,"gold_gain":0,"player_choice":"Embrace Burn","damage_taken":0,"max_hp_gain":0,"max_hp_loss":70,"event_name":"betterThird:BetterShining","floor":2,"gold_loss":0},{"damage_healed":0,"gold_gain":175,"player_choice":"AGREE","damage_taken":114,"max_hp_gain":0,"max_hp_loss":0,"event_name":"betterThird:BetterSerpent","floor":4,"gold_loss":0},{"damage_healed":0,"gold_gain":275,"player_choice":"Desecrate","damage_taken":0,"max_hp_gain":0,"max_hp_loss":0,"event_name":"Golden Shrine","floor":11,"gold_loss":0,"cards_obtained":["Regret"]},{"cards_removed":["InformationCode"],"damage_healed":0,"gold_gain":0,"player_choice":"Give","damage_taken":0,"max_hp_gain":0,"max_hp_loss":0,"event_name":"betterNote:BetterNote","floor":21,"gold_loss":0,"cards_obtained":["None"]}],"is_beta":false,"boss_relics":[{"not_picked":["Empty Cage","Runic Dome"],"picked":"Coffee Dripper"},{"not_picked":["Fusion Hammer","Astrolabe"],"picked":"Black Star"}],"items_purged_floors":[],"is_endless":false,"potions_floor_spawned":[1,5,13,16,22,23,29,33,35,36],"killed_by":"Sphere and 2 Shapes","ascension_level":1}}