{"host":"Ringo","time":1613130585,"event":{"mods":["BaseMod","Colored Map","Conspire","Dota2Spire","Hubris","Minty Spire (QoL Compilation)","Replay The Spire","StSLib","The Construct","[IsaacMod]ÒÔÈö¼âËþ","¡¾ÒÅÎï¿¨ÅÆ¡¿REMEMod"],"gold_per_floor":[116,136,159,221,252,297,338,384,421,468,513,852,893,930,942,1033,1045,1077,505,515,547,573,600,625,656,679,704,729,760,787,817,817,892,892,909,934,542,41,41,110,210,294,343,436,436,518,607,607,607,695,747],"floor_reached":52,"language":"ZHS","playtime":1789,"items_purged":[],"score":4013,"play_id":"b4b6a302-0792-4c6b-9bf6-9a4cc9b7f3d8","local_time":"20210212194945","daily_mods":["SealedDeck","Vintage","Red Cards","Green Cards","Colorless Cards","Heirloom","Time Dilation","Flight","DeadlyEvents","Elite Swarm","Lethality","Binary"],"is_ascension_mode":true,"campfire_choices":[{"data":"REME_Fury","floor":15,"key":"SMITH"},{"data":"Armaments","floor":32,"key":"SMITH"},{"data":"Master of Strategy","floor":45,"key":"SMITH"},{"data":"ReplayTheSpireMod:LeadingStrike","floor":49,"key":"SMITH"}],"circlet_count":0,"master_deck":["AscendersBane","Uppercut+1","Panacea+1","hubris:ReadiedAction+1","Hidden Blade+1","Iron Wave+1","Armaments+1","conspire:DoublingDagger+1","ReplayTheSpireMod:LeadingStrike+1","REME_Fury+1","Cleave+1","Master of Strategy+1","hubris:StunningStrike+1","REME_FearOfPain+1","Pummel+1","LessonLearned+1","Dark Embrace+1","Blade Dance","Deflect+1"],"relics":["Burning Blood","Busted Crown","HushsDoor","REME_ComplimentaryCards","replay:Trail_Library","Unceasing Top","DeadEye","MealTicket","MawBank","Singing Bowl","Molten Egg 2","ReplayTheSpireMod:TigerMarble","Orichalcum","Dota2Spire:ShadowBlade","ReplayTheSpireMod:Lightbulb","Replay:Wax Seal","King of Hearts","Ancient Tea Set","Gremlin Food","Old Coin","Vajra","Frozen Egg 2","SlaversCollar","Dota2Spire:LinkenSphere","Happy Flower","HandDrill","Pen Nib","Anchor","Red Mask","Dota2Spire:DrumOfEndurance","Blue Candle","HowToJump","Shuriken","Regal Pillow","hubris:DisguiseKit","REME_LimitBreaker","DoctorsRemote","Sundial","Du-Vu Doll","MagicMushroom","CaptainsWheel","Mummified Hand","Sling","Replay:Bandana","hubris:ToyBattleship","hubris:Icosahedron","PillsDrop","Strawberry","D6","Dota2Spire:Vanguard","Dota2Spire:ArcaneBoots","Dota2Spire:AssaultCuirass","Dota2Spire:PowerTreads"],"acts_visited":["Exordium","TheCity","TheBeyond"],"potions_floor_usage":[4,7,8,11,16,16,29,33,33,44,51,51],"damage_taken":[{"damage":1,"enemies":"2 Louse","floor":1,"turns":2},{"damage":0,"enemies":"Cultist","floor":2,"turns":2},{"damage":0,"enemies":"Jaw Worm","floor":3,"turns":1},{"damage":0,"enemies":"Hiden Room Battle","floor":4,"turns":1},{"damage":0,"enemies":"2 Fungi Beasts","floor":5,"turns":1},{"damage":0,"enemies":"Gremlin Nob","floor":6,"turns":2},{"damage":0,"enemies":"Lagavulin","floor":7,"turns":2},{"damage":0,"enemies":"Replay:BlueRogue","floor":8,"turns":2},{"damage":0,"enemies":"Gremlin Nob","floor":10,"turns":2},{"damage":7,"enemies":"3 Sentries","floor":11,"turns":4},{"damage":4,"enemies":"Replay:BlueRogue","floor":12,"turns":2},{"damage":0,"enemies":"Gremlin Nob","floor":13,"turns":2},{"damage":1,"enemies":"Replay:BlueRogue","floor":14,"turns":2},{"damage":0,"enemies":"Hexaghost","floor":16,"turns":1},{"damage":6,"enemies":"Spheric Guardian","floor":18,"turns":2},{"damage":13,"enemies":"3 Byrds","floor":20,"turns":2},{"damage":0,"enemies":"Masked Bandits","floor":21,"turns":2},{"damage":0,"enemies":"Gremlin Leader","floor":23,"turns":2},{"damage":7,"enemies":"conspire:Head Lice","floor":24,"turns":2},{"damage":6,"enemies":"conspire:SneckoGhost","floor":25,"turns":1},{"damage":1,"enemies":"Replay:Snechameleon","floor":27,"turns":2},{"damage":5,"enemies":"conspire:Head Lice","floor":28,"turns":2},{"damage":3,"enemies":"Book of Stabbing","floor":29,"turns":2},{"damage":0,"enemies":"Gremlin Leader","floor":30,"turns":1},{"damage":0,"enemies":"Book of Stabbing","floor":31,"turns":1},{"damage":1,"enemies":"Collector","floor":33,"turns":1},{"damage":0,"enemies":"3 Shapes","floor":35,"turns":2},{"damage":0,"enemies":"Mind Bloom Boss Battle","floor":36,"turns":1},{"damage":0,"enemies":"R_Hoarder","floor":40,"turns":1},{"damage":0,"enemies":"Giant Head","floor":41,"turns":2},{"damage":0,"enemies":"R_Hoarder","floor":42,"turns":2},{"damage":0,"enemies":"Giant Head","floor":44,"turns":3},{"damage":0,"enemies":"R_Hoarder","floor":46,"turns":2},{"damage":0,"enemies":"Nemesis","floor":47,"turns":3},{"damage":0,"enemies":"Awakened One","floor":50,"turns":2},{"damage":0,"enemies":"hubris:GrandSnecko","floor":51,"turns":2}],"seed_played":"1597695486772013712","potions_obtained":[{"floor":2,"key":"LifebloodPotion"},{"floor":5,"key":"Adrenaline Potion"},{"floor":7,"key":"LifebloodPotion"},{"floor":8,"key":"ColorlessPotion"},{"floor":10,"key":"Dota2Spire:HealingSalve"},{"floor":12,"key":"Toxic Potion"},{"floor":13,"key":"Strength Potion"},{"floor":20,"key":"DistilledChaos"},{"floor":24,"key":"ColorlessPotion"},{"floor":31,"key":"Doom Potion"},{"floor":33,"key":"EssenceOfSteel"},{"floor":35,"key":"PowerPotion"},{"floor":46,"key":"Venom Potion"}],"is_trial":true,"path_per_floor":["M","M","M","?","M","E","E","E","T","E","E","E","E","E","R","B",null,"M","$","M","?","T","E","E","E","T","E","E","E","E","E","R","B",null,"M","?","$","$","?","E","E","E","T","E","R","E","E","?","R","B","B",null],"character_chosen":"IRONCLAD","items_purchased":["Master of Strategy","hubris:StunningStrike+1","Happy Flower","HandDrill","Pen Nib","REME_FearOfPain+1","Mummified Hand","Dark Embrace+1","Blade Dance","Sling","Replay:Bandana","hubris:ToyBattleship"],"campfire_rested":0,"item_purchase_floors":[17,17,19,19,19,19,37,37,37,38,38,38],"current_hp_per_floor":[73,75,75,75,75,75,75,75,75,75,74,75,75,75,75,75,66,66,66,59,65,65,66,65,65,65,66,66,68,70,72,72,74,81,81,83,83,83,83,85,94,96,96,98,98,100,102,102,102,102,102],"gold":747,"neow_bonus":"","is_daily":false,"chose_seed":false,"campfire_upgraded":4,"win_rate":0.0,"timestamp":1613130585,"path_taken":["M","M","M","?","?","E","E","E","T","E","?","E","E","E","R","BOSS","M","$","M","?","?","E","E","E","T","E","E","E","E","E","R","BOSS","M","?","$","$","?","E","E","E","T","E","R","?","E","?","R","BOSS","BOSS"],"items_purchased_type":["Card","Card","Relic","Relic","Relic","Card","Relic","Card","Card","Relic","Relic","Relic"],"build_version":"2020-12-18","purchased_purges":0,"victory":true,"max_hp_per_floor":[75,75,75,75,75,75,75,75,75,75,75,75,75,75,75,75,66,66,66,66,66,66,66,66,66,66,66,66,68,70,72,72,74,81,81,83,83,83,83,85,94,96,96,98,98,100,102,102,102,102,102],"card_choices":[{"not_picked":[],"picked":"Bomb","floor":0},{"not_picked":[],"picked":"LessonLearned","floor":28},{"not_picked":["Alpha"],"picked":"Singing Bowl","floor":29},{"not_picked":["DevaForm"],"picked":"Singing Bowl","floor":30},{"not_picked":["Vault"],"picked":"Singing Bowl","floor":31},{"not_picked":["Devotion"],"picked":"Singing Bowl","floor":33},{"not_picked":["EmptyMind"],"picked":"Singing Bowl","floor":36},{"not_picked":["Devotion"],"picked":"Singing Bowl","floor":40},{"not_picked":["Brilliance"],"picked":"Singing Bowl","floor":41},{"not_picked":["SpiritShield"],"picked":"Singing Bowl","floor":42},{"not_picked":["REME_EmptyShield"],"picked":"Singing Bowl","floor":44},{"not_picked":["DevaForm"],"picked":"Singing Bowl","floor":46},{"not_picked":["ConjureBlade"],"picked":"Singing Bowl","floor":47}],"player_experience":679418,"relics_obtained":[{"floor":1,"key":"MealTicket"},{"floor":2,"key":"MawBank"},{"floor":3,"key":"Singing Bowl"},{"floor":4,"key":"Molten Egg 2"},{"floor":4,"key":"ReplayTheSpireMod:TigerMarble"},{"floor":5,"key":"Orichalcum"},{"floor":6,"key":"Dota2Spire:ShadowBlade"},{"floor":7,"key":"ReplayTheSpireMod:Lightbulb"},{"floor":8,"key":"Replay:Wax Seal"},{"floor":9,"key":"King of Hearts"},{"floor":10,"key":"Ancient Tea Set"},{"floor":11,"key":"Gremlin Food"},{"floor":12,"key":"Old Coin"},{"floor":13,"key":"Vajra"},{"floor":14,"key":"Frozen Egg 2"},{"floor":18,"key":"Dota2Spire:LinkenSphere"},{"floor":20,"key":"Anchor"},{"floor":21,"key":"Red Mask"},{"floor":22,"key":"Dota2Spire:DrumOfEndurance"},{"floor":23,"key":"Blue Candle"},{"floor":24,"key":"HowToJump"},{"floor":25,"key":"Shuriken"},{"floor":26,"key":"Regal Pillow"},{"floor":27,"key":"hubris:DisguiseKit"},{"floor":28,"key":"REME_LimitBreaker"},{"floor":29,"key":"DoctorsRemote"},{"floor":30,"key":"Sundial"},{"floor":31,"key":"Du-Vu Doll"},{"floor":36,"key":"CaptainsWheel"},{"floor":40,"key":"PillsDrop"},{"floor":41,"key":"Strawberry"},{"floor":42,"key":"D6"},{"floor":43,"key":"Dota2Spire:Vanguard"},{"floor":44,"key":"Dota2Spire:ArcaneBoots"},{"floor":46,"key":"Dota2Spire:AssaultCuirass"},{"floor":47,"key":"Dota2Spire:PowerTreads"}],"event_choices":[{"damage_healed":0,"gold_gain":0,"player_choice":"Fight","damage_taken":0,"max_hp_gain":0,"max_hp_loss":0,"event_name":"HidenRoomEvent","floor":4,"gold_loss":0},{"damage_healed":0,"gold_gain":0,"player_choice":"Fought Bandits","damage_taken":0,"max_hp_gain":0,"max_hp_loss":0,"event_name":"Masked Bandits","floor":21,"gold_loss":0},{"damage_healed":0,"gold_gain":0,"player_choice":"Fight","damage_taken":0,"max_hp_gain":0,"max_hp_loss":0,"event_name":"MindBloom","floor":36,"gold_loss":0},{"cards_removed":["Thunderclap"],"damage_healed":0,"gold_gain":0,"player_choice":"Removed Attack","damage_taken":0,"max_hp_gain":0,"max_hp_loss":0,"event_name":"Falling","floor":48,"gold_loss":0}],"is_beta":true,"boss_relics":[{"not_picked":["hubris:BlackHole","Astrolabe"],"picked":"SlaversCollar"},{"not_picked":[]},{"not_picked":["Replay:Ancient Bell","conspire:SpecialSausage"],"picked":"MagicMushroom"},{"not_picked":[]}],"items_purged_floors":[],"is_endless":false,"potions_floor_spawned":[2,5,7,8,10,12,13,20,24,27,31,33,35,40,46],"ascension_level":20}}