{"host":"s0ikvqhe10eopvjn","time":1613164376,"event":{"mods":["Act Like it!","Bard","BaseMod","Better Third Choice","Block Reminder","Colored Map","Colored Powertips","DeckTracker","Downfall","GifTheSpireLib","Halation","Hallownest","Hermit","Highlight Path","Hubris","Infinite Spire","Mad Scientist","Minty Spire (QoL Compilation)","Permanent Neow","Random Character Button","StSLib","The Blue Laboratory","The Bug Knight","The Construct","The Cursed","The Disciple","The Marked","The Necromancer","The Poker Player","The Runesmith","The Servant 0.9.4"],"gold_per_floor":[99,118,118,136,147,163,188,198,228,247,147,147,147,165,176,279,279,279,289,289,309,309,309,334,346,346,346,364,364,264,280,293,394,394,394,413,423,435,8,22,67,102,121,21,121,135,135,154,174,174,174,174,174,174],"floor_reached":52,"language":"ENG","playtime":3979,"items_purged":[],"score":669,"play_id":"a5a5a1f9-f8f2-4593-b2d5-3f554100b48e","local_time":"20210212211256","is_ascension_mode":false,"campfire_choices":[{"floor":1.0,"key":"RECALL"},{"data":"Slimebound:Split","floor":11.0,"key":"SMITH"},{"data":"Slimebound:Split","floor":13.0,"key":"SMITH"},{"data":"Slimebound:Teamwork","floor":18.0,"key":"SMITH"},{"data":"Slimebound:DivideAndConquer","floor":30.0,"key":"SMITH"},{"data":"Slimebound:DuplicatedForm","floor":35.0,"key":"SMITH"},{"data":"Slimebound:PrepareCrush","floor":44.0,"key":"SMITH"},{"data":"Slimebound:AcidTongue","floor":47.0,"key":"SMITH"}],"circlet_count":0,"master_deck":["Slimebound:Strike_Slimebound","Slimebound:Strike_Slimebound","Slimebound:Strike_Slimebound","Slimebound:Tackle","Slimebound:Defend_Slimebound","Slimebound:Defend_Slimebound","Slimebound:Defend_Slimebound","Slimebound:Defend_Slimebound","Slimebound:Split+1","Slimebound:CorrosiveSpit+1","Slimebound:SpikyOuterGoop","Slimebound:Split+1","Slimebound:Schlurp","Slimebound:ComboTackle","Slimebound:SlimeTap","Slimebound:AcidTongue+1","Slimebound:Gluttony","Slimebound:OozeBath","Slimebound:DivideAndConquer+1","Slimebound:ItLooksTasty","Slimebound:Teamwork+1","Slimebound:Repurpose","Slimebound:TongueLash","infinitespire:Starlight","Slimebound:GoopTackle","Slimebound:MinionMaster","Slimebound:PrepareCrush+1","Slimebound:SplitLeeching","Slimebound:DuplicatedForm+1","Slimebound:ViciousTackle+1","Slimebound:LivingWall","Slimebound:MassFeed","Slimebound:PressTheAttack+1","Slimebound:FinishingTackle+1"],"relics":["Slimebound:AbsorbEndCombat","Runesmith:AutoHammer","Oddly Smooth Stone","downfall:HeartBlessingRed","hubris:Towel","hubris:ScarierMask","hubris:Potato","construct:ClawGrip","halation:PinkSoulGem","Singing Bowl","downfall:HeartBlessingBlue","infinitespire:Cupcake","Runesmith:Nanobots","Slimebound:AggressiveSlimeRelic","Centennial Puzzle","downfall:HeartBlessingGreen","downfall:GremlinWheel"],"acts_visited":["Exordium","TheCity","TheBeyond","TheEnding"],"potions_floor_usage":[],"damage_taken":[{"damage":9.0,"enemies":"2 Louse","floor":2.0,"turns":3.0},{"damage":10.0,"enemies":"infinitespire:Voidling","floor":4.0,"turns":5.0},{"damage":8.0,"enemies":"Jaw Worm","floor":5.0,"turns":3.0},{"damage":17.0,"enemies":"Lots of Slimes","floor":6.0,"turns":5.0},{"damage":0.0,"enemies":"Blue Slaver","floor":8.0,"turns":4.0},{"damage":16.0,"enemies":"HollowMod:MossKnight","floor":9.0,"turns":7.0},{"damage":11.0,"enemies":"Large Slime","floor":10.0,"turns":4.0},{"damage":36.0,"enemies":"Gremlin Gang","floor":14.0,"turns":4.0},{"damage":4.0,"enemies":"3 Louse","floor":15.0,"turns":3.0},{"damage":6.0,"enemies":"SI_SHIV_ARCHETYPE","floor":16.0,"turns":6.0},{"damage":8.0,"enemies":"Chosen","floor":19.0,"turns":4.0},{"damage":14.0,"enemies":"Snecko","floor":21.0,"turns":5.0},{"damage":7.0,"enemies":"Shelled Parasite and Fungi","floor":25.0,"turns":4.0},{"damage":0.0,"enemies":"3 Cultists","floor":28.0,"turns":4.0},{"damage":24.0,"enemies":"Centurion and Healer","floor":31.0,"turns":3.0},{"damage":0.0,"enemies":"Snecko","floor":32.0,"turns":2.0},{"damage":68.0,"enemies":"WA_ARCHETYPE_CALM","floor":33.0,"turns":9.0},{"damage":5.0,"enemies":"3 Darklings","floor":36.0,"turns":3.0},{"damage":20.0,"enemies":"3 Shapes","floor":37.0,"turns":3.0},{"damage":15.0,"enemies":"Jaw Worm Horde","floor":38.0,"turns":3.0},{"damage":4.0,"enemies":"downfall:FleeingMerchant","floor":39.0,"turns":4.0},{"damage":54.0,"enemies":"Transient","floor":40.0,"turns":5.0},{"damage":9.0,"enemies":"Nemesis","floor":42.0,"turns":9.0},{"damage":0.0,"enemies":"Sphere and 2 Shapes","floor":43.0,"turns":3.0},{"damage":0.0,"enemies":"Sphere and 2 Shapes","floor":45.0,"turns":2.0},{"damage":0.0,"enemies":"3 Darklings","floor":46.0,"turns":3.0},{"damage":7.0,"enemies":"Spire Growth","floor":48.0,"turns":3.0},{"damage":0.0,"enemies":"Jaw Worm Horde","floor":49.0,"turns":2.0},{"damage":105.0,"enemies":"DF_ARCHETYPE_ORBS","floor":50.0,"turns":14.0},{"damage":101,"enemies":"downfall:CharBossMerchant","floor":52,"turns":7}],"seed_played":"-8261726945107680325","potions_obtained":[{"floor":2.0,"key":"ColorlessPotion"},{"floor":6.0,"key":"blueLaboratory:Moonshine"},{"floor":8.0,"key":"Slimebound:SlimedPotion"},{"floor":10.0,"key":"blueLaboratory:AbyssPotion"},{"floor":15.0,"key":"blueLaboratory:SavagePotion"},{"floor":21.0,"key":"blueLaboratory:Moonshine"},{"floor":28.0,"key":"blueLaboratory:ArtificerPotion"},{"floor":38.0,"key":"EssenceOfSteel"},{"floor":40.0,"key":"PowerPotion"},{"floor":46.0,"key":"blueLaboratory:LouseDecoction"},{"floor":48.0,"key":"blueLaboratory:FrostheartPotion"}],"is_trial":false,"path_per_floor":["R","M","?","M","M","M","T","M","E","M","R","?","R","M","M","B",null,"R","M","?","M","AVR","?","T","M","?","T","M","?","R","M","M","B",null,"R","M","M","M","$","M","T","E","M","R","?","M","R","M","M","B",null,"E"],"character_chosen":"SLIMEBOUND","items_purchased":["Runesmith:Nanobots","Slimebound:MassFeed"],"campfire_rested":0,"item_purchase_floors":[39,39],"current_hp_per_floor":[65,60,60,58,56,47,47,53,45,38,38,38,38,10,8,10,65,65,58,58,52,52,52,52,63,63,63,67,67,77,59,63,13,77,77,74,58,47,63,29,29,53,69,69,69,87,87,84,89,2,89,0,0,0],"gold":174,"neow_bonus":"RANDOM_COMMON_RELIC","is_daily":false,"chose_seed":false,"campfire_upgraded":7,"win_rate":0.0,"timestamp":1613164376,"path_taken":["R","M","?","M","M","M","T","M","E","?","R","?","R","M","M","BOSS","R","M","?","?","AVR","?","T","M","?","?","M","?","R","M","M","BOSS","R","M","?","?","$","M","T","E","M","R","?","M","R","M","M","BOSS","E"],"items_purchased_type":["Relic","Card"],"build_version":"2020-12-22","purchased_purges":0,"victory":false,"max_hp_per_floor":[65,65,65,65,65,65,65,65,65,65,65,65,65,65,65,65,65,65,65,65,65,65,65,65,65,65,65,67,67,77,77,77,77,77,77,77,77,79,81,83,83,83,85,85,85,87,87,87,89,89,89,89,89,89],"card_choices":[{"not_picked":["Slimebound:SplitLeeching","Slimebound:Dissolve"],"picked":"Slimebound:SpikyOuterGoop","floor":2.0},{"not_picked":["Slimebound:GrowthPunch","Slimebound:Equalize"],"picked":"Slimebound:Schlurp","floor":4.0},{"not_picked":["Slimebound:AcidTongue","Slimebound:FinishingTackle"],"picked":"Slimebound:ComboTackle","floor":5.0},{"not_picked":["Slimebound:LivingWall","Slimebound:GoopSpray"],"picked":"Slimebound:SlimeTap","floor":6.0},{"not_picked":["Slimebound:GoopTackle","Slimebound:ServeAndProtect"],"picked":"Slimebound:AcidTongue","floor":8.0},{"not_picked":["Slimebound:Schlurp","Slimebound:SpikyOuterGoop"],"picked":"Slimebound:Gluttony","floor":9.0},{"not_picked":["Slimebound:ForwardTackle","Slimebound:Prepare"],"picked":"Slimebound:OozeBath","floor":10.0},{"not_picked":["Slimebound:SpikyOuterGoop","Slimebound:Dissolve"],"picked":"Slimebound:DivideAndConquer","floor":14.0},{"not_picked":["Slimebound:FinishingTackle","Slimebound:ServeAndProtect"],"picked":"Slimebound:ItLooksTasty","floor":15.0},{"not_picked":["Slimebound:PrepareCrush","Slimebound:FirmFortitude"],"picked":"Slimebound:Teamwork","floor":16.0},{"not_picked":["Slimebound:Nibble","Slimebound:RejuvenatingLick"],"picked":"Slimebound:Repurpose","floor":19.0},{"not_picked":["Slimebound:RollThrough","Slimebound:SplitLeeching"],"picked":"Slimebound:TongueLash","floor":21.0},{"not_picked":["Slimebound:Overexert","Slimebound:LeadByExample"],"picked":"Slimebound:GoopTackle","floor":25.0},{"not_picked":["Slimebound:LeechEnergy","Slimebound:Gluttony+1","Slimebound:GoopSpray"],"picked":"Singing Bowl","floor":28.0},{"not_picked":["Slimebound:TongueLash","Slimebound:HauntingLick"],"picked":"Slimebound:PrepareCrush","floor":31.0},{"not_picked":["Slimebound:SamplingLick","Slimebound:SplitMire"],"picked":"Slimebound:SplitLeeching","floor":32.0},{"not_picked":["Slimebound:SelfFormingGoo","Slimebound:Overexert"],"picked":"Slimebound:DuplicatedForm","floor":33.0},{"not_picked":["Slimebound:RainOfGoop+1","Slimebound:RollThrough+1"],"picked":"Slimebound:ViciousTackle+1","floor":36.0},{"not_picked":["Slimebound:SplitAcid","Slimebound:Schlurp"],"picked":"Slimebound:LivingWall","floor":37.0},{"not_picked":["Slimebound:RollThrough+1","Slimebound:SplitBruiser+1","Slimebound:TongueLash+1"],"picked":"Singing Bowl","floor":38.0},{"not_picked":["Slimebound:Prepare+1","Slimebound:Replication+1","Slimebound:PressTheAttack"],"picked":"Singing Bowl","floor":39.0},{"not_picked":["Slimebound:SamplingLick+1","Slimebound:LeechingTouch+1","Slimebound:Schlurp+1"],"picked":"Singing Bowl","floor":40.0},{"not_picked":["Slimebound:LeechingTouch+1","Slimebound:ViciousTackle+1"],"picked":"Slimebound:PressTheAttack+1","floor":42.0},{"not_picked":["Slimebound:SplitBruiser","Slimebound:ItLooksTasty","Slimebound:SpikyOuterGoop"],"picked":"Singing Bowl","floor":43.0},{"not_picked":["Slimebound:SplitBruiser+1","Slimebound:GrowthPunch","Slimebound:TongueLash+1"],"picked":"Singing Bowl","floor":46.0},{"not_picked":["Slimebound:SplitMire+1","Slimebound:HauntingLick"],"picked":"Slimebound:FinishingTackle+1","floor":48.0},{"not_picked":["Slimebound:SlimeBrawl+1","Slimebound:TongueLash+1","Slimebound:Repurpose"],"picked":"Singing Bowl","floor":49.0}],"player_experience":319968,"relics_obtained":[{"floor":7.0,"key":"Oddly Smooth Stone"},{"floor":9.0,"key":"Ornamental Fan"},{"floor":27.0,"key":"Singing Bowl"},{"floor":41.0,"key":"Slimebound:AggressiveSlimeRelic"},{"floor":42.0,"key":"Centennial Puzzle"},{"floor":45.0,"key":"downfall:GremlinWheel"}],"event_choices":[],"is_beta":false,"boss_relics":[{"not_picked":["halation:PinkAlligatorPlush","halation:MonkeysPaw"],"picked":"hubris:ScarierMask"},{"not_picked":["hubris:TerracottaHorce","hubris:RunicObelisk"],"picked":"infinitespire:Cupcake"}],"items_purged_floors":[],"is_endless":false,"potions_floor_spawned":[2,6,8,10,15,21,28,36,38,40,46,48],"killed_by":"downfall:CharBossMerchant","ascension_level":0}}