{"host":"7sni158j623xchr2","time":1613161118,"event":{"mods":["BaseMod","Colored Map","Highlight Path","Minty Spire (QoL Compilation)","Permanent Neow","Potion Indicator Mod","Rare Cards Sparkle","Relic Sorter","Relic Stats","StSLib","everything is the same but u backflip on backflip"],"gold_per_floor":[114,39,39,114,14,14,96,127,127,160,435,435,450,625,625,625,625],"floor_reached":16,"language":"ENG","playtime":261,"items_purged":["Defend_R","Strike_R"],"score":134,"play_id":"a9fd62be-5cd0-4efe-a3c2-00c09a5627d0","local_time":"20210212141838","is_ascension_mode":true,"campfire_choices":[{"data":"Whirlwind","floor":6,"key":"SMITH"},{"data":"Shockwave","floor":12,"key":"SMITH"},{"floor":15,"key":"DIG"}],"circlet_count":0,"master_deck":["Strike_R","Strike_R","Strike_R","Strike_R","Defend_R","Defend_R","Defend_R","Bash","Whirlwind+1","Headbutt","Shockwave+1","Regret","Doubt"],"relics":["Burning Blood","HornCleat","Shovel","Mango","Incense Burner"],"acts_visited":["Exordium"],"potions_floor_usage":[8],"damage_taken":[{"damage":5,"enemies":"Small Slimes","floor":1,"turns":3},{"damage":30,"enemies":"Lagavulin","floor":8,"turns":5},{"damage":21,"enemies":"Gremlin Nob","floor":10,"turns":4},{"damage":3,"enemies":"Jaw Worm","floor":13,"turns":3},{"damage":55,"enemies":"The Guardian","floor":16,"turns":10}],"seed_played":"-3415699649843256751","potions_obtained":[{"floor":1,"key":"SneckoOil"}],"is_trial":false,"path_per_floor":["M","$","?","?","$","R","T","E","T","E","?","R","M","?","R","B"],"character_chosen":"IRONCLAD","items_purchased":[],"campfire_rested":0,"item_purchase_floors":[],"current_hp_per_floor":[80,80,85,74,74,74,74,50,50,49,49,49,52,52,52,0,0],"gold":625,"neow_bonus":"THREE_CARDS","is_daily":false,"chose_seed":false,"campfire_upgraded":2,"win_rate":0.0,"timestamp":1613161118,"path_taken":["M","$","?","?","$","R","?","E","T","E","?","R","?","?","R","BOSS"],"items_purchased_type":[],"build_version":"2020-12-22","purchased_purges":2,"victory":false,"max_hp_per_floor":[80,80,85,85,85,85,85,85,85,99,99,99,99,99,99,99,99],"relic_stats":{"Shovel":1,"counters":[5,25],"obtain_stats":[{"HornCleat":8,"Shovel":9,"Mango":10,"Incense Burner":15,"Burning Blood":0},{"HornCleat":2,"Shovel":2,"Mango":3,"Incense Burner":4,"Burning Blood":0},{"HornCleat":8,"Shovel":8,"Mango":12,"Incense Burner":15,"Burning Blood":0}],"Burning Blood":23},"card_choices":[{"not_picked":["Havoc","Sword Boomerang"],"picked":"Whirlwind","floor":0},{"not_picked":["Flame Barrier","Dual Wield"],"picked":"Headbutt","floor":1},{"not_picked":["Sword Boomerang","Anger"],"picked":"Shockwave","floor":8},{"not_picked":["Wild Strike","Iron Wave","Rampage"],"picked":"SKIP","floor":10},{"not_picked":["Clash","Havoc","Heavy Blade"],"picked":"SKIP","floor":13}],"player_experience":1788144,"relics_obtained":[{"floor":8,"key":"HornCleat"},{"floor":9,"key":"Shovel"},{"floor":10,"key":"Mango"},{"floor":15,"key":"Incense Burner"}],"event_choices":[{"damage_healed":0,"gold_gain":0,"player_choice":"Donut","damage_taken":0,"max_hp_gain":5,"max_hp_loss":0,"event_name":"Big Fish","floor":3,"gold_loss":0},{"damage_healed":0,"gold_gain":75,"player_choice":"Gather Gold","damage_taken":11,"max_hp_gain":0,"max_hp_loss":0,"event_name":"World of Goop","floor":4,"gold_loss":0},{"damage_healed":0,"gold_gain":275,"player_choice":"Desecrate","damage_taken":0,"max_hp_gain":0,"max_hp_loss":0,"event_name":"Golden Shrine","floor":11,"gold_loss":0,"cards_obtained":["Regret"]},{"damage_healed":0,"gold_gain":175,"player_choice":"AGREE","damage_taken":0,"max_hp_gain":0,"max_hp_loss":0,"event_name":"Liars Game","floor":14,"gold_loss":0,"cards_obtained":["Doubt"]}],"is_beta":false,"boss_relics":[],"items_purged_floors":[2,5],"is_endless":false,"potions_floor_spawned":[1],"killed_by":"The Guardian","ascension_level":1}}