{"host":"8rqsnaeml9gxb0kp","time":1613092661,"event":{"mods":["AchievementEnabler","BaseMod","Dark Map","Minty Spire (QoL Compilation)","Relic Stats","StSLib","slay the spire mod where everything is the same but ironclad has a cowboy hat"],"gold_per_floor":[119,294,311,321,321,321,350,368,668,668,201,212,227,240,240,341,341,358,358,358,131,148,148,165,194,194,194,207,207,207,157,157,262,262,281,360,360,122,138,138,197,197,223,281,299,299,3,3,3,3],"floor_reached":51,"language":"ENG","playtime":2707,"items_purged":["Doubt","Pain"],"score":923,"play_id":"b449d18a-f46a-480c-b19c-866531b9c096","local_time":"20210211171741","is_ascension_mode":false,"campfire_choices":[{"data":"Genetic Algorithm","floor":6.0,"key":"SMITH"},{"data":"Rainbow","floor":15,"key":"SMITH"},{"data":"Darkness","floor":23,"key":"SMITH"},{"data":"Hologram","floor":29,"key":"SMITH"},{"data":"Seek","floor":32,"key":"SMITH"},{"data":"HandOfGreed","floor":40,"key":"SMITH"},{"data":"Buffer","floor":46,"key":"SMITH"},{"data":"Loop","floor":49,"key":"SMITH"}],"circlet_count":0,"master_deck":["Strike_B+1","Strike_B+1","Strike_B+1","Strike_B+1","Defend_B+1","Defend_B+1","Defend_B+1","Defend_B+1","Zap","Dualcast","Genetic Algorithm+1","Cold Snap+1","Barrage","Compile Driver+1","Ball Lightning","Rainbow+1","Aggregate","Reinforced Body","Seek+1","Coolheaded","Biased Cognition","Darkness+1","Hologram+1","BootSequence","Conserve Battery","Buffer+1","Stack+1","HandOfGreed+1","Loop+1","Master of Strategy","Shame","Skim+1","Loop+1"],"relics":["Coffee Dripper","Letter Opener","Old Coin","Membership Card","Blood Vial","Juzu Bracelet","Nuclear Battery","Enchiridion","Sling","Ancient Tea Set","FossilizedHelix","Singing Bowl","Nunchaku","Cursed Key","Shuriken","Medical Kit","Mango","Bag of Preparation","Pantograph","Whetstone","TheAbacus","Bird Faced Urn"],"acts_visited":["Exordium","TheCity","TheBeyond"],"potions_floor_usage":[7,16,16,33,33,44,50,50,50],"damage_taken":[{"damage":10.0,"enemies":"Small Slimes","floor":1.0,"turns":4.0},{"damage":21.0,"enemies":"Jaw Worm","floor":3.0,"turns":5.0},{"damage":0.0,"enemies":"2 Louse","floor":4.0,"turns":3.0},{"damage":17,"enemies":"Gremlin Nob","floor":7,"turns":4},{"damage":7,"enemies":"Blue Slaver","floor":8,"turns":2},{"damage":1,"enemies":"2 Fungi Beasts","floor":12,"turns":2},{"damage":16,"enemies":"Large Slime","floor":13,"turns":4},{"damage":0,"enemies":"Blue Slaver","floor":14,"turns":3},{"damage":0,"enemies":"Slime Boss","floor":16,"turns":7},{"damage":15,"enemies":"Shell Parasite","floor":18,"turns":6},{"damage":0,"enemies":"Spheric Guardian","floor":22,"turns":4},{"damage":20,"enemies":"Snecko","floor":24,"turns":6},{"damage":15,"enemies":"Book of Stabbing","floor":25,"turns":6},{"damage":7,"enemies":"Snake Plant","floor":28,"turns":4},{"damage":0,"enemies":"Automaton","floor":33,"turns":10},{"damage":0,"enemies":"Orb Walker","floor":35,"turns":4},{"damage":0,"enemies":"3 Shapes","floor":39,"turns":5},{"damage":0,"enemies":"Nemesis","floor":41,"turns":9},{"damage":0,"enemies":"Giant Head","floor":44,"turns":9},{"damage":0,"enemies":"Sphere and 2 Shapes","floor":45,"turns":4},{"damage":46,"enemies":"Time Eater","floor":50,"turns":12}],"seed_played":"-3125653087650381651","potions_obtained":[{"floor":1.0,"key":"FearPotion"},{"floor":3.0,"key":"Energy Potion"},{"floor":16,"key":"PowerPotion"},{"floor":24,"key":"FocusPotion"},{"floor":39,"key":"BlessingOfTheForge"},{"floor":41,"key":"SteroidPotion"},{"floor":45,"key":"LiquidBronze"}],"is_trial":false,"path_per_floor":["M","?","M","M","$","R","E","M","T","?","$","M","M","M","R","B",null,"M","?","?","$","M","R","M","E","T","?","M","R","?","?","R","B",null,"M","T","?","$","M","R","E","?","T","E","M","R","$","?","R","B",null],"character_chosen":"DEFECT","items_purchased":["Membership Card","Blood Vial","Rainbow","Explosive Potion","Block Potion","Juzu Bracelet","Sling","Ancient Tea Set","Biased Cognition","HandOfGreed","Medical Kit","Loop","Whetstone","TheAbacus","Bird Faced Urn"],"campfire_rested":0,"item_purchase_floors":[11,11,11,11,11,11,21,21,21,38,38,38,47,47,47],"current_hp_per_floor":[65,65,44,44,44,44,27,20,20,20,20,21,7,9,9,11,75,60,44,69,69,71,71,53,40,40,40,35,35,35,35,35,37,75,75,75,75,75,77,77,93,93,93,93,93,93,93,84,84,55],"gold":3,"neow_bonus":"BOSS_RELIC","is_daily":false,"chose_seed":false,"campfire_upgraded":8,"win_rate":0.0,"timestamp":1613092661,"path_taken":["M","?","M","M","$","R","E","M","T","?","?","M","M","M","R","BOSS","M","?","?","$","M","R","M","E","T","?","M","R","?","?","R","BOSS","M","?","?","$","M","R","E","?","T","E","M","R","$","?","R","BOSS"],"items_purchased_type":["Relic","Relic","Card","Potion","Potion","Relic","Relic","Relic","Card","Card","Relic","Card","Relic","Relic","Relic"],"build_version":"2020-12-22","purchased_purges":2,"victory":true,"max_hp_per_floor":[75,75,75,75,75,75,75,75,75,75,75,75,75,75,75,75,75,75,75,75,75,75,75,75,75,75,75,75,75,75,75,75,75,75,75,75,75,75,77,77,93,93,93,93,93,93,93,93,93,93],"relic_stats":{"Singing Bowl":4,"counters":[21,113],"Juzu Bracelet":1,"Bag of Preparation":[6],"Letter Opener":[187],"Whetstone":["Compile Driver","Cold Snap"],"Cursed Key":2,"Medical Kit":[0],"Blood Vial":18,"Nunchaku":[6],"TheAbacus":[12],"Shuriken":[6],"Pantograph":9,"Bird Faced Urn":[8],"obtain_stats":[{"Singing Bowl":26,"Enchiridion":19,"Mango":41,"Juzu Bracelet":11,"Bag of Preparation":43,"Letter Opener":7,"Whetstone":47,"Sling":21,"Ancient Tea Set":21,"Cursed Key":34,"Medical Kit":38,"Old Coin":9,"Nuclear Battery":17,"Blood Vial":11,"Nunchaku":30,"TheAbacus":47,"Shuriken":36,"Pantograph":44,"Bird Faced Urn":47,"Coffee Dripper":0,"Membership Card":11,"Cracked Core":0,"FossilizedHelix":25},{"Singing Bowl":13,"Enchiridion":10,"Mango":18,"Juzu Bracelet":5,"Bag of Preparation":18,"Letter Opener":4,"Whetstone":20,"Sling":10,"Ancient Tea Set":10,"Cursed Key":15,"Medical Kit":16,"Old Coin":5,"Nuclear Battery":9,"Blood Vial":5,"Nunchaku":14,"TheAbacus":20,"Shuriken":16,"Pantograph":19,"Bird Faced Urn":20,"Coffee Dripper":0,"Membership Card":5,"Cracked Core":0,"FossilizedHelix":13},{"Singing Bowl":56,"Enchiridion":40,"Mango":88,"Juzu Bracelet":18,"Bag of Preparation":88,"Letter Opener":16,"Whetstone":101,"Sling":40,"Ancient Tea Set":40,"Cursed Key":70,"Medical Kit":74,"Old Coin":18,"Nuclear Battery":34,"Blood Vial":18,"Nunchaku":60,"TheAbacus":101,"Shuriken":74,"Pantograph":97,"Bird Faced Urn":101,"Coffee Dripper":0,"Membership Card":18,"Cracked Core":0,"FossilizedHelix":56}]},"card_choices":[{"not_picked":["Hologram","Coolheaded"],"picked":"Genetic Algorithm","floor":1.0},{"not_picked":["Beam Cell","Scrape"],"picked":"Cold Snap","floor":3.0},{"not_picked":["Leap","Scrape"],"picked":"Barrage","floor":4.0},{"not_picked":["Hello World","Redo"],"picked":"Compile Driver","floor":7},{"not_picked":["Conserve Battery","Static Discharge"],"picked":"Ball Lightning","floor":8},{"not_picked":["Redo","Sweeping Beam","Go for the Eyes"],"picked":"SKIP","floor":12},{"not_picked":["Sweeping Beam","White Noise"],"picked":"Aggregate","floor":13},{"not_picked":["Heatsinks","Tempest"],"picked":"Reinforced Body","floor":14},{"not_picked":["Amplify","Machine Learning"],"picked":"Seek","floor":16},{"not_picked":["Gash","Rip and Tear"],"picked":"Coolheaded","floor":18},{"not_picked":["Leap","Gash"],"picked":"Darkness","floor":22},{"not_picked":["Auto Shields","Cold Snap+1"],"picked":"Hologram","floor":24},{"not_picked":["Steam","Stack"],"picked":"BootSequence","floor":25},{"not_picked":["Compile Driver+1","Rebound"],"picked":"Conserve Battery","floor":28},{"not_picked":["Rainbow","Fission"],"picked":"Buffer","floor":33},{"not_picked":["Blizzard+1","Redo+1"],"picked":"Stack+1","floor":35},{"not_picked":["Redo+1","FTL","Steam Power"],"picked":"Singing Bowl","floor":39},{"not_picked":["Steam Power","Cold Snap","Tempest"],"picked":"Singing Bowl","floor":41},{"not_picked":["Enlightenment","Deep Breath"],"picked":"Master of Strategy","floor":42},{"not_picked":["Redo","Stack"],"picked":"Skim+1","floor":44},{"not_picked":["Chill","Sweeping Beam+1"],"picked":"Loop+1","floor":45}],"player_experience":200295,"relics_obtained":[{"floor":7,"key":"Letter Opener"},{"floor":9,"key":"Old Coin"},{"floor":19,"key":"Enchiridion"},{"floor":25,"key":"FossilizedHelix"},{"floor":26,"key":"Singing Bowl"},{"floor":36,"key":"Shuriken"},{"floor":41,"key":"Mango"},{"floor":43,"key":"Bag of Preparation"},{"floor":44,"key":"Pantograph"}],"event_choices":[{"damage_healed":0.0,"max_hp_gain":0.0,"max_hp_loss":0.0,"gold_gain":175.0,"event_name":"Liars Game","player_choice":"AGREE","floor":2.0,"gold_loss":0.0,"damage_taken":0.0,"cards_obtained":["Doubt"]},{"damage_healed":0,"gold_gain":0,"player_choice":"Ignored","damage_taken":0,"max_hp_gain":0,"max_hp_loss":0,"event_name":"Golden Wing","floor":10,"gold_loss":0},{"damage_healed":0,"gold_gain":0,"player_choice":"Obtained Book","damage_taken":16,"max_hp_gain":0,"max_hp_loss":0,"event_name":"Cursed Tome","floor":19,"gold_loss":0},{"damage_healed":25,"gold_gain":0,"player_choice":"Heal","damage_taken":0,"max_hp_gain":0,"max_hp_loss":0,"event_name":"The Library","floor":20,"gold_loss":0},{"damage_healed":0,"gold_gain":0,"player_choice":"Simplicity","damage_taken":0,"max_hp_gain":0,"max_hp_loss":0,"event_name":"Back to Basics","floor":27,"gold_loss":0,"cards_upgraded":["Strike_B","Strike_B","Strike_B","Strike_B","Defend_B","Defend_B","Defend_B","Defend_B"]},{"damage_healed":0,"gold_gain":0,"player_choice":"Opened","damage_taken":0,"relics_obtained":["Nunchaku"],"max_hp_gain":0,"max_hp_loss":0,"event_name":"The Mausoleum","floor":30,"gold_loss":0},{"damage_healed":0,"gold_gain":0,"player_choice":"Bet on Murderer","damage_taken":0,"max_hp_gain":0,"max_hp_loss":0,"event_name":"The Joust","floor":31,"gold_loss":50},{"damage_healed":0,"gold_gain":0,"player_choice":"Ignored","damage_taken":0,"max_hp_gain":0,"max_hp_loss":0,"event_name":"Tomb of Lord Red Mask","floor":37,"gold_loss":0},{"damage_healed":0,"gold_gain":0,"player_choice":"Memory 1","damage_taken":0,"max_hp_gain":0,"max_hp_loss":0,"event_name":"SensoryStone","floor":42,"gold_loss":0},{"damage_healed":0,"gold_gain":0,"player_choice":"Damaged","damage_taken":9,"max_hp_gain":0,"max_hp_loss":0,"event_name":"Wheel of Change","floor":48,"gold_loss":0}],"is_beta":false,"boss_relics":[{"not_picked":["Busted Crown","Runic Dome"],"picked":"Nuclear Battery"},{"not_picked":["Snecko Eye","SacredBark"],"picked":"Cursed Key"}],"items_purged_floors":[11,38],"is_endless":false,"potions_floor_spawned":[1,3,13,16,24,25,39,41,45],"ascension_level":0}}