{"host":"04x9isxu4s2lvye3","time":1613102532,"event":{"mods":["BaseMod","Colored Powertips","Highlight Path","Minty Spire (QoL Compilation)"],"gold_per_floor":[118,118,118,130,142,181,193,220,232,272,284,313,354,366,378,490,502,524,238,248,264,264,297,309,342,342,361,42,52,2,17,17,112,112,132,177,227,227,227,227,257,257,257,36,65,81,81,93,93,93],"floor_reached":51,"language":"ENG","playtime":4132,"items_purged":["Strike_G","Strike_G","Doubt"],"score":1067,"play_id":"b985e769-9e66-4dce-b374-95791d017e53","local_time":"20210211230212","is_ascension_mode":true,"campfire_choices":[{"data":"Leg Sweep","floor":7,"key":"SMITH"},{"floor":15,"key":"REST"},{"floor":32,"key":"REST"},{"data":"Accuracy","floor":40,"key":"SMITH"},{"data":"Neutralize","floor":42,"key":"SMITH"},{"data":"Survivor","floor":47,"key":"SMITH"},{"data":"Defend_G","floor":49,"key":"SMITH"}],"circlet_count":0,"master_deck":["Strike_G","Strike_G","Defend_G+1","Defend_G+1","Defend_G+1","Defend_G+1","Defend_G+1","Survivor+1","Neutralize+1","Finisher","Leg Sweep+1","Dagger Throw","Storm of Steel+1","Dodge and Roll+1","Venomology+1","Acrobatics+1","Accuracy+1","Dash+1","Prepared+1","Blade Dance+1","Outmaneuver+1","Infinite Blades","Secret Weapon+1","Underhanded Strike+1","Dodge and Roll+1","PiercingWail+1","Bullet Time+1","Calculated Gamble+1","Good Instincts+1","Enlightenment+1","PiercingWail+1","Acrobatics+1","Choke+1"],"relics":["Ring of the Snake","NeowsBlessing","MawBank","Bronze Scales","Toxic Egg 2","Eternal Feather","Kunai","SacredBark","Pen Nib","Nunchaku","War Paint","Akabeko","Bottled Flame","Snecko Eye","Bird Faced Urn","The Specimen","Smiling Mask","CaptainsWheel","Happy Flower","Darkstone Periapt"],"acts_visited":["Exordium","TheCity","TheBeyond"],"potions_floor_usage":[10,13,13,18,20,21,23,23,25,25,25,27,29,31,33,33,35,36,36,37,41,45,48,50,50,50],"damage_taken":[{"damage":0,"enemies":"Cultist","floor":1,"turns":1},{"damage":0,"enemies":"3 Sentries","floor":6,"turns":1},{"damage":0,"enemies":"Jaw Worm","floor":8,"turns":1},{"damage":13,"enemies":"Gremlin Nob","floor":10,"turns":5},{"damage":2,"enemies":"Small Slimes","floor":12,"turns":3},{"damage":29,"enemies":"Lagavulin","floor":13,"turns":14},{"damage":10,"enemies":"Hexaghost","floor":16,"turns":16},{"damage":4,"enemies":"Shell Parasite","floor":18,"turns":11},{"damage":6,"enemies":"Spheric Guardian","floor":20,"turns":7},{"damage":6,"enemies":"Snake Plant","floor":21,"turns":4},{"damage":2,"enemies":"Book of Stabbing","floor":23,"turns":4},{"damage":0,"enemies":"3 Cultists","floor":24,"turns":3},{"damage":29,"enemies":"Slavers","floor":25,"turns":8},{"damage":0,"enemies":"Cultist and Chosen","floor":27,"turns":3},{"damage":6,"enemies":"Snake Plant","floor":29,"turns":4},{"damage":0,"enemies":"Centurion and Healer","floor":31,"turns":5},{"damage":20,"enemies":"Automaton","floor":33,"turns":7},{"damage":0,"enemies":"Orb Walker","floor":35,"turns":4},{"damage":8,"enemies":"2 Orb Walkers","floor":36,"turns":7},{"damage":0,"enemies":"Mind Bloom Boss Battle","floor":37,"turns":4},{"damage":12,"enemies":"Reptomancer","floor":41,"turns":7},{"damage":41,"enemies":"Nemesis","floor":45,"turns":11},{"damage":0,"enemies":"3 Shapes","floor":46,"turns":1},{"damage":0,"enemies":"3 Darklings","floor":48,"turns":3},{"damage":113,"enemies":"Time Eater","floor":50,"turns":16}],"seed_played":"-2377796322479023971","potions_obtained":[{"floor":1,"key":"LiquidMemories"},{"floor":6,"key":"Ancient Potion"},{"floor":12,"key":"SkillPotion"},{"floor":13,"key":"Fruit Juice"},{"floor":16,"key":"GamblersBrew"},{"floor":18,"key":"GhostInAJar"},{"floor":21,"key":"SneckoOil"},{"floor":27,"key":"ColorlessPotion"},{"floor":29,"key":"Explosive Potion"},{"floor":33,"key":"ColorlessPotion"},{"floor":36,"key":"Regen Potion"},{"floor":37,"key":"Dexterity Potion"},{"floor":48,"key":"FairyPotion"}],"is_trial":false,"path_per_floor":["M","?","?","$","?","E","R","M","T","E","?","M","E","?","R","B",null,"M","$","M","M","?","E","M","E","T","M","$","M","$","M","R","B",null,"M","?","?","?","?","R","E","R","T","$","E","M","R","M","R","B",null],"character_chosen":"THE_SILENT","items_purchased":["Pen Nib","Accuracy","Secret Weapon+1","Dexterity Potion","Dodge and Roll+1","Acrobatics+1","Happy Flower"],"campfire_rested":2,"item_purchase_floors":[19,19,28,28,30,44,44],"current_hp_per_floor":[63,63,45,45,68,68,68,68,68,55,55,53,24,10,40,30,60,66,66,60,54,54,52,52,23,23,23,23,17,17,17,56,36,69,69,61,63,58,58,76,68,80,80,80,43,47,65,67,80,16],"gold":93,"neow_bonus":"THREE_ENEMY_KILL","is_daily":false,"chose_seed":false,"campfire_upgraded":5,"win_rate":0.0,"timestamp":1613102532,"path_taken":["M","?","?","$","?","E","R","M","T","E","?","M","E","?","R","BOSS","M","$","M","M","?","E","M","E","T","M","$","M","?","M","R","BOSS","M","?","?","?","?","R","E","R","T","$","E","M","R","M","R","BOSS"],"items_purchased_type":["Relic","Card","Card","Potion","Card","Card","Relic"],"build_version":"2020-12-22","purchased_purges":3,"victory":true,"max_hp_per_floor":[70,70,70,70,70,70,70,70,70,70,70,70,70,70,70,70,70,80,80,80,80,80,80,80,80,80,80,80,80,80,80,80,80,80,80,80,80,80,80,80,80,80,80,80,80,80,80,80,80,80],"card_choices":[{"not_picked":["Bouncing Flask","Outmaneuver"],"picked":"Finisher","floor":1},{"not_picked":["Prepared","Acrobatics"],"picked":"Leg Sweep","floor":6},{"not_picked":["Dodge and Roll","Deadly Poison"],"picked":"Dagger Throw","floor":8},{"not_picked":["Dagger Spray","Dash"],"picked":"Storm of Steel+1","floor":10},{"not_picked":["Dagger Throw","Underhanded Strike"],"picked":"Dodge and Roll+1","floor":12},{"not_picked":["Bane","Underhanded Strike","Deadly Poison+1"],"picked":"SKIP","floor":13},{"not_picked":["Die Die Die","Night Terror+1"],"picked":"Venomology+1","floor":16},{"not_picked":["PiercingWail+1","Dagger Throw"],"picked":"Acrobatics+1","floor":18},{"not_picked":["Accuracy","Outmaneuver+1"],"picked":"Dash+1","floor":20},{"not_picked":["Flying Knee","Poisoned Stab"],"picked":"Prepared+1","floor":21},{"not_picked":["Poisoned Stab+1","Deadly Poison+1"],"picked":"Blade Dance+1","floor":23},{"not_picked":["Underhanded Strike","Prepared+1","Catalyst+1"],"picked":"SKIP","floor":24},{"not_picked":["Storm of Steel+1","Venomology+1"],"picked":"Outmaneuver+1","floor":25},{"not_picked":["Prepared+1","Crippling Poison+1"],"picked":"Infinite Blades","floor":27},{"not_picked":["Accuracy","Quick Slash"],"picked":"Underhanded Strike+1","floor":29},{"not_picked":["Flying Knee","Acrobatics+1"],"picked":"PiercingWail+1","floor":31},{"not_picked":["Doppelganger+1","Unload"],"picked":"Bullet Time+1","floor":33},{"not_picked":["Outmaneuver+1","Dagger Spray+1"],"picked":"Calculated Gamble+1","floor":35},{"not_picked":["Blind+1","Madness+1"],"picked":"Good Instincts+1","floor":38},{"not_picked":["Secret Weapon+1","Dramatic Entrance"],"picked":"Enlightenment+1","floor":38},{"not_picked":["Underhanded Strike+1","Eviscerate+1"],"picked":"PiercingWail+1","floor":41},{"not_picked":["Glass Knife","PiercingWail+1","Predator"],"picked":"SKIP","floor":45},{"not_picked":["Quick Slash+1","Setup+1"],"picked":"Choke+1","floor":46},{"not_picked":["Deadly Poison+1","PiercingWail+1","Sucker Punch"],"picked":"SKIP","floor":48}],"player_experience":268664,"relics_obtained":[{"floor":6,"key":"Bronze Scales"},{"floor":9,"key":"Toxic Egg 2"},{"floor":10,"key":"Eternal Feather"},{"floor":13,"key":"Kunai"},{"floor":23,"key":"War Paint"},{"floor":25,"key":"Akabeko"},{"floor":26,"key":"Bottled Flame"},{"floor":36,"key":"Bird Faced Urn"},{"floor":37,"key":"The Specimen"},{"floor":41,"key":"Smiling Mask"},{"floor":43,"key":"CaptainsWheel"},{"floor":45,"key":"Darkstone Periapt"}],"event_choices":[{"damage_healed":0,"gold_gain":0,"player_choice":"Leave","damage_taken":0,"max_hp_gain":0,"max_hp_loss":0,"event_name":"The Cleric","floor":2,"gold_loss":0},{"damage_healed":0,"gold_gain":0,"player_choice":"Success","damage_taken":18,"relics_obtained":["MawBank"],"max_hp_gain":0,"max_hp_loss":0,"event_name":"Scrap Ooze","floor":3,"gold_loss":0},{"damage_healed":23,"gold_gain":0,"player_choice":"Banana","damage_taken":0,"max_hp_gain":0,"max_hp_loss":0,"event_name":"Big Fish","floor":5,"gold_loss":0},{"cards_removed":["Strike_G"],"damage_healed":0,"gold_gain":0,"player_choice":"Forget","damage_taken":0,"max_hp_gain":0,"max_hp_loss":0,"event_name":"Living Wall","floor":11,"gold_loss":0},{"damage_healed":0,"gold_gain":0,"player_choice":"Entered Light","damage_taken":14,"max_hp_gain":0,"max_hp_loss":0,"event_name":"Shining Light","floor":14,"gold_loss":0,"cards_upgraded":["Defend_G","Defend_G"]},{"damage_healed":0,"gold_gain":0,"player_choice":"Gave Potion","damage_taken":0,"relics_obtained":["Nunchaku"],"max_hp_gain":0,"max_hp_loss":0,"event_name":"WeMeetAgain","floor":22,"gold_loss":0},{"damage_healed":0,"gold_gain":0,"player_choice":"Fight","damage_taken":0,"max_hp_gain":0,"max_hp_loss":0,"event_name":"Mysterious Sphere","floor":36,"gold_loss":0},{"damage_healed":0,"gold_gain":0,"player_choice":"Fight","damage_taken":0,"max_hp_gain":0,"max_hp_loss":0,"event_name":"MindBloom","floor":37,"gold_loss":0},{"damage_healed":0,"gold_gain":0,"player_choice":"Memory 2","damage_taken":5,"max_hp_gain":0,"max_hp_loss":0,"event_name":"SensoryStone","floor":38,"gold_loss":0},{"damage_healed":0,"gold_gain":0,"player_choice":"1 cards matched","damage_taken":0,"max_hp_gain":0,"max_hp_loss":0,"event_name":"Match and Keep!","floor":39,"gold_loss":0,"cards_obtained":["Doubt"]}],"is_beta":false,"boss_relics":[{"not_picked":["SlaversCollar","Empty Cage"],"picked":"SacredBark"},{"not_picked":["Calling Bell","Pandora\u0027s Box"],"picked":"Snecko Eye"}],"items_purged_floors":[19,28,44],"is_endless":false,"potions_floor_spawned":[1,6,12,13,16,18,21,27,29,33,36,37,48],"ascension_level":9}}