{"host":"q0ozth74idsfmf0a","time":1613165508,"event":{"mods":["BaseMod","Colored Powertips","Downfall","Minty Spire (QoL Compilation)","Relic Stats","StSLib"],"gold_per_floor":[99,199,215,227,242,49,49,49,80,80,65,65,50,81,111,123,123,123],"floor_reached":16,"language":"ENG","playtime":1171,"items_purged":[],"score":133,"play_id":"7b8044ba-e077-4e47-8950-59e3e30fd3fa","local_time":"20210212163148","is_ascension_mode":false,"campfire_choices":[{"floor":1,"key":"RECALL"},{"data":"bronze:Goto","floor":10,"key":"SMITH"},{"floor":12,"key":"REST"}],"circlet_count":0,"master_deck":["bronze:Strike","bronze:Strike","bronze:Strike","bronze:Strike","bronze:Defend","bronze:Defend","bronze:Defend","bronze:Defend","bronze:Replicate","bronze:Goto+1","bronze:CutThrough","bronze:WildBeam","bronze:ForLoop","bronze:ChildClass","bronze:WhirlingStrike","bronze:Spike","bronze:WhirlingStrike","bronze:OilSpill","bronze:DigitalCarnage","bronze:Overheat","bronze:CutThrough"],"relics":["bronze:BronzeCore","PreservedInsect","Kunai","Bag of Preparation","MawBank"],"acts_visited":["Exordium"],"potions_floor_usage":[15,16,16],"damage_taken":[{"damage":1,"enemies":"Cultist","floor":3,"turns":4},{"damage":1,"enemies":"Jaw Worm","floor":4,"turns":3},{"damage":1,"enemies":"2 Louse","floor":5,"turns":2},{"damage":10,"enemies":"downfall:FleeingMerchant","floor":6,"turns":4},{"damage":18,"enemies":"downfall:FleeingMerchant","floor":8,"turns":4},{"damage":3,"enemies":"3 Sentries","floor":9,"turns":2},{"damage":4,"enemies":"downfall:FleeingMerchant","floor":11,"turns":4},{"damage":17,"enemies":"downfall:FleeingMerchant","floor":13,"turns":4},{"damage":0,"enemies":"Gremlin Nob","floor":14,"turns":2},{"damage":0,"enemies":"Lots of Slimes","floor":15,"turns":1},{"damage":53,"enemies":"DF_ARCHETYPE_STREAMLINE","floor":16,"turns":6}],"seed_played":"-7538627497379773341","potions_obtained":[{"floor":3,"key":"ColorlessPotion"},{"floor":8,"key":"SpeedPotion"},{"floor":14,"key":"ColorlessPotion"}],"is_trial":false,"path_per_floor":["R","?","M","M","M","$","T","?","E","R","$","R","$","E","M","B"],"character_chosen":"THE_AUTOMATON","items_purchased":["bronze:WhirlingStrike","PreservedInsect"],"campfire_rested":1,"item_purchase_floors":[6,6],"current_hp_per_floor":[77,77,76,75,74,64,64,46,43,43,39,62,45,45,45,0,0,0],"gold":123,"neow_bonus":"TEN_PERCENT_HP_BONUS","is_daily":false,"chose_seed":false,"campfire_upgraded":1,"win_rate":0.0,"timestamp":1613165508,"path_taken":["R","?","M","M","M","?","T","?","E","R","?","R","?","E","M","BOSS"],"items_purchased_type":["Card","Relic"],"build_version":"2020-12-22","purchased_purges":0,"victory":false,"max_hp_per_floor":[77,77,77,77,77,77,77,77,77,77,77,77,77,77,77,77,77,77],"relic_stats":{"counters":[11,36],"PreservedInsect":85,"Bag of Preparation":[10],"Kunai":[12],"MawBank":24,"obtain_stats":[{"bronze:BronzeCore":0,"PreservedInsect":6,"Bag of Preparation":9,"Kunai":7,"MawBank":14},{"bronze:BronzeCore":0,"PreservedInsect":4,"Bag of Preparation":6,"Kunai":4,"MawBank":9},{"bronze:BronzeCore":0,"PreservedInsect":13,"Bag of Preparation":19,"Kunai":13,"MawBank":29}]},"card_choices":[{"not_picked":["bronze:ChildClass","bronze:Safeguard"],"picked":"bronze:CutThrough","floor":3},{"not_picked":["bronze:OilSpill","bronze:FineTuning"],"picked":"bronze:WildBeam","floor":4},{"not_picked":["bronze:Fortify","bronze:Return"],"picked":"bronze:ForLoop","floor":5},{"not_picked":["bronze:Turbo","bronze:Backtrace"],"picked":"bronze:ChildClass","floor":6},{"not_picked":[],"picked":"bronze:Spike","floor":8},{"not_picked":["bronze:Turbo","bronze:WildBeam"],"picked":"bronze:WhirlingStrike","floor":8},{"not_picked":["bronze:ThunderWave","bronze:WildBeam","bronze:BugBarrage"],"picked":"SKIP","floor":9},{"not_picked":["bronze:Repulsor","bronze:BugBarrage"],"picked":"bronze:OilSpill","floor":11},{"not_picked":["bronze:ForceShield","bronze:Turbo"],"picked":"bronze:DigitalCarnage","floor":13},{"not_picked":["bronze:DelayedSlice","bronze:Shield"],"picked":"bronze:Overheat","floor":14},{"not_picked":["bronze:Return","bronze:NullPointer"],"picked":"bronze:CutThrough","floor":15}],"player_experience":56424,"relics_obtained":[{"floor":7,"key":"Kunai"},{"floor":9,"key":"Bag of Preparation"},{"floor":14,"key":"MawBank"}],"event_choices":[],"is_beta":false,"boss_relics":[],"items_purged_floors":[],"is_endless":false,"potions_floor_spawned":[3,8,14],"killed_by":"DF_ARCHETYPE_STREAMLINE","ascension_level":0}}