{"host":"8iaoobhpyvel1t4g","time":1613092275,"event":{"mods":["Aspiration","BaseMod","Beaked The Cultist","Clawfect","Colored Map","Conspire","Energized Spire","Friendly Minions","Glutton Mod","Halation","Highlight Path","Hubris","Infinite Spire","Jedi Mod","Minty Spire (QoL Compilation)","Permanent Neow","Quick Restart","Replay The Spire","Shop Mod","StSLib","SuperFastMode","The Jungle","TheVacant","Weighted Paths"],"gold_per_floor":[110,110,124,49,65,100,111,111,111,111,129,156,171,197,197,197,197],"floor_reached":16,"language":"ENG","playtime":712,"items_purged":["Gash"],"score":153,"play_id":"b3306750-8c2a-4054-980f-3aefa0ead857","local_time":"20210211201115","is_ascension_mode":true,"campfire_choices":[{"data":"Panic Button","floor":8,"key":"SMITH"},{"data":"Clawfect:ClawAndGloom","floor":10,"key":"SMITH"},{"data":"Clawfect:Clawline","floor":15,"key":"SMITH"}],"circlet_count":0,"master_deck":["Gash","Gash","Gash","Gash","Defend_B","Defend_B","Defend_B","Conserve Battery","Clawfect:ClawLightning","Clawfect:ClawAndGloom+1","Coolheaded","Panic Button+1","Hologram+1","Clawfect:Clawline+1"],"relics":["Clawfect:DRClaw","halation:Toothbrush","Toxic Egg 2","Pear"],"acts_visited":["Exordium"],"potions_floor_usage":[6,12,12,13,14],"damage_taken":[{"damage":0,"enemies":"Small Slimes","floor":1,"turns":4},{"damage":0,"enemies":"Cultist","floor":3,"turns":4},{"damage":0,"enemies":"Jaw Worm","floor":5,"turns":4},{"damage":9,"enemies":"Gremlin Nob","floor":6,"turns":3},{"damage":11,"enemies":"Exordium Wildlife","floor":7,"turns":4},{"damage":1,"enemies":"2 Fungi Beasts","floor":11,"turns":3},{"damage":3,"enemies":"3 Sentries","floor":12,"turns":5},{"damage":14,"enemies":"Exordium Thugs","floor":13,"turns":3},{"damage":17,"enemies":"Gremlin Nob","floor":14,"turns":4},{"damage":30,"enemies":"The Guardian","floor":16,"turns":2}],"seed_played":"6949767459479256097","potions_obtained":[{"floor":3,"key":"FocusPotion"},{"floor":5,"key":"GamblersBrew"},{"floor":7,"key":"SkillPotion"},{"floor":11,"key":"jedi:tentaclejuice"},{"floor":13,"key":"Weak Potion"}],"is_trial":false,"path_per_floor":["M","?","M","$","M","E","M","R","T","R","M","E","M","E","R","B"],"character_chosen":"DEFECT","items_purchased":[],"campfire_rested":0,"item_purchase_floors":[],"current_hp_per_floor":[75,75,75,75,75,66,55,55,55,55,54,51,37,30,30,0,0],"gold":197,"neow_bonus":"REMOVE_CARD","is_daily":false,"chose_seed":false,"campfire_upgraded":3,"win_rate":0.0,"timestamp":1613092275,"path_taken":["M","?","?","$","M","E","M","R","T","R","M","E","M","E","R","BOSS"],"items_purchased_type":[],"build_version":"2020-12-22","purchased_purges":1,"victory":false,"max_hp_per_floor":[75,75,75,75,75,75,75,75,75,75,75,75,75,85,85,85,85],"card_choices":[{"not_picked":["Clawfect:ClawSnap","jedi:BurstLightning"],"picked":"Conserve Battery","floor":1},{"not_picked":["Clawfect:ClawSnap","Chill"],"picked":"Clawfect:ClawLightning","floor":3},{"not_picked":["jedi:locknload","Storm"],"picked":"Clawfect:ClawAndGloom","floor":5},{"not_picked":["Clawfect:ClawSnap","Turbo"],"picked":"Coolheaded","floor":6},{"not_picked":["Heatsinks","ReplaySort"],"picked":"Panic Button","floor":7},{"not_picked":["Clawfect:Clawter","ReplayTheSpireMod:System Scan","jedi:markofdeath"],"picked":"SKIP","floor":11},{"not_picked":["Meteor Strike","Thunder Strike","Force Field+1"],"picked":"SKIP","floor":12},{"not_picked":["Static Discharge","Storm"],"picked":"Hologram+1","floor":13},{"not_picked":["Thunder Strike","Redo+1"],"picked":"Clawfect:Clawline","floor":14}],"player_experience":329581,"relics_obtained":[{"floor":6,"key":"halation:Toothbrush"},{"floor":12,"key":"Toxic Egg 2"},{"floor":14,"key":"Pear"}],"event_choices":[{"cards_removed":["Defend_B"],"damage_healed":0,"gold_gain":0,"player_choice":"Purged","damage_taken":0,"max_hp_gain":0,"max_hp_loss":0,"event_name":"Purifier","floor":2,"gold_loss":0}],"is_beta":false,"boss_relics":[],"items_purged_floors":[4],"is_endless":false,"potions_floor_spawned":[3,5,7,11,13],"killed_by":"The Guardian","ascension_level":1}}