{"host":"bgyhjzqafgkxdxsh","time":1613108297,"event":{"mods":["BaseMod","Colored Map","Minty Spire (QoL Compilation)","Relic Stats","StSLib","everything is the same but u backflip on backflip"],"gold_per_floor":[114,129,144,144,159,159,189,204,279,279,294,324,339,354,354,384,384],"floor_reached":16,"language":"ENG","playtime":561,"items_purged":[],"score":141,"play_id":"6ee131f0-e2f2-4cf0-bddd-944fe54823b0","local_time":"20210212153817","daily_mods":["Chimera","Purple Cards","DeadlyEvents"],"is_ascension_mode":false,"campfire_choices":[{"data":"Judgement","floor":6,"key":"SMITH"},{"data":"Eruption","floor":10,"key":"SMITH"},{"data":"Wish","floor":15,"key":"SMITH"}],"circlet_count":0,"master_deck":["Bash","Survivor","Zap","Eruption+1","Strike_R","Strike_G","Strike_B","Defend_R","Defend_G","Defend_P","Quick Slash","Collect","Judgement+1","Endless Agony","EmptyMind","Evaluate","ThirdEye","Prepared","Wish+1"],"relics":["Ring of the Snake","Unceasing Top","Sundial","Frozen Egg 2"],"acts_visited":["Exordium"],"potions_floor_usage":[16,16,16],"damage_taken":[{"damage":2,"enemies":"Small Slimes","floor":1,"turns":5},{"damage":0,"enemies":"Cultist","floor":2,"turns":2},{"damage":0,"enemies":"2 Louse","floor":3,"turns":2},{"damage":0,"enemies":"Exordium Wildlife","floor":5,"turns":3},{"damage":18,"enemies":"Lagavulin","floor":7,"turns":6},{"damage":10,"enemies":"3 Louse","floor":8,"turns":2},{"damage":0,"enemies":"Blue Slaver","floor":11,"turns":1},{"damage":0,"enemies":"3 Sentries","floor":12,"turns":7},{"damage":1,"enemies":"Red Slaver","floor":13,"turns":2},{"damage":0,"enemies":"Large Slime","floor":14,"turns":2},{"damage":44,"enemies":"Hexaghost","floor":16,"turns":3}],"seed_played":"-8399458303924539785","potions_obtained":[{"floor":2,"key":"EssenceOfSteel"},{"floor":7,"key":"Poison Potion"},{"floor":13,"key":"SkillPotion"}],"is_trial":false,"path_per_floor":["M","M","M","?","M","R","E","M","T","R","M","E","M","M","R","B"],"character_chosen":"THE_SILENT","items_purchased":[],"campfire_rested":0,"item_purchase_floors":[],"current_hp_per_floor":[68,68,68,68,68,68,50,40,40,40,40,40,39,39,39,0,0],"gold":384,"neow_bonus":"","is_daily":true,"chose_seed":false,"campfire_upgraded":3,"win_rate":0.0,"timestamp":1613108297,"path_taken":["M","M","M","?","M","R","E","M","T","R","M","E","?","M","R","BOSS"],"items_purchased_type":[],"build_version":"2020-12-22","purchased_purges":0,"victory":false,"max_hp_per_floor":[70,70,70,70,70,70,70,70,70,70,70,70,70,70,70,70,70],"relic_stats":{"counters":[11,35],"Sundial":[0],"obtain_stats":[{"Sundial":9,"Frozen Egg 2":12,"Unceasing Top":7,"Ring of the Snake":0},{"Sundial":6,"Frozen Egg 2":8,"Unceasing Top":5,"Ring of the Snake":0},{"Sundial":20,"Frozen Egg 2":28,"Unceasing Top":18,"Ring of the Snake":0}],"Unceasing Top":[0],"Ring of the Snake":[23]},"card_choices":[{"not_picked":["PiercingWail","Outmaneuver"],"picked":"Quick Slash","floor":1},{"not_picked":["CrushJoints","CutThroughFate"],"picked":"Collect","floor":2},{"not_picked":["ThirdEye","Sucker Punch"],"picked":"Judgement","floor":3},{"not_picked":["Skewer","Flying Knee"],"picked":"Endless Agony","floor":5},{"not_picked":["Accuracy","DeceiveReality"],"picked":"EmptyMind","floor":7},{"not_picked":["Crescendo","ClearTheMind"],"picked":"Evaluate","floor":8},{"not_picked":["Deflect","JustLucky"],"picked":"ThirdEye","floor":11},{"not_picked":["Dodge and Roll","CrushJoints","Setup"],"picked":"SKIP","floor":12},{"not_picked":["Reflex","ThirdEye"],"picked":"Prepared","floor":13},{"not_picked":["WindmillStrike","Acrobatics"],"picked":"Wish","floor":14}],"player_experience":510185,"relics_obtained":[{"floor":7,"key":"Unceasing Top"},{"floor":9,"key":"Sundial"},{"floor":12,"key":"Frozen Egg 2"}],"event_choices":[{"damage_healed":0,"gold_gain":0,"player_choice":"0 cards matched","damage_taken":0,"max_hp_gain":0,"max_hp_loss":0,"event_name":"Match and Keep!","floor":4,"gold_loss":0,"cards_obtained":[]}],"is_beta":false,"boss_relics":[],"items_purged_floors":[],"is_endless":false,"potions_floor_spawned":[2,7,13,14],"killed_by":"Hexaghost","ascension_level":0}}