{"host":"jx3f6ezc0g3s9edc","time":1613097475,"event":{"mods":["AchievementEnabler","BaseMod","Bestiary","Colored Map","Highlight Path","Minty Spire (QoL Compilation)","StSLib"],"gold_per_floor":[118,133,133,9,9,9,43,43,43,77,77,77,87,103,103,177,177,191,204,204,222,137,137,169,169,169,15,32,32,32,32,32,108,108,125,135,10,10,22,22,34,69,69,69,69,69,69,80,80,80,80],"floor_reached":50,"language":"ENG","playtime":3691,"items_purged":["Regret","Strike_R","Strike_R"],"score":893,"play_id":"5dc257e9-48aa-47ac-95db-a583d7066a84","local_time":"20210211213755","is_ascension_mode":true,"campfire_choices":[{"data":"Bash","floor":6.0,"key":"SMITH"},{"data":"Feed","floor":8.0,"key":"SMITH"},{"floor":11.0,"key":"REST"},{"data":"Spot Weakness","floor":15.0,"key":"SMITH"},{"floor":23.0,"key":"REST"},{"floor":25.0,"key":"REST"},{"data":"Limit Break","floor":29.0,"key":"SMITH"},{"data":"Armaments","floor":30.0,"key":"SMITH"},{"data":"Pummel","floor":32.0,"key":"SMITH"},{"floor":40,"key":"REST"},{"floor":44,"key":"REST"},{"data":"Ghostly Armor","floor":46,"key":"SMITH"},{"floor":49,"key":"REST"}],"circlet_count":0,"master_deck":["AscendersBane","Strike_R","Strike_R","Defend_R","Defend_R","Defend_R","Defend_R","Bash+1","Spot Weakness+1","Pommel Strike","Headbutt","Shrug It Off","Feed+1","Ghostly Armor+1","Dark Embrace","Cleave","Limit Break+1","Pummel","Pummel+1","Warcry+1","Armaments+1","Shrug It Off+1","Double Tap","Thunderclap+1","Fire Breathing","Disarm","Heavy Blade"],"relics":["Burning Blood","Mummified Hand","Blood Vial","Happy Flower","MealTicket","Oddly Smooth Stone","SlaversCollar","WingedGreaves","Question Card","Regal Pillow","StrikeDummy","Sozu","Pear","Strawberry","Eternal Feather"],"acts_visited":["Exordium","TheCity","TheBeyond"],"potions_floor_usage":[33,50],"damage_taken":[{"damage":1.0,"enemies":"Small Slimes","floor":1.0,"turns":4.0},{"damage":9.0,"enemies":"Jaw Worm","floor":2.0,"turns":3.0},{"damage":22.0,"enemies":"Lagavulin","floor":7.0,"turns":6.0},{"damage":34.0,"enemies":"3 Sentries","floor":10.0,"turns":9.0},{"damage":0.0,"enemies":"2 Louse","floor":13.0,"turns":3.0},{"damage":13.0,"enemies":"Exordium Wildlife","floor":14.0,"turns":5.0},{"damage":55.0,"enemies":"Hexaghost","floor":16.0,"turns":10.0},{"damage":27.0,"enemies":"2 Thieves","floor":18.0,"turns":4.0},{"damage":33.0,"enemies":"Spheric Guardian","floor":19.0,"turns":6.0},{"damage":30.0,"enemies":"Centurion and Healer","floor":21.0,"turns":7.0},{"damage":15.0,"enemies":"Slavers","floor":24.0,"turns":5.0},{"damage":39.0,"enemies":"3 Cultists","floor":28.0,"turns":6.0},{"damage":58,"enemies":"Automaton","floor":33,"turns":7},{"damage":0,"enemies":"Orb Walker","floor":35,"turns":3},{"damage":30,"enemies":"3 Shapes","floor":36,"turns":5},{"damage":69,"enemies":"Maw","floor":39,"turns":10},{"damage":23,"enemies":"Sphere and 2 Shapes","floor":41,"turns":5},{"damage":66,"enemies":"Reptomancer","floor":42,"turns":7},{"damage":72,"enemies":"Spire Growth","floor":48,"turns":6},{"damage":116,"enemies":"Donu and Deca","floor":50,"turns":7}],"seed_played":"6023788495669615696","potions_obtained":[{"floor":2.0,"key":"Swift Potion"},{"floor":7.0,"key":"SteroidPotion"},{"floor":13.0,"key":"DuplicationPotion"},{"floor":16.0,"key":"FearPotion"},{"floor":28.0,"key":"Swift Potion"},{"floor":33,"key":"PowerPotion"}],"is_trial":false,"path_per_floor":["M","M","?","$","?","R","E","R","T","E","R","?","M","M","R","B",null,"M","M","?","M","?","R","E","R","T","$","M","R","R","$","R","B",null,"M","M","$","?","M","R","M","E","T","R","T","R","?","M","R","B"],"character_chosen":"IRONCLAD","items_purchased":["Shrug It Off","Armaments"],"campfire_rested":6,"item_purchase_floors":[4,27],"current_hp_per_floor":[73,70,70,70,58,58,44,44,44,22,45,45,57,56,56,9,68,53,32,32,14,14,43,40,85,85,100,69,69,69,84,84,34,86,94,76,91,91,30,77,66,18,25,78,78,93,93,29,97,0,0],"gold":80,"neow_bonus":"THREE_CARDS","is_daily":false,"chose_seed":false,"campfire_upgraded":7,"win_rate":0.0,"timestamp":1613097475,"path_taken":["M","M","?","$","?","R","E","R","T","E","R","?","M","M","R","BOSS","M","M","?","M","?","R","E","R","T","$","M","R","R","?","R","BOSS","M","M","$","?","M","R","M","E","T","R","?","R","?","M","R","BOSS"],"items_purchased_type":["Card","Card"],"build_version":"2020-12-22","purchased_purges":3,"victory":false,"max_hp_per_floor":[75,75,75,75,75,75,75,75,75,79,79,79,83,87,87,87,87,91,95,95,99,99,99,103,103,103,103,103,103,103,103,103,103,103,103,107,107,107,107,107,111,121,128,128,128,128,128,128,128,128,128],"card_choices":[{"not_picked":["Bloodletting","True Grit"],"picked":"Spot Weakness","floor":0.0},{"not_picked":["Shrug It Off","Warcry"],"picked":"Pommel Strike","floor":1.0},{"not_picked":["True Grit","Power Through"],"picked":"Headbutt","floor":2.0},{"not_picked":["Havoc","Dropkick"],"picked":"Feed","floor":7.0},{"not_picked":["Sentinel","Double Tap"],"picked":"Ghostly Armor","floor":10.0},{"not_picked":["Iron Wave","Thunderclap"],"picked":"Dark Embrace","floor":13.0},{"not_picked":["Burning Pact","Infernal Blade"],"picked":"Cleave","floor":14.0},{"not_picked":["Barricade","Impervious"],"picked":"Limit Break","floor":16.0},{"not_picked":["Searing Blow","Headbutt","Twin Strike"],"picked":"SKIP","floor":18.0},{"not_picked":["Heavy Blade","Flex"],"picked":"Pummel","floor":19.0},{"not_picked":["Dropkick","Anger"],"picked":"Pummel","floor":21.0},{"not_picked":["Twin Strike+1","Havoc","Barricade"],"picked":"Warcry+1","floor":24.0},{"not_picked":["Body Slam","Dual Wield+1","Perfected Strike"],"picked":"Shrug It Off+1","floor":28.0},{"not_picked":["Limit Break","Immolate","Fiend Fire"],"picked":"Double Tap","floor":33},{"not_picked":["Entrench","Wild Strike+1","True Grit"],"picked":"Thunderclap+1","floor":35},{"not_picked":["Rampage","True Grit+1","Wild Strike"],"picked":"Fire Breathing","floor":36},{"not_picked":["Sever Soul","Armaments","Twin Strike"],"picked":"Disarm","floor":39},{"not_picked":["Sever Soul+1","Clothesline","Dual Wield","Immolate"],"picked":"SKIP","floor":41},{"not_picked":["Searing Blow+1","Double Tap","Intimidate","Perfected Strike+1"],"picked":"SKIP","floor":42},{"not_picked":["Rupture","Seeing Red","Clothesline"],"picked":"Heavy Blade","floor":48}],"player_experience":854565,"relics_obtained":[{"floor":7.0,"key":"Happy Flower"},{"floor":9.0,"key":"MealTicket"},{"floor":10.0,"key":"Oddly Smooth Stone"},{"floor":24.0,"key":"Regal Pillow"},{"floor":26.0,"key":"StrikeDummy"},{"floor":42,"key":"Pear"},{"floor":43,"key":"Strawberry"},{"floor":45,"key":"Eternal Feather"}],"event_choices":[{"damage_healed":0.0,"max_hp_gain":0.0,"max_hp_loss":0.0,"gold_gain":0.0,"event_name":"Big Fish","player_choice":"Box","floor":3.0,"gold_loss":0.0,"damage_taken":0.0,"relics_obtained":["Mummified Hand"],"cards_obtained":["Regret"]},{"damage_healed":0.0,"max_hp_gain":0.0,"max_hp_loss":0.0,"gold_gain":0.0,"event_name":"Scrap Ooze","player_choice":"Success","floor":5.0,"gold_loss":0.0,"damage_taken":12.0,"relics_obtained":["Blood Vial"]},{"damage_healed":0.0,"max_hp_gain":0.0,"max_hp_loss":0.0,"gold_gain":0.0,"event_name":"Dead Adventurer","player_choice":"Searched \u00271\u0027 times","floor":12.0,"gold_loss":0.0,"damage_taken":0.0},{"damage_healed":0.0,"max_hp_gain":0.0,"max_hp_loss":0.0,"gold_gain":0.0,"event_name":"The Mausoleum","player_choice":"Opened","floor":20.0,"gold_loss":0.0,"damage_taken":0.0,"relics_obtained":["WingedGreaves"]},{"damage_healed":0.0,"max_hp_gain":0.0,"max_hp_loss":0.0,"gold_gain":0.0,"event_name":"Addict","player_choice":"Obtained Relic","floor":22.0,"gold_loss":85.0,"damage_taken":0.0,"relics_obtained":["Question Card"]},{"cards_removed":["Strike_R"],"damage_healed":0,"gold_gain":0,"player_choice":"Removed Attack","damage_taken":0,"max_hp_gain":0,"max_hp_loss":0,"event_name":"Falling","floor":38,"gold_loss":0},{"damage_healed":0,"gold_gain":0,"player_choice":"Ignored","damage_taken":0,"max_hp_gain":0,"max_hp_loss":0,"event_name":"Mysterious Sphere","floor":47,"gold_loss":0}],"is_beta":false,"boss_relics":[{"not_picked":["Fusion Hammer","SacredBark"],"picked":"SlaversCollar"},{"not_picked":["Empty Cage","Pandora\u0027s Box"],"picked":"Sozu"}],"items_purged_floors":[4,27,37],"is_endless":false,"potions_floor_spawned":[2,7,13,16,28,33,35],"killed_by":"Donu and Deca","ascension_level":14}}