{"host":"4ge9z8h6k0ioij78","time":1613155439,"event":{"mods":["AchievementEnabler","BaseMod","Colored Map","Colored Powertips","Custom Start","DeckTracker","Faster Ascension Climbing","Filter the Spire","Minty Spire (QoL Compilation)","SuperFastMode"],"gold_per_floor":[112,37,60,75,89,122,122,152,152,152,170,198,209,240,240,344,344,361,377,402,413,433,466,366,392,392,392,403,278,278,288,288,384,384,397,397,397,411,261,292,342,376,426,444,444,269,289,337,337,337,337,337,60,94,94],"floor_reached":56,"language":"KOR","playtime":2886,"items_purged":["Inflame","Whirlwind+1","Immolate","True Grit+1","Battle Trance+1","Corruption+1"],"score":1640,"play_id":"b603a613-1be4-44bb-a43e-7b203273edea","local_time":"20210213034359","is_ascension_mode":true,"campfire_choices":[{"data":"True Grit","floor":7.0,"key":"SMITH"},{"data":"Burning Pact","floor":10.0,"key":"SMITH"},{"data":"Bash","floor":15.0,"key":"SMITH"},{"data":"Corruption","floor":27.0,"key":"SMITH"},{"data":"Battle Trance","floor":32.0,"key":"SMITH"},{"floor":45,"key":"RECALL"},{"data":"Double Tap","floor":49,"key":"SMITH"},{"data":"Dropkick","floor":52,"key":"SMITH"}],"circlet_count":0,"master_deck":["Bash+1","Double Tap+1","Dropkick","Burning Pact+1","Dropkick+1","Double Tap+1"],"relics":["Pandora\u0027s Box","Bag of Marbles","Eternal Feather","Potion Belt","Sundial","Vajra","Nunchaku","Astrolabe","Regal Pillow","Champion Belt","Thread and Needle","Happy Flower","SlaversCollar","Dream Catcher","Torii","Bottled Lightning","Du-Vu Doll","Red Skull"],"acts_visited":["Exordium","TheCity","TheBeyond","TheEnding"],"potions_floor_usage":[55,55,55,55],"damage_taken":[{"damage":0.0,"enemies":"Cultist","floor":1.0,"turns":2.0},{"damage":0.0,"enemies":"Jaw Worm","floor":4.0,"turns":1.0},{"damage":0.0,"enemies":"Small Slimes","floor":5.0,"turns":1.0},{"damage":0.0,"enemies":"Lagavulin","floor":6.0,"turns":3.0},{"damage":27.0,"enemies":"Gremlin Nob","floor":8.0,"turns":3.0},{"damage":4.0,"enemies":"2 Fungi Beasts","floor":11.0,"turns":3.0},{"damage":18.0,"enemies":"3 Sentries","floor":12.0,"turns":4.0},{"damage":0.0,"enemies":"Large Slime","floor":13.0,"turns":2.0},{"damage":9.0,"enemies":"Gremlin Nob","floor":14.0,"turns":3.0},{"damage":0.0,"enemies":"Slime Boss","floor":16.0,"turns":3.0},{"damage":0.0,"enemies":"Shell Parasite","floor":18.0,"turns":4.0},{"damage":2.0,"enemies":"3 Byrds","floor":19.0,"turns":4.0},{"damage":12.0,"enemies":"Snake Plant","floor":21.0,"turns":2.0},{"damage":1.0,"enemies":"Sentry and Sphere","floor":22.0,"turns":3.0},{"damage":10.0,"enemies":"Book of Stabbing","floor":23.0,"turns":5.0},{"damage":0.0,"enemies":"Gremlin Leader","floor":25.0,"turns":3.0},{"damage":0.0,"enemies":"Snecko","floor":28.0,"turns":2.0},{"damage":11.0,"enemies":"Snake Plant","floor":31.0,"turns":2.0},{"damage":0.0,"enemies":"Collector","floor":33.0,"turns":1.0},{"damage":0.0,"enemies":"Orb Walker","floor":35.0,"turns":1.0},{"damage":0.0,"enemies":"3 Darklings","floor":38.0,"turns":1.0},{"damage":0.0,"enemies":"Giant Head","floor":40.0,"turns":1.0},{"damage":0.0,"enemies":"Mind Bloom Boss Battle","floor":41.0,"turns":1.0},{"damage":0.0,"enemies":"Nemesis","floor":42.0,"turns":1.0},{"damage":0,"enemies":"Transient","floor":44,"turns":1},{"damage":0,"enemies":"Jaw Worm Horde","floor":47,"turns":1},{"damage":0,"enemies":"2 Orb Walkers","floor":48,"turns":1},{"damage":0,"enemies":"Awakened One","floor":50,"turns":2},{"damage":0,"enemies":"Shield and Spear","floor":54,"turns":1},{"damage":125,"enemies":"The Heart","floor":55,"turns":5}],"seed_played":"-2038002669839250305","potions_obtained":[{"floor":1.0,"key":"Energy Potion"},{"floor":4.0,"key":"ElixirPotion"},{"floor":8.0,"key":"Block Potion"},{"floor":11.0,"key":"SkillPotion"},{"floor":18.0,"key":"Explosive Potion"},{"floor":21.0,"key":"FairyPotion"},{"floor":25.0,"key":"SkillPotion"},{"floor":28.0,"key":"SteroidPotion"},{"floor":33.0,"key":"AttackPotion"},{"floor":42.0,"key":"SteroidPotion"},{"floor":44,"key":"BloodPotion"}],"is_trial":false,"path_per_floor":["M","$","T","M","M","E","R","E","T","R","M","E","M","E","R","B",null,"M","M","T","M","M","E","$","E","T","R","M","$","?","M","R","B",null,"M","?","?","M","$","E","?","E","T","M","R","$","M","?","R","B",null,"R","$","E","B",null],"character_chosen":"IRONCLAD","items_purchased":["Regen Potion"],"campfire_rested":0,"item_purchase_floors":[53],"current_hp_per_floor":[80,80,80,80,80,80,80,53,53,59,55,37,37,28,34,34,80,80,78,78,66,65,55,55,55,55,61,61,61,61,50,56,56,80,80,80,80,80,80,80,80,80,80,80,80,80,80,80,80,80,80,80,80,80,9],"gold":94,"neow_bonus":"BOSS_RELIC","is_daily":false,"chose_seed":false,"campfire_upgraded":7,"win_rate":0.0,"timestamp":1613155439,"path_taken":["M","?","?","?","?","E","R","E","T","R","M","E","M","E","R","BOSS","M","M","?","M","M","E","$","E","T","R","M","$","?","M","R","BOSS","M","?","?","M","$","E","?","E","T","M","R","$","M","?","R","BOSS","R","$","E","BOSS"],"items_purchased_type":["Potion"],"build_version":"2020-12-22","purchased_purges":6,"victory":true,"max_hp_per_floor":[80,80,80,80,80,80,80,80,80,80,80,80,80,80,80,80,80,80,80,80,80,80,80,80,80,80,80,80,80,80,80,80,80,80,80,80,80,80,80,80,80,80,80,80,80,80,80,80,80,80,80,80,80,80,80],"card_choices":[{"not_picked":["Dark Embrace","Clothesline"],"picked":"Burning Pact","floor":1.0},{"not_picked":["Flex","Twin Strike","Hemokinesis"],"picked":"SKIP","floor":4.0},{"not_picked":["Reckless Charge","Iron Wave"],"picked":"Dropkick","floor":5.0},{"not_picked":["Juggernaut","True Grit","Flex"],"picked":"SKIP","floor":6.0},{"not_picked":["Juggernaut","Flex"],"picked":"True Grit","floor":6.0},{"not_picked":["Body Slam","Flex","Inflame"],"picked":"SKIP","floor":8.0},{"not_picked":["Blood for Blood","Heavy Blade","Thunderclap"],"picked":"SKIP","floor":11.0},{"not_picked":["Clothesline","Infernal Blade","Armaments"],"picked":"SKIP","floor":12.0},{"not_picked":["Cleave","Sword Boomerang","True Grit"],"picked":"SKIP","floor":13.0},{"not_picked":["Feed","Warcry","Armaments"],"picked":"SKIP","floor":14.0},{"not_picked":["Exhume","Fiend Fire"],"picked":"Corruption","floor":16.0},{"not_picked":["Armaments","Evolve","True Grit+1"],"picked":"SKIP","floor":18.0},{"not_picked":["Second Wind","True Grit","Flex"],"picked":"SKIP","floor":19.0},{"not_picked":["Infernal Blade","Searing Blow","Battle Trance"],"picked":"SKIP","floor":21.0},{"not_picked":["Bloodletting+1","Armaments","Iron Wave"],"picked":"SKIP","floor":22.0},{"not_picked":["Juggernaut","Pommel Strike","Intimidate"],"picked":"SKIP","floor":23.0},{"not_picked":["Cleave","Clothesline+1","Armaments"],"picked":"SKIP","floor":25.0},{"not_picked":["Dark Embrace","Body Slam","Shrug It Off"],"picked":"SKIP","floor":28.0},{"not_picked":["Demon Form","Cleave+1","Rage+1"],"picked":"SKIP","floor":31.0},{"not_picked":["Havoc+1","Rampage+1","Rage+1"],"picked":"SKIP","floor":35.0},{"not_picked":["Flame Barrier","Intimidate+1","Warcry"],"picked":"SKIP","floor":38.0},{"not_picked":["Pommel Strike+1","Rupture","Iron Wave"],"picked":"SKIP","floor":40.0},{"not_picked":["Fire Breathing+1","Warcry+1","Thunderclap+1"],"picked":"SKIP","floor":42.0},{"not_picked":["Anger","Sever Soul","Hemokinesis+1"],"picked":"SKIP","floor":44},{"not_picked":["Anger","Perfected Strike","Shrug It Off+1"],"picked":"SKIP","floor":47},{"not_picked":["True Grit+1","Spot Weakness","Brutality"],"picked":"SKIP","floor":54}],"player_experience":1339722,"relics_obtained":[{"floor":3.0,"key":"Bag of Marbles"},{"floor":6.0,"key":"Eternal Feather"},{"floor":8.0,"key":"Potion Belt"},{"floor":9.0,"key":"Sundial"},{"floor":12.0,"key":"Vajra"},{"floor":14.0,"key":"Nunchaku"},{"floor":20.0,"key":"Regal Pillow"},{"floor":23.0,"key":"Champion Belt"},{"floor":25.0,"key":"Thread and Needle"},{"floor":26.0,"key":"Happy Flower"},{"floor":40.0,"key":"Dream Catcher"},{"floor":41.0,"key":"Torii"},{"floor":42.0,"key":"Bottled Lightning"},{"floor":48,"key":"Du-Vu Doll"},{"floor":54,"key":"Red Skull"}],"event_choices":[{"cards_removed":["Flame Barrier"],"damage_healed":0.0,"max_hp_gain":0.0,"max_hp_loss":0.0,"gold_gain":0.0,"event_name":"Back to Basics","player_choice":"Elegance","floor":30.0,"gold_loss":0.0,"damage_taken":0.0},{"damage_healed":0.0,"max_hp_gain":0.0,"max_hp_loss":0.0,"gold_gain":0.0,"event_name":"Tomb of Lord Red Mask","player_choice":"Ignored","floor":36.0,"gold_loss":0.0,"damage_taken":0.0},{"cards_removed":["Berserk"],"damage_healed":0.0,"max_hp_gain":0.0,"max_hp_loss":0.0,"gold_gain":0.0,"event_name":"Falling","player_choice":"Removed Power","floor":37.0,"gold_loss":0.0,"damage_taken":0.0},{"damage_healed":0.0,"max_hp_gain":0.0,"max_hp_loss":0.0,"gold_gain":0.0,"event_name":"MindBloom","player_choice":"Fight","floor":41.0,"gold_loss":0.0,"damage_taken":0.0},{"damage_healed":0,"gold_gain":0,"player_choice":"Fight","damage_taken":0,"max_hp_gain":0,"max_hp_loss":0,"event_name":"Mysterious Sphere","floor":48,"gold_loss":0}],"is_beta":false,"boss_relics":[{"not_picked":["Snecko Eye","Fusion Hammer"],"picked":"Astrolabe"},{"not_picked":["Mark of Pain","Tiny House"],"picked":"SlaversCollar"}],"items_purged_floors":[2,24,29,39,46,53],"is_endless":false,"potions_floor_spawned":[1,4,8,11,18,21,25,28,33,42,44,47,48,54],"ascension_level":1}}