{"host":"f9ntswufr8mq3t4y","time":1613129355,"event":{"mods":["AchievementEnabler","BaseMod","Best Route Mod","Block Reminder","Colored Map","Colored Powertips","Curses Come First","DeckTracker","Displayed Cursed Tome","Highlight Path","Minty Spire (QoL Compilation)","Permanent Neow","Quick Restart","Slay-I","StSLib"],"gold_per_floor":[11,31,44,58,58,58,68,68,68,68,68,68,78,107,107,228,228,246,258,270,190,190,190,215,229,229,258,258,310,328,362,362,362,362],"floor_reached":33,"language":"ENG","playtime":3165,"items_purged":[],"score":457,"play_id":"114028eb-92cd-42d8-bcd6-2540ac9ff823","local_time":"20210212142915","is_ascension_mode":true,"campfire_choices":[{"data":"True Grit","floor":6.0,"key":"SMITH"},{"data":"Defend_R","floor":8.0,"key":"SMITH"},{"data":"Defend_R","floor":10.0,"key":"SMITH"},{"data":"Exhume","floor":12.0,"key":"SMITH"},{"data":"Rage","floor":15.0,"key":"SMITH"},{"data":"Rupture","floor":23.0,"key":"SMITH"},{"floor":28,"key":"REST"},{"data":"Body Slam","floor":32,"key":"SMITH"}],"circlet_count":0,"master_deck":["Strike_R","Strike_R","Strike_R","Strike_R","Defend_R+1","Defend_R+1","Bash","Body Slam+1","Brutality","True Grit+1","Rage+1","Evolve","Anger","Cleave","Exhume+1","Shrug It Off","Impervious+1","Iron Wave","Rupture+1","Fire Breathing+1","Rage+1","Offering+1","Metallicize+1","Iron Wave"],"relics":["Black Blood","Paper Frog","The Courier","Bottled Lightning","Question Card","War Paint","Nunchaku","Pear"],"acts_visited":["TheCity"],"potions_floor_usage":[31,31,33],"damage_taken":[{"damage":1.0,"enemies":"Cultist","floor":1.0,"turns":4.0},{"damage":4.0,"enemies":"2 Louse","floor":2.0,"turns":4.0},{"damage":0.0,"enemies":"Jaw Worm","floor":3.0,"turns":5.0},{"damage":17.0,"enemies":"3 Louse","floor":4.0,"turns":6.0},{"damage":19.0,"enemies":"Lots of Slimes","floor":7.0,"turns":6.0},{"damage":0.0,"enemies":"2 Fungi Beasts","floor":13.0,"turns":3.0},{"damage":25.0,"enemies":"Gremlin Nob","floor":14.0,"turns":4.0},{"damage":31.0,"enemies":"The Guardian","floor":16.0,"turns":11.0},{"damage":12.0,"enemies":"Spheric Guardian","floor":18.0,"turns":6.0},{"damage":0.0,"enemies":"3 Byrds","floor":19.0,"turns":4.0},{"damage":55.0,"enemies":"Snecko","floor":20.0,"turns":8.0},{"damage":29.0,"enemies":"Book of Stabbing","floor":24.0,"turns":6.0},{"damage":29,"enemies":"Centurion and Healer","floor":25,"turns":4},{"damage":37,"enemies":"Slavers","floor":27,"turns":7},{"damage":14,"enemies":"3 Cultists","floor":30,"turns":3},{"damage":12,"enemies":"Gremlin Leader","floor":31,"turns":2},{"damage":65,"enemies":"Collector","floor":33,"turns":7}],"seed_played":"-5440727156609284128","potions_obtained":[{"floor":4.0,"key":"Strength Potion"},{"floor":7.0,"key":"ColorlessPotion"},{"floor":13.0,"key":"SkillPotion"},{"floor":16.0,"key":"LiquidBronze"},{"floor":20.0,"key":"Regen Potion"},{"floor":25,"key":"LiquidMemories"},{"floor":27,"key":"LiquidMemories"},{"floor":30,"key":"LiquidBronze"},{"floor":31,"key":"Fruit Juice"}],"is_trial":false,"path_per_floor":["M","M","M","M","?","R","M","R","T","R","?","R","M","E","R","B",null,"M","M","M","$","?","R","E","M","T","E","R","T","M","E","R","B"],"character_chosen":"IRONCLAD","items_purchased":["FairyPotion"],"campfire_rested":1,"item_purchase_floors":[21],"current_hp_per_floor":[77,79,80,69,74,74,61,61,61,61,61,61,67,48,48,23,70,70,82,39,39,39,39,37,20,20,27,52,52,50,65,65,0,0],"gold":362,"neow_bonus":"TRANSFORM_TWO_CARDS","is_daily":false,"chose_seed":false,"campfire_upgraded":7,"win_rate":0.0,"timestamp":1613129355,"path_taken":["M","M","M","M","?","R","M","R","T","R","?","R","M","E","R","BOSS","M","M","M","$","?","R","E","M","T","E","R","?","M","E","R","BOSS"],"items_purchased_type":["Potion"],"build_version":"2020-12-22","purchased_purges":0,"victory":false,"max_hp_per_floor":[80,80,80,80,85,85,85,85,85,85,85,85,85,85,85,85,85,85,85,85,85,85,85,85,85,85,85,85,85,85,100,100,100,100],"card_choices":[{"not_picked":["Clothesline","Thunderclap"],"picked":"True Grit","floor":1.0},{"not_picked":["Burning Pact","Dropkick"],"picked":"Rage","floor":2.0},{"not_picked":["Carnage","Havoc"],"picked":"Evolve","floor":3.0},{"not_picked":["Sword Boomerang","Clothesline"],"picked":"Anger","floor":4.0},{"not_picked":["Thunderclap","Fire Breathing"],"picked":"Cleave","floor":7.0},{"not_picked":["Sword Boomerang","Burning Pact","Spot Weakness"],"picked":"SKIP","floor":13.0},{"not_picked":["Body Slam","Uppercut"],"picked":"Shrug It Off","floor":14.0},{"not_picked":["Fiend Fire","Demon Form"],"picked":"Impervious","floor":16.0},{"not_picked":["Twin Strike","Warcry"],"picked":"Iron Wave","floor":18.0},{"not_picked":["Warcry","True Grit+1"],"picked":"Rupture","floor":19.0},{"not_picked":["Rupture","Anger"],"picked":"Fire Breathing+1","floor":20.0},{"not_picked":["Hemokinesis","Ghostly Armor"],"picked":"Offering","floor":24},{"not_picked":["Uppercut","Body Slam","Evolve"],"picked":"SKIP","floor":25},{"not_picked":["Dark Embrace","Havoc+1","Uppercut","Evolve"],"picked":"SKIP","floor":27},{"not_picked":["Second Wind","Thunderclap","Body Slam"],"picked":"Metallicize+1","floor":30},{"not_picked":["Whirlwind+1","Perfected Strike","Cleave"],"picked":"Iron Wave","floor":31}],"player_experience":424044,"relics_obtained":[{"floor":9.0,"key":"Paper Frog"},{"floor":14.0,"key":"The Courier"},{"floor":24,"key":"Bottled Lightning"},{"floor":26,"key":"Question Card"},{"floor":27,"key":"War Paint"},{"floor":29,"key":"Nunchaku"},{"floor":31,"key":"Pear"}],"event_choices":[{"damage_healed":0.0,"max_hp_gain":5.0,"max_hp_loss":0.0,"gold_gain":0.0,"event_name":"Big Fish","player_choice":"Donut","floor":5.0,"gold_loss":0.0,"damage_taken":0.0},{"damage_healed":0.0,"max_hp_gain":0.0,"max_hp_loss":0.0,"gold_gain":0.0,"cards_transformed":["Defend_R"],"event_name":"Living Wall","player_choice":"Change","floor":11.0,"gold_loss":0.0,"damage_taken":0.0,"cards_obtained":["Exhume"]},{"damage_healed":0.0,"max_hp_gain":0.0,"max_hp_loss":0.0,"gold_gain":0.0,"event_name":"Duplicator","player_choice":"Copied","floor":22.0,"gold_loss":0.0,"damage_taken":0.0,"cards_obtained":["Rage"]}],"is_beta":false,"boss_relics":[{"not_picked":["Runic Cube","SlaversCollar"],"picked":"Black Blood"}],"items_purged_floors":[],"is_endless":false,"potions_floor_spawned":[4,7,13,16,20,25,27,30,31],"killed_by":"Collector","ascension_level":6}}