{"host":"pqs17sqrgflf4eqa","time":1613164343,"event":{"mods":["AchievementEnabler","BaseMod","Bestiary","Better Altar","Better Match","Better Skull","Block Reminder","Bossed Relics","Colored Map","Colored Powertips","Curses Come First","Dark Map","DeckTracker","Defective Defect","Displayed Cursed Tome","Emptier Cage","Googly Eyes","Highlight Path","Minty Spire (QoL Compilation)","Quick Restart","Slay-I","StSLib","SuperFastMode","Synergy Search","Thieving Mod","Transform Curses","everything is the same but u backflip on backflip","slay the spire mod where everything is the same but ironclad has a cowboy hat"],"gold_per_floor":[112,124,4,4,23,64,64,78,78,117,43,43,43,66,66,66,66],"floor_reached":16,"language":"ENG","playtime":519,"items_purged":[],"score":138,"play_id":"107c32f2-cdec-45c1-b6a0-f66bdd24dfb7","local_time":"20210212161223","is_ascension_mode":true,"campfire_choices":[{"floor":13,"key":"REST"},{"data":"Eruption","floor":15,"key":"SMITH"}],"circlet_count":0,"master_deck":["Strike_P","Strike_P","Strike_P","Defend_P","Defend_P","Defend_P","Defend_P","Eruption+1","Vigilance","DeceiveReality","WreathOfFlame","EmptyBody","MentalFortress","Consecrate","Consecrate","Fasting2"],"relics":["PureWater","Golden Idol","Bottled Tornado","Mercury Hourglass","Bottled Lightning"],"acts_visited":["Exordium"],"potions_floor_usage":[1,6,6,16],"damage_taken":[{"damage":0,"enemies":"Cultist","floor":1,"turns":2},{"damage":0,"enemies":"Jaw Worm","floor":2,"turns":4},{"damage":7,"enemies":"2 Louse","floor":5,"turns":3},{"damage":12,"enemies":"Lagavulin","floor":6,"turns":7},{"damage":30,"enemies":"Gremlin Gang","floor":8,"turns":5},{"damage":16,"enemies":"3 Sentries","floor":10,"turns":6},{"damage":9,"enemies":"Red Slaver","floor":14,"turns":3},{"damage":27,"enemies":"Hexaghost","floor":16,"turns":11}],"seed_played":"-6705552079116594479","potions_obtained":[{"floor":1,"key":"Fruit Juice"},{"floor":2,"key":"PowerPotion"},{"floor":5,"key":"Swift Potion"},{"floor":14,"key":"Weak Potion"}],"is_trial":false,"path_per_floor":["M","M","$","?","M","E","$","M","T","E","$","?","R","M","R","B"],"character_chosen":"WATCHER","items_purchased":["EmptyBody","MentalFortress","StancePotion"],"campfire_rested":1,"item_purchase_floors":[3,3,11],"current_hp_per_floor":[84,84,84,78,71,59,59,29,29,13,13,13,36,27,27,0,0],"gold":66,"neow_bonus":"TEN_PERCENT_HP_BONUS","is_daily":false,"chose_seed":false,"campfire_upgraded":1,"win_rate":0.0,"timestamp":1613164343,"path_taken":["M","M","?","?","M","E","$","M","T","E","$","?","R","M","R","BOSS"],"items_purchased_type":["Card","Card","Potion"],"build_version":"2020-12-22","purchased_purges":0,"victory":false,"max_hp_per_floor":[84,84,84,78,78,78,78,78,78,78,78,78,78,78,78,78,78],"card_choices":[{"not_picked":["FlyingSleeves","SashWhip"],"picked":"DeceiveReality","floor":1},{"not_picked":["Perseverance","FearNoEvil"],"picked":"WreathOfFlame","floor":2},{"not_picked":["Evaluate","Alpha"],"picked":"Consecrate","floor":5},{"not_picked":["SashWhip","WreathOfFlame"],"picked":"Consecrate","floor":6},{"not_picked":["PathToVictory","Meditate"],"picked":"Fasting2","floor":8},{"not_picked":["FlurryOfBlows","EmptyBody","BattleHymn"],"picked":"SKIP","floor":10},{"not_picked":["Nirvana","LikeWater","SashWhip"],"picked":"SKIP","floor":14}],"player_experience":179699,"relics_obtained":[{"floor":6,"key":"Bottled Tornado"},{"floor":9,"key":"Mercury Hourglass"},{"floor":10,"key":"Bottled Lightning"}],"event_choices":[{"damage_healed":0,"gold_gain":0,"player_choice":"Lose Max HP","damage_taken":0,"relics_obtained":["Golden Idol"],"max_hp_gain":0,"max_hp_loss":6,"event_name":"Golden Idol","floor":4,"gold_loss":0},{"cards_removed":["Strike_P"],"damage_healed":0,"gold_gain":0,"player_choice":"Offered Basic","damage_taken":0,"max_hp_gain":0,"max_hp_loss":0,"event_name":"Bonfire Elementals","floor":12,"gold_loss":0}],"is_beta":false,"boss_relics":[],"items_purged_floors":[],"is_endless":false,"potions_floor_spawned":[1,2,5,14],"killed_by":"Hexaghost","ascension_level":5}}