{"host":"8z36vytlngm24mn0","time":1613123310,"event":{"mods":["Act Like it!","Aspiration","BaseMod","Beaked The Cultist","BetterRewards","Conspire","Friendly Minions","Halation","Mimic Mod","Minty Spire (QoL Compilation)","StSLib"],"gold_per_floor":[111,127,127,137,157,189,189,204,230,244,262,295,295,310,310,412,412,427,427,92,110,110,140,171,184,221,221,239,254,285,285,285,380,380,398,417,137,148,179,204,64,78,103,137,157,171,184,210,210,210,210,210,12,42,42],"floor_reached":56,"language":"DEU","playtime":7926,"items_purged":["beaked:Strike_Y","beaked:Daydream","beaked:Defend_Y","beaked:Defend_Y"],"score":1345,"play_id":"337f56a4-fa70-443d-b0d8-f1c46291b671","local_time":"20210212104830","is_ascension_mode":false,"campfire_choices":[{"data":"beaked:DigDeep","floor":7,"key":"SMITH"},{"data":"beaked:Insight","floor":13,"key":"SMITH"},{"floor":15,"key":"RECALL"},{"data":"beaked:KnowThyFoe","floor":27,"key":"SMITH"},{"data":"beaked:MachineEssence","floor":32,"key":"SMITH"},{"data":"beaked:DesperateSwing","floor":49,"key":"SMITH"},{"data":"beaked:DesperateSwing","floor":52,"key":"SMITH"}],"circlet_count":0,"master_deck":["beaked:Strike_Y","beaked:Strike_Y","beaked:Strike_Y","beaked:Strike_Y","beaked:Defend_Y+1","beaked:Defend_Y","beaked:Ceremony+1","beaked:Ceremony","beaked:Ceremony","beaked:DigDeep+1","beaked:DesperateSwing+1","beaked:DesperateSwing+1","beaked:MimicMachine","beaked:Insight+1","beaked:Windmill","beaked:KnowThyFoe+1","beaked:CrazyRituals+1","beaked:MachineSpirit","Panache","beaked:Windmill","RitualDagger","beaked:MimicWarrior","beaked:SacrificialScars","beaked:DigDeep+1","beaked:MachineEssence+1","beaked:MachineSpirit","beaked:Caw","beaked:Evade+1","beaked:SurvivalInstinct+1","beaked:Windmill","beaked:Evade+1","beaked:Windmill+1","beaked:HuntressSpirit+1","Parasite","beaked:Insight+1"],"relics":["beaked:MendingPlumage","halation:PrussianBluePaint","Mummified Hand","SlaversCollar","halation:EternalFortune","Membership Card","Red Mask","aspiration:EmptySkull","aspiration:FrozenJewel","PreservedInsect","Coffee Dripper","Singing Bowl","Vajra","Pen Nib","Regal Pillow","aspiration:Nostalgia","Ring of the Snake","Oddly Smooth Stone","halation:TwoAmDonut","beaked:ShinyBauble","Bottled Tornado","Pantograph"],"acts_visited":["Exordium","TheCity","TheBeyond","TheEnding"],"potions_floor_usage":[21,21,24,28,29,38,44,54,55,55,55],"damage_taken":[{"damage":19,"enemies":"Small Slimes","floor":1,"turns":5},{"damage":9,"enemies":"2 Louse","floor":2,"turns":3},{"damage":7,"enemies":"Jaw Worm","floor":4,"turns":5},{"damage":19,"enemies":"Looter","floor":5,"turns":5},{"damage":41,"enemies":"3 Sentries","floor":6,"turns":7},{"damage":20,"enemies":"Large Slime","floor":8,"turns":7},{"damage":14,"enemies":"Exordium Wildlife","floor":10,"turns":6},{"damage":20,"enemies":"Blue Slaver","floor":11,"turns":5},{"damage":23,"enemies":"Lagavulin","floor":12,"turns":7},{"damage":23,"enemies":"Gremlin Gang","floor":14,"turns":4},{"damage":38,"enemies":"Hexaghost","floor":16,"turns":9},{"damage":38,"enemies":"Shell Parasite","floor":18,"turns":8},{"damage":52,"enemies":"3 Byrds","floor":21,"turns":7},{"damage":44,"enemies":"Masked Bandits","floor":23,"turns":5},{"damage":34,"enemies":"Slavers","floor":24,"turns":5},{"damage":27,"enemies":"Centurion and Healer","floor":25,"turns":6},{"damage":23,"enemies":"Snake Plant","floor":26,"turns":7},{"damage":25,"enemies":"Snake Plant","floor":28,"turns":4},{"damage":21,"enemies":"conspire:HollyBat","floor":29,"turns":7},{"damage":39,"enemies":"conspire:SneckoGhost","floor":30,"turns":6},{"damage":85,"enemies":"Champ","floor":33,"turns":9},{"damage":70,"enemies":"Orb Walker","floor":35,"turns":5},{"damage":48,"enemies":"3 Darklings","floor":36,"turns":6},{"damage":25,"enemies":"Sphere and 2 Shapes","floor":38,"turns":5},{"damage":76,"enemies":"conspire:MimicChest","floor":39,"turns":7},{"damage":99,"enemies":"Giant Head","floor":40,"turns":8},{"damage":6,"enemies":"Transient","floor":42,"turns":5},{"damage":36,"enemies":"Nemesis","floor":44,"turns":5},{"damage":28,"enemies":"Spire Growth","floor":45,"turns":4},{"damage":41,"enemies":"Writhing Mass","floor":46,"turns":5},{"damage":33,"enemies":"4 Shapes","floor":47,"turns":8},{"damage":61,"enemies":"Reptomancer","floor":48,"turns":6},{"damage":72,"enemies":"Time Eater","floor":50,"turns":7},{"damage":142,"enemies":"Shield and Spear","floor":54,"turns":6},{"damage":320,"enemies":"The Heart","floor":55,"turns":10}],"seed_played":"3310827604248891343","potions_obtained":[{"floor":1,"key":"FearPotion"},{"floor":5,"key":"Weak Potion"},{"floor":12,"key":"GamblersBrew"},{"floor":16,"key":"Energy Potion"},{"floor":21,"key":"SteroidPotion"},{"floor":28,"key":"ColorlessPotion"},{"floor":29,"key":"GamblersBrew"},{"floor":33,"key":"Dexterity Potion"},{"floor":36,"key":"GamblersBrew"},{"floor":42,"key":"Strength Potion"},{"floor":45,"key":"DuplicationPotion"},{"floor":54,"key":"Swift Potion"}],"is_trial":false,"path_per_floor":["M","M","?","M","M","E","R","M","T","M","M","E","R","M","R","B",null,"M","?","$","M","?","?","E","M","MIM","R","M","M","E","?","R","B",null,"M","M","$","M","?","E","$","M","T","E","M","M","M","E","R","B",null,"R","$","E","B",null],"character_chosen":"BEAKED_THE_CULTIST","items_purchased":["Membership Card","beaked:MachineSpirit","Panache","beaked:Windmill","Singing Bowl","beaked:Windmill","Vajra","aspiration:Nostalgia","Bottled Tornado"],"campfire_rested":0,"item_purchase_floors":[20,20,20,20,37,37,37,41,53],"current_hp_per_floor":[46,44,33,39,41,25,25,33,33,44,38,47,47,40,40,44,55,45,48,48,32,26,25,35,38,58,58,48,61,60,60,60,28,70,43,71,71,78,80,15,15,54,54,86,78,97,86,77,77,106,106,106,106,108,20],"gold":42,"neow_bonus":"TEN_PERCENT_HP_BONUS","is_daily":false,"chose_seed":false,"campfire_upgraded":6,"win_rate":0.0,"timestamp":1613123310,"path_taken":["M","M","?","M","M","E","R","M","T","M","M","E","R","M","R","BOSS","M","?","$","M","?","?","E","M","MIM","R","M","?","E","?","R","BOSS","M","M","$","?","?","E","$","M","T","E","M","M","M","E","R","BOSS","R","$","E","BOSS"],"items_purchased_type":["Relic","Card","Card","Card","Relic","Card","Relic","Relic","Relic"],"build_version":"2020-12-22","purchased_purges":4,"victory":true,"max_hp_per_floor":[55,55,55,55,55,55,55,55,55,55,55,55,55,55,55,55,55,55,58,58,58,58,58,58,60,62,62,64,66,68,68,68,70,70,72,74,74,78,80,87,87,89,89,93,93,97,102,106,106,106,106,106,106,108,108],"card_choices":[{"not_picked":["beaked:RuinSticks","beaked:CursingBlood"],"picked":"beaked:DigDeep","floor":1},{"not_picked":["beaked:Evade","beaked:Pecker"],"picked":"beaked:Daydream","floor":2},{"not_picked":["beaked:WarriorEssence","beaked:Windmill","beaked:Daydream"],"picked":"SKIP","floor":4},{"not_picked":["beaked:MimicMachine","beaked:TuckingFeathers"],"picked":"beaked:DesperateSwing","floor":5},{"not_picked":["beaked:TuckingFeathers","beaked:SacrificialAttack","beaked:Brainwash"],"picked":"SKIP","floor":6},{"not_picked":["beaked:MimicMachine","beaked:SacrificialDive"],"picked":"beaked:DesperateSwing","floor":8},{"not_picked":["beaked:Windmill","beaked:TuckingFeathers"],"picked":"beaked:MimicMachine","floor":10},{"not_picked":["beaked:BraceForImpact","beaked:Recite"],"picked":"beaked:Insight","floor":11},{"not_picked":["beaked:BounceBack","beaked:Daydream"],"picked":"beaked:Windmill","floor":12},{"not_picked":["beaked:SurvivalInstinct","beaked:Tweet","beaked:Cower"],"picked":"SKIP","floor":14},{"not_picked":["beaked:Sacrifice","beaked:SacrificialScars"],"picked":"beaked:KnowThyFoe","floor":16},{"not_picked":["beaked:SurvivalInstinct","beaked:MimicHuntress"],"picked":"beaked:CrazyRituals","floor":18},{"not_picked":["beaked:HuntressEssence","beaked:Poke","beaked:SurvivalInstinct"],"picked":"SKIP","floor":21},{"not_picked":["beaked:Foresight","beaked:Tradeoff+1"],"picked":"beaked:MimicWarrior","floor":23},{"not_picked":["beaked:Windmill+1","beaked:DesperateSwing+1"],"picked":"beaked:SacrificialScars","floor":24},{"not_picked":["beaked:BarbedWire","beaked:TuckingFeathers","beaked:Flinch+1"],"picked":"SKIP","floor":25},{"not_picked":["beaked:Resilience","beaked:Flinch"],"picked":"beaked:DigDeep+1","floor":28},{"not_picked":["beaked:SacrificialAttack","beaked:BraceForImpact"],"picked":"beaked:MachineEssence","floor":29},{"not_picked":["beaked:Resilience","beaked:Daydream"],"picked":"beaked:MachineSpirit","floor":30},{"not_picked":["beaked:VolatileMisfortune","beaked:Brainwash"],"picked":"beaked:Caw","floor":33},{"not_picked":["beaked:Recite","beaked:DesperateSwing"],"picked":"beaked:Evade+1","floor":35},{"not_picked":["beaked:WarriorEssence+1","beaked:Poke"],"picked":"beaked:SurvivalInstinct+1","floor":36},{"not_picked":["beaked:Resilience","beaked:MimicMachine+1","beaked:WindBringer+1"],"picked":"Singing Bowl","floor":38},{"not_picked":["beaked:MachineSpirit","beaked:Tweet"],"picked":"beaked:Evade+1","floor":39},{"not_picked":["beaked:Redirect","beaked:FullHouse","beaked:Pecker+1"],"picked":"Singing Bowl","floor":40},{"not_picked":["beaked:Flinch","beaked:MachineSpirit+1"],"picked":"beaked:Windmill+1","floor":42},{"not_picked":["beaked:Poke+1","beaked:Recite","beaked:SacrificialAttack"],"picked":"Singing Bowl","floor":44},{"not_picked":["beaked:Struggle+1","beaked:BarbedWire+1"],"picked":"beaked:HuntressSpirit+1","floor":45},{"not_picked":["beaked:Resilience+1","beaked:Recite+1","beaked:FeelMyPain"],"picked":"Singing Bowl","floor":46},{"not_picked":["beaked:Hexing+1","beaked:BloodForTheGods"],"picked":"beaked:Insight+1","floor":47},{"not_picked":["beaked:Daydream","beaked:Tweet+1","beaked:WarriorEssence"],"picked":"Singing Bowl","floor":48},{"not_picked":["beaked:WindBringer+1","beaked:BraceForImpact","beaked:MimicHuntress+1"],"picked":"Singing Bowl","floor":54}],"player_experience":614643,"relics_obtained":[{"floor":6,"key":"halation:PrussianBluePaint"},{"floor":12,"key":"Mummified Hand"},{"floor":23,"key":"Red Mask"},{"floor":24,"key":"aspiration:EmptySkull"},{"floor":26,"key":"aspiration:FrozenJewel"},{"floor":30,"key":"PreservedInsect"},{"floor":39,"key":"Pen Nib"},{"floor":40,"key":"halation:EternalFortune"},{"floor":40,"key":"Regal Pillow"},{"floor":43,"key":"Oddly Smooth Stone"},{"floor":44,"key":"halation:TwoAmDonut"},{"floor":47,"key":"halation:EternalFortune"},{"floor":48,"key":"beaked:ShinyBauble"},{"floor":54,"key":"Pantograph"}],"event_choices":[{"damage_healed":0,"gold_gain":0,"player_choice":"Entered Light","damage_taken":11,"max_hp_gain":0,"max_hp_loss":0,"event_name":"Shining Light","floor":3,"gold_loss":0,"cards_upgraded":["beaked:Ceremony","beaked:Defend_Y"]},{"damage_healed":0,"gold_gain":0,"player_choice":"Joined the Cult","damage_taken":6,"max_hp_gain":0,"max_hp_loss":0,"event_name":"Nest","floor":22,"gold_loss":0,"cards_obtained":["RitualDagger"]},{"damage_healed":0,"gold_gain":0,"player_choice":"Fought Bandits","damage_taken":0,"max_hp_gain":0,"max_hp_loss":0,"event_name":"Masked Bandits","floor":23,"gold_loss":0},{"damage_healed":0,"gold_gain":0,"player_choice":"Upgraded","damage_taken":0,"max_hp_gain":0,"max_hp_loss":0,"event_name":"Upgrade Shrine","floor":31,"gold_loss":0,"cards_upgraded":["beaked:CrazyRituals"]}],"is_beta":false,"boss_relics":[{"not_picked":["Tiny House","SacredBark"],"picked":"SlaversCollar"},{"not_picked":["Pandora\u0027s Box","halation:PlatinumPhoenix"],"picked":"Coffee Dripper"}],"items_purged_floors":[20,37,41,53],"is_endless":false,"potions_floor_spawned":[1,5,12,14,16,18,21,28,29,33,36,42,45,46,54],"ascension_level":0}}