{"host":"vyiqbz5w606ur92t","time":1613171034,"event":{"mods":["BaseMod","Downfall","Minty Spire (QoL Compilation)","StSLib"],"gold_per_floor":[99,119,130,148,166,197,243,243,243,263,263,263,263],"floor_reached":11,"language":"ENG","playtime":651,"items_purged":[],"score":101,"play_id":"7b162a09-23c8-47ab-ad50-08784ec7260f","local_time":"20210212230354","is_ascension_mode":true,"campfire_choices":[{"data":"Secret Technique","floor":1,"key":"SMITH"},{"data":"champ:Taunt","floor":9,"key":"SMITH"}],"circlet_count":0,"master_deck":["champ:Strike","champ:Strike","champ:Strike","champ:Strike","champ:Defend","champ:Defend","champ:Defend","champ:Defend","champ:Execute","champ:Taunt+1","Secret Technique+1","champ:StanceDance","champ:AdrenalArmor","champ:SwordSigil","champ:BerserkerStyle","champ:EndlessRage"],"relics":["champ:ChampionCrown","bronze:DecasWashers","Pen Nib"],"acts_visited":["Exordium"],"potions_floor_usage":[6,10],"damage_taken":[{"damage":10,"enemies":"2 Louse","floor":2,"turns":3},{"damage":11,"enemies":"Cultist","floor":3,"turns":3},{"damage":11,"enemies":"Small Slimes","floor":4,"turns":4},{"damage":29,"enemies":"3 Louse","floor":5,"turns":5},{"damage":45,"enemies":"Gremlin Nob","floor":6,"turns":4},{"damage":25,"enemies":"Blue Slaver","floor":10,"turns":2},{"damage":85,"enemies":"3 Sentries","floor":11,"turns":5}],"seed_played":"-4772091661508014142","potions_obtained":[{"floor":5,"key":"champ:CounterPotion"},{"floor":6,"key":"LiquidMemories"}],"is_trial":false,"path_per_floor":["R","M","M","M","M","E","T","?","R","M","E"],"character_chosen":"THE_CHAMP","items_purchased":[],"campfire_rested":0,"item_purchase_floors":[],"current_hp_per_floor":[81,81,80,79,70,50,50,50,50,50,0,0,0],"gold":263,"neow_bonus":"RANDOM_COLORLESS_2","is_daily":false,"chose_seed":false,"campfire_upgraded":2,"win_rate":0.0,"timestamp":1613171034,"path_taken":["R","M","M","M","M","E","T","?","R","M","E"],"items_purchased_type":[],"build_version":"2020-12-22","purchased_purges":0,"victory":false,"max_hp_per_floor":[81,81,81,81,81,81,81,81,81,81,81,81,81],"card_choices":[{"not_picked":["Secret Weapon","Mayhem"],"picked":"Secret Technique","floor":0},{"not_picked":["champ:EnragedBash","champ:FlashCut"],"picked":"champ:StanceDance","floor":2},{"not_picked":["champ:BladeFlurry","champ:BerserkersShout"],"picked":"champ:PreemptiveStrike","floor":3},{"not_picked":["champ:FaceSlap","champ:Endure"],"picked":"champ:AdrenalArmor","floor":4},{"not_picked":["champ:GladiatorStyle","champ:BringItOn"],"picked":"champ:SwordSigil","floor":5},{"not_picked":["champ:FaceSlap","champ:CrownThrow"],"picked":"champ:BerserkerStyle","floor":6},{"not_picked":["champ:Endure","champ:SetATrap"],"picked":"champ:EndlessRage","floor":10}],"player_experience":1755748,"relics_obtained":[{"floor":6,"key":"bronze:DecasWashers"},{"floor":7,"key":"Pen Nib"}],"event_choices":[{"cards_removed":["champ:PreemptiveStrike"],"damage_healed":0,"gold_gain":0,"player_choice":"Card Removal","damage_taken":0,"max_hp_gain":0,"max_hp_loss":0,"event_name":"The Cleric","floor":8,"gold_loss":0}],"is_beta":false,"boss_relics":[],"items_purged_floors":[],"is_endless":false,"potions_floor_spawned":[5,6],"killed_by":"3 Sentries","ascension_level":7}}