{"host":"3c8x8j1h2jyrixpf","time":1613170251,"event":{"mods":["BaseMod","Colored Powertips","Highlight Path","Minty Spire (QoL Compilation)","StSLib"],"gold_per_floor":[116,131,154,171,171,171,198,198,198,233,113,125,125,125,125,255,255,279,300,300,9,30,30,49,92,117,117,156,180,26,47,47,167,167,186,119,119,452,463,463,474,474,526,552,569,622,657,193,193,193,193,193,50,83,83,83],"floor_reached":55,"language":"ENG","playtime":2288,"items_purged":["Strike_B","Strike_B"],"score":1297,"play_id":"87f05b0f-fb00-41ce-baf4-b8e02c23ec0e","local_time":"20210212165051","is_ascension_mode":true,"campfire_choices":[{"data":"Defragment","floor":6.0,"key":"SMITH"},{"data":"Coolheaded","floor":15.0,"key":"SMITH"},{"data":"Apotheosis","floor":23.0,"key":"SMITH"},{"floor":27.0,"key":"REST"},{"floor":32,"key":"REST"},{"floor":40,"key":"RECALL"},{"floor":42,"key":"REST"},{"floor":49,"key":"DIG"},{"floor":52,"key":"DIG"}],"circlet_count":0,"master_deck":["AscendersBane","Strike_B+1","Defend_B","Defend_B","Defend_B","Defend_B","Zap","Dualcast","Defragment+1","Ball Lightning+1","Hello World+1","Defragment+1","Ball Lightning","Coolheaded+1","Electrodynamics+1","Loop+1","Apotheosis+1","Cold Snap","Glacier","Capacitor+1","Buffer+1","Reinforced Body","Glacier","Impatience","Coolheaded+1","Consume","Storm+1","Reinforced Body+1"],"relics":["Cracked Core","NeowsBlessing","Anchor","Pocketwatch","Frozen Egg 2","Dream Catcher","MealTicket","Philosopher\u0027s Stone","Symbiotic Virus","PreservedInsect","Happy Flower","Medical Kit","Nuclear Battery","Whetstone","Shovel","Pantograph","Frozen Eye","Bird Faced Urn","Art of War","Eternal Feather","Calipers"],"acts_visited":["Exordium","TheCity","TheBeyond","TheEnding"],"potions_floor_usage":[33,55,55,55],"damage_taken":[{"damage":0.0,"enemies":"Cultist","floor":1.0,"turns":1.0},{"damage":0.0,"enemies":"Small Slimes","floor":2.0,"turns":1.0},{"damage":0.0,"enemies":"2 Louse","floor":4.0,"turns":1.0},{"damage":16.0,"enemies":"Gremlin Nob","floor":7.0,"turns":3.0},{"damage":6.0,"enemies":"Lagavulin","floor":10.0,"turns":6.0},{"damage":0.0,"enemies":"Gremlin Gang","floor":12.0,"turns":3.0},{"damage":0.0,"enemies":"Slime Boss","floor":16.0,"turns":7.0},{"damage":21.0,"enemies":"3 Byrds","floor":18.0,"turns":2.0},{"damage":2.0,"enemies":"Spheric Guardian","floor":19.0,"turns":3.0},{"damage":8.0,"enemies":"Centurion and Healer","floor":22.0,"turns":2.0},{"damage":21.0,"enemies":"Snake Plant","floor":24.0,"turns":3.0},{"damage":28.0,"enemies":"Book of Stabbing","floor":25.0,"turns":5.0},{"damage":0,"enemies":"Gremlin Leader","floor":28,"turns":4},{"damage":4,"enemies":"Sentry and Sphere","floor":29,"turns":3},{"damage":22,"enemies":"Shelled Parasite and Fungi","floor":31,"turns":5},{"damage":7,"enemies":"Champ","floor":33,"turns":9},{"damage":32,"enemies":"3 Darklings","floor":35,"turns":4},{"damage":0,"enemies":"Orb Walker","floor":39,"turns":4},{"damage":13,"enemies":"Writhing Mass","floor":41,"turns":6},{"damage":0,"enemies":"Nemesis","floor":44,"turns":7},{"damage":0,"enemies":"Maw","floor":45,"turns":9},{"damage":28,"enemies":"2 Orb Walkers","floor":46,"turns":4},{"damage":0,"enemies":"Giant Head","floor":47,"turns":10},{"damage":2,"enemies":"Time Eater","floor":50,"turns":11},{"damage":48,"enemies":"Shield and Spear","floor":54,"turns":4},{"damage":70,"enemies":"The Heart","floor":55,"turns":5}],"seed_played":"-3798966755820722509","potions_obtained":[{"floor":4.0,"key":"Fire Potion"},{"floor":12.0,"key":"SneckoOil"},{"floor":16.0,"key":"AttackPotion"},{"floor":19.0,"key":"Dexterity Potion"},{"floor":20.0,"key":"Fruit Juice"},{"floor":20.0,"key":"PotionOfCapacity"},{"floor":22.0,"key":"CultistPotion"},{"floor":31,"key":"EssenceOfSteel"},{"floor":41,"key":"Fire Potion"},{"floor":47,"key":"LiquidBronze"}],"is_trial":false,"path_per_floor":["M","M","T","M","?","R","E","?","T","E","$","M","?","$","R","B",null,"M","M","?","$","M","R","M","E","T","R","E","M","$","M","R","B",null,"M","$","?","?","M","R","M","R","T","E","M","?","E","$","R","B",null,"R","$","E","B"],"character_chosen":"DEFECT","items_purchased":["Ball Lightning","Apotheosis","Medical Kit","Glacier","Frozen Eye","Bird Faced Urn","Consume","Storm+1"],"campfire_rested":3,"item_purchase_floors":[11,21,30,36,48,48,53,53],"current_hp_per_floor":[68,68,68,68,61,61,45,45,45,39,54,54,54,69,69,69,69,48,46,51,66,58,58,37,9,9,31,31,27,42,20,42,35,64,32,47,47,47,47,47,34,56,56,56,56,28,28,43,43,74,74,74,74,32,0,0],"gold":83,"neow_bonus":"THREE_ENEMY_KILL","is_daily":false,"chose_seed":false,"campfire_upgraded":3,"win_rate":0.0,"timestamp":1613170251,"path_taken":["M","M","?","?","?","R","E","?","T","E","$","?","?","?","R","BOSS","M","M","?","$","?","R","M","E","T","R","E","M","$","M","R","BOSS","M","$","?","?","M","R","M","R","T","E","M","?","E","?","R","BOSS","R","$","E","BOSS"],"items_purchased_type":["Card","Card","Relic","Card","Relic","Relic","Card","Card"],"build_version":"2020-12-22","purchased_purges":2,"victory":false,"max_hp_per_floor":[75,75,75,75,75,75,75,75,75,75,75,75,69,69,69,69,69,69,69,74,74,74,74,74,74,74,74,74,74,74,74,74,74,74,74,74,74,74,74,74,74,74,74,74,74,74,74,74,74,74,74,74,74,74,74,74],"card_choices":[{"not_picked":["Cold Snap","Skim"],"picked":"Defragment","floor":1.0},{"not_picked":["Rip and Tear","Streamline","Barrage"],"picked":"SKIP","floor":2.0},{"not_picked":["Hello World","Rebound"],"picked":"Ball Lightning","floor":4.0},{"not_picked":["Blizzard","Beam Cell"],"picked":"Hello World+1","floor":7.0},{"not_picked":["Rip and Tear","Heatsinks+1"],"picked":"Defragment+1","floor":10.0},{"not_picked":["Sunder","Aggregate"],"picked":"Coolheaded","floor":12.0},{"not_picked":["Core Surge","Meteor Strike"],"picked":"Electrodynamics+1","floor":16.0},{"not_picked":["Streamline","Compile Driver","Leap"],"picked":"SKIP","floor":18.0},{"not_picked":["Conserve Battery+1","Stack+1"],"picked":"Loop+1","floor":19.0},{"not_picked":["Redo+1","Steam","Stack"],"picked":"SKIP","floor":22.0},{"not_picked":["Compile Driver","Streamline"],"picked":"Cold Snap","floor":24.0},{"not_picked":["Aggregate","Barrage+1","Rainbow"],"picked":"SKIP","floor":25.0},{"not_picked":["Reboot","Biased Cognition+1"],"picked":"Glacier","floor":28},{"not_picked":["Doom and Gloom","Aggregate+1","Reprogram+1"],"picked":"SKIP","floor":29},{"not_picked":["Rebound","Hologram"],"picked":"Capacitor+1","floor":31},{"not_picked":["Seek","Multi-Cast"],"picked":"Buffer+1","floor":33},{"not_picked":["Beam Cell","Barrage+1"],"picked":"Reinforced Body","floor":35},{"not_picked":["Sadistic Nature+1","Secret Weapon"],"picked":"Impatience","floor":37},{"not_picked":["Turbo+1","Leap","Hologram"],"picked":"SKIP","floor":39},{"not_picked":["Recycle","Leap"],"picked":"Coolheaded+1","floor":41},{"not_picked":["Conserve Battery+1","Rip and Tear","Hologram+1"],"picked":"SKIP","floor":44},{"not_picked":["Go for the Eyes+1","Cold Snap+1","Beam Cell+1"],"picked":"SKIP","floor":45},{"not_picked":["Conserve Battery","Aggregate+1","Stack+1"],"picked":"SKIP","floor":47},{"not_picked":["Compile Driver","Coolheaded+1"],"picked":"Reinforced Body+1","floor":54}],"player_experience":236960,"relics_obtained":[{"floor":3.0,"key":"Anchor"},{"floor":7.0,"key":"Frozen Egg 2"},{"floor":9.0,"key":"Dream Catcher"},{"floor":10.0,"key":"MealTicket"},{"floor":25.0,"key":"Symbiotic Virus"},{"floor":26.0,"key":"PreservedInsect"},{"floor":28,"key":"Happy Flower"},{"floor":44,"key":"Whetstone"},{"floor":46,"key":"Shovel"},{"floor":47,"key":"Pantograph"},{"floor":49,"key":"Art of War"},{"floor":52,"key":"Eternal Feather"},{"floor":54,"key":"Calipers"}],"event_choices":[{"damage_healed":0.0,"max_hp_gain":0.0,"max_hp_loss":0.0,"gold_gain":0.0,"event_name":"Scrap Ooze","player_choice":"Success","floor":5.0,"gold_loss":0.0,"damage_taken":7.0,"relics_obtained":["Pocketwatch"]},{"cards_removed":["Strike_B"],"damage_healed":0.0,"max_hp_gain":0.0,"max_hp_loss":0.0,"gold_gain":0.0,"event_name":"Bonfire Elementals","player_choice":"Offered Basic","floor":8.0,"gold_loss":0.0,"damage_taken":0.0},{"damage_healed":0.0,"max_hp_gain":0.0,"max_hp_loss":6.0,"gold_gain":0.0,"event_name":"Golden Idol","player_choice":"Lose Max HP","floor":13.0,"gold_loss":0.0,"damage_taken":0.0,"relics_obtained":["Golden Idol"]},{"damage_healed":0.0,"max_hp_gain":0.0,"max_hp_loss":0.0,"gold_gain":0.0,"event_name":"Lab","player_choice":"Got Potions","floor":20.0,"gold_loss":0.0,"damage_taken":0.0},{"damage_healed":0,"gold_gain":0,"player_choice":"Memory 1","damage_taken":0,"max_hp_gain":0,"max_hp_loss":0,"event_name":"SensoryStone","floor":37,"gold_loss":0},{"damage_healed":0,"gold_gain":333,"player_choice":"Gave Idol","damage_taken":0,"max_hp_gain":0,"max_hp_loss":0,"event_name":"The Moai Head","floor":38,"relics_lost":["Golden Idol"],"gold_loss":0},{"damage_healed":0,"gold_gain":0,"player_choice":"Fight","damage_taken":0,"max_hp_gain":0,"max_hp_loss":0,"event_name":"Mysterious Sphere","floor":46,"gold_loss":0}],"is_beta":false,"boss_relics":[{"not_picked":["Runic Dome","Runic Pyramid"],"picked":"Philosopher\u0027s Stone"},{"not_picked":["Tiny House","FrozenCore"],"picked":"Nuclear Battery"}],"items_purged_floors":[11,21],"is_endless":false,"potions_floor_spawned":[4,12,16,19,22,25,31,41,46,47],"killed_by":"The Heart","ascension_level":10}}