{"host":"e8062yfkmywf26f0","time":1613174076,"event":{"mods":["AchievementEnabler","BaseMod","Colored Map","Minty Spire (QoL Compilation)","Quick Restart","Shop Mod","StSLib"],"gold_per_floor":[109,125,125,300,315,330,362,379,379,379,379],"floor_reached":10,"language":"ENG","playtime":663,"items_purged":[],"score":70,"play_id":"07233be3-6419-4ca1-b126-0ed2f15b3525","local_time":"20210212235436","is_ascension_mode":false,"campfire_choices":[],"circlet_count":0,"master_deck":["Strike_G","Strike_G","Strike_G","Strike_G","Strike_G","Defend_G","Defend_G","Defend_G","Defend_G","Defend_G","Survivor","Neutralize","Deadly Poison","Bane","Doubt","Blade Dance","Deadly Poison","Outmaneuver"],"relics":["Velvet Choker","Toy Ornithopter","CaptainsWheel"],"acts_visited":["Exordium"],"potions_floor_usage":[7],"damage_taken":[{"damage":0,"enemies":"2 Louse","floor":1,"turns":2},{"damage":2,"enemies":"Small Slimes","floor":2,"turns":4},{"damage":2,"enemies":"Jaw Worm","floor":5,"turns":5},{"damage":16,"enemies":"Gremlin Gang","floor":6,"turns":5},{"damage":22,"enemies":"3 Sentries","floor":7,"turns":8},{"damage":1,"enemies":"3 Louse","floor":8,"turns":3},{"damage":32,"enemies":"Gremlin Nob","floor":10,"turns":4}],"seed_played":"-9158730979721598380","potions_obtained":[{"floor":1,"key":"Energy Potion"},{"floor":2,"key":"Explosive Potion"},{"floor":6,"key":"ColorlessPotion"}],"is_trial":false,"path_per_floor":["M","M","?","?","M","M","E","M","T","E"],"character_chosen":"THE_SILENT","items_purchased":[],"campfire_rested":0,"item_purchase_floors":[],"current_hp_per_floor":[70,68,68,68,66,50,28,27,27,0,0],"gold":379,"neow_bonus":"BOSS_RELIC","is_daily":false,"chose_seed":false,"campfire_upgraded":0,"win_rate":0.0,"timestamp":1613174076,"path_taken":["M","M","?","?","?","?","E","M","T","E"],"items_purchased_type":[],"build_version":"2020-12-22","purchased_purges":0,"victory":false,"max_hp_per_floor":[70,70,70,70,70,70,70,70,70,70,70],"card_choices":[{"not_picked":["Catalyst","Expertise"],"picked":"Deadly Poison","floor":1},{"not_picked":["Deflect","Eviscerate"],"picked":"Bane","floor":2},{"not_picked":["Dodge and Roll","Sucker Punch"],"picked":"Blade Dance","floor":5},{"not_picked":["Bane","Flying Knee"],"picked":"Deadly Poison","floor":6},{"not_picked":["Distraction","All Out Attack"],"picked":"Outmaneuver","floor":7},{"not_picked":["Footwork","Riddle With Holes","Bane"],"picked":"SKIP","floor":8}],"player_experience":66418,"relics_obtained":[{"floor":7,"key":"Toy Ornithopter"},{"floor":9,"key":"CaptainsWheel"}],"event_choices":[{"damage_healed":0,"gold_gain":0,"player_choice":"Ignored","damage_taken":0,"max_hp_gain":0,"max_hp_loss":0,"event_name":"Golden Wing","floor":3,"gold_loss":0},{"damage_healed":0,"gold_gain":175,"player_choice":"AGREE","damage_taken":0,"max_hp_gain":0,"max_hp_loss":0,"event_name":"Liars Game","floor":4,"gold_loss":0,"cards_obtained":["Doubt"]}],"is_beta":false,"boss_relics":[],"items_purged_floors":[],"is_endless":false,"potions_floor_spawned":[1,2,6],"killed_by":"Gremlin Nob","ascension_level":0}}