{"host":"d4nr47a59rmbesnz","time":1613135756,"event":{"mods":["A Magickal Journey","BaseMod","Better Third Choice","Hermit","Minty Spire (QoL Compilation)","Quick Restart","Replay The Spire","Shade Mod","StSLib","The Bladedancer","The Bug Knight","The Cursed","The Death Knight","The Disciple","The Forsaken","The Hierophant","The Necromancer","The Runesmith","The Spell Scribe","The Valiant","The Wild Card"],"gold_per_floor":[111,130,149,165,182,182,194,209,234,5,16,16,50,105,105,200,200,218,107,120,139,139,170,170,26,98,98,115,69,83,23,23,128,178,195,206,226,240,87,87,106,106,106],"floor_reached":42,"language":"ENG","playtime":2138,"items_purged":["theWildCard:Arsene"],"score":526,"play_id":"c94da248-83ca-4f0f-8030-d23a2ae59b2b","local_time":"20210212161556","is_ascension_mode":false,"campfire_choices":[{"data":"theWildCard:PaleRider","floor":6,"key":"SMITH"},{"floor":12,"key":"REST"},{"data":"theWildCard:Michael","floor":15,"key":"SMITH"},{"floor":24,"key":"REST"},{"data":"theWildCard:StingingStrike","floor":27,"key":"SMITH"},{"floor":32,"key":"REST"},{"floor":40,"key":"REST"}],"circlet_count":0,"master_deck":["theWildCard:BasicStrike","theWildCard:BasicStrike","theWildCard:BasicStrike","theWildCard:BasicStrike","theWildCard:BasicDefend","theWildCard:BasicDefend","theWildCard:BasicDefend","theWildCard:BasicDefend","theWildCard:CallToAdventure","theWildCard:MagicalMight","theWildCard:EnergizedStroke","theWildCard:Michael+1","theWildCard:ArcaneArts","theWildCard:PaleRider+1","theWildCard:SeveringSlash","theWildCard:BladeOfGenerations","theWildCard:SeveringSlash","theWildCard:StingingStrike+1","theWildCard:MagicalMight","theWildCard:Lucifer+1","theWildCard:TheArcanaUnleashed","theWildCard:SeveringSlash","theWildCard:BladeOfGenerations+1","theWildCard:MagicalMight","theWildCard:ArcaneArts","theWildCard:MagicalMight","theWildCard:PowerOfTheArcana+1","Anger","theWildCard:StingingStrike","Atom Bomb","Carnage","TheCursedMod:CircleOfFocus+1","TheCursedMod:CircleOfFlame","theForsaken:CorruptedWord+1","theWildCard:Sakuya"],"relics":["theWildCard:VelvetContract","Centennial Puzzle","Winged Necklace","Replay:Grab Bag","theWildCard:FigureOfDeath","Sozu","Runic Pyramid","Strawberry","PrismaticShard","InkBottle","Tiny House","Happy Flower"],"acts_visited":["Exordium","TheCity","TheBeyond"],"potions_floor_usage":[8,8,13,13,13,16,18],"damage_taken":[{"damage":0,"enemies":"2 Louse","floor":1,"turns":2},{"damage":1,"enemies":"Small Slimes","floor":2,"turns":2},{"damage":0,"enemies":"Cultist","floor":3,"turns":2},{"damage":7,"enemies":"Exordium Thugs","floor":4,"turns":4},{"damage":11,"enemies":"Exordium Wildlife","floor":5,"turns":4},{"damage":7,"enemies":"Blue Slaver","floor":7,"turns":2},{"damage":1,"enemies":"Looter","floor":8,"turns":2},{"damage":0,"enemies":"Large Slime","floor":11,"turns":2},{"damage":0,"enemies":"Lagavulin","floor":13,"turns":2},{"damage":20,"enemies":"Hexaghost","floor":16,"turns":5},{"damage":10,"enemies":"Shell Parasite","floor":18,"turns":3},{"damage":0,"enemies":"Spheric Guardian","floor":20,"turns":2},{"damage":21,"enemies":"Snake Plant","floor":21,"turns":3},{"damage":4,"enemies":"Gremlin Leader","floor":23,"turns":4},{"damage":13,"enemies":"Chosen and Byrds","floor":28,"turns":3},{"damage":12,"enemies":"Centurion and Healer","floor":30,"turns":2},{"damage":21,"enemies":"Automaton","floor":33,"turns":4},{"damage":7,"enemies":"3 Darklings","floor":35,"turns":2},{"damage":26,"enemies":"3 Shapes","floor":36,"turns":2},{"damage":9,"enemies":"Jaw Worm Horde","floor":37,"turns":2},{"damage":19,"enemies":"Maw","floor":38,"turns":4},{"damage":11,"enemies":"Spire Growth","floor":41,"turns":2},{"damage":45,"enemies":"Nemesis","floor":42,"turns":2}],"seed_played":"-1490595263816800009","potions_obtained":[{"floor":1,"key":"EssenceOfSteel"},{"floor":4,"key":"FearPotion"},{"floor":5,"key":"ColorlessPotion"},{"floor":11,"key":"SteroidPotion"},{"floor":13,"key":"PowerPotion"},{"floor":16,"key":"Fire Potion"}],"is_trial":false,"path_per_floor":["M","M","M","M","M","R","M","M","T","$","M","R","E","?","R","B",null,"M","$","M","M","?","E","R","$","T","R","M","$","M","?","R","B",null,"M","M","M","M","$","R","M","E"],"character_chosen":"THE_WILD_CARD","items_purchased":["theWildCard:SeveringSlash","theWildCard:StingingStrike","AttackPotion","theWildCard:BladeOfGenerations+1","theWildCard:MagicalMight","PrismaticShard","theWildCard:StingingStrike","Happy Flower"],"campfire_rested":4,"item_purchase_floors":[10,10,10,19,19,25,29,39],"current_hp_per_floor":[66,65,65,58,47,47,40,39,39,39,39,58,58,58,58,38,66,56,56,56,35,35,38,59,59,59,59,46,46,34,34,55,34,78,71,45,36,17,17,40,29,0,0],"gold":106,"neow_bonus":"TEN_PERCENT_HP_BONUS","is_daily":false,"chose_seed":false,"campfire_upgraded":3,"win_rate":0.0,"timestamp":1613135756,"path_taken":["M","M","M","M","M","R","M","M","T","$","M","R","E","?","R","BOSS","M","$","M","M","?","E","R","?","T","R","?","$","M","?","R","BOSS","M","M","M","M","$","R","M","E"],"items_purchased_type":["Card","Card","Potion","Card","Card","Relic","Card","Relic"],"build_version":"2020-12-22","purchased_purges":1,"victory":false,"max_hp_per_floor":[66,66,66,66,66,66,66,66,66,66,66,66,66,66,66,66,66,66,66,66,66,66,73,73,73,73,73,73,73,73,73,73,73,78,78,78,78,78,78,78,78,78,78],"card_choices":[{"not_picked":["theWildCard:Safeguard","theWildCard:Sakuya"],"picked":"theWildCard:MagicalMight","floor":1},{"not_picked":["theWildCard:ArcaneArts","theWildCard:ShieldOfMany"],"picked":"theWildCard:EnergizedStroke","floor":2},{"not_picked":["theWildCard:SeveringSlash","theWildCard:CryOfAgony"],"picked":"theWildCard:Michael","floor":3},{"not_picked":["theWildCard:Polydeuces","theWildCard:ArcanaArtistry"],"picked":"theWildCard:ArcaneArts","floor":4},{"not_picked":["theWildCard:Odin","theWildCard:UnendingRitual"],"picked":"theWildCard:PaleRider","floor":5},{"not_picked":["theWildCard:MagicMettle","theWildCard:LadyLuck"],"picked":"theWildCard:SeveringSlash","floor":7},{"not_picked":["theWildCard:ArcaneArts","theWildCard:Sakuya"],"picked":"theWildCard:BladeOfGenerations","floor":8},{"not_picked":["theWildCard:ArcaneArts","theWildCard:Scathach"],"picked":"theWildCard:MagicalMight","floor":11},{"not_picked":["theWildCard:MaskChange","theWildCard:MagicMettle"],"picked":"theWildCard:Lucifer","floor":13},{"not_picked":["theWildCard:Caesar","theWildCard:FuelForTheFire"],"picked":"theWildCard:TheArcanaUnleashed","floor":16},{"not_picked":["theWildCard:MaskChange","theWildCard:Attunement+1"],"picked":"theWildCard:SeveringSlash","floor":18},{"not_picked":["theWildCard:PaleRider","theWildCard:UnendingRitual"],"picked":"theWildCard:ArcaneArts","floor":20},{"not_picked":["theWildCard:Odin+1","theWildCard:Abstinence"],"picked":"theWildCard:MagicalMight","floor":21},{"not_picked":["theWildCard:PaleRider+1","theWildCard:UnderLockAndKey"],"picked":"theWildCard:PowerOfTheArcana+1","floor":23},{"not_picked":["HollowMod:NewJinnsSoul","HollowMod:DashSlash"],"picked":"Anger","floor":28},{"not_picked":["theScribe:WeirdToxin","hierophant:Remorse","theScribe:ThrownScroll"],"picked":"SKIP","floor":30},{"not_picked":["HollowMod:NewInfectedGuardian","hermit:FinalCanter"],"picked":"Atom Bomb","floor":33},{"not_picked":["Shade:Trample","HollowMod:VengefulVoid"],"picked":"Carnage","floor":34},{"not_picked":["hermit:Misfire+1","theWildCard:Unburden+1"],"picked":"TheCursedMod:CircleOfFocus+1","floor":35},{"not_picked":["Magicka:MuscleMemoryCard","Magicka:SnowballCard+1"],"picked":"TheCursedMod:CircleOfFlame","floor":36},{"not_picked":["theForsaken:ChargeAttack","Runesmith:UnlimitedPower","TheCursedMod:SpitefulStrike+1"],"picked":"SKIP","floor":37},{"not_picked":["Sharpen+1","Runesmith:CraftMagma"],"picked":"theForsaken:CorruptedWord+1","floor":38},{"not_picked":["TheCursedMod:CircleOfCorruption","Magicka:SisterhoodCard+1"],"picked":"theWildCard:Sakuya","floor":41}],"player_experience":101779,"relics_obtained":[{"floor":9,"key":"Centennial Puzzle"},{"floor":13,"key":"Winged Necklace"},{"floor":23,"key":"Strawberry"},{"floor":26,"key":"InkBottle"}],"event_choices":[{"damage_healed":0,"gold_gain":55,"player_choice":"Gained Gold","damage_taken":0,"max_hp_gain":0,"max_hp_loss":0,"event_name":"Golden Wing","floor":14,"gold_loss":0},{"damage_healed":0,"gold_gain":0,"player_choice":"Ignored","damage_taken":0,"max_hp_gain":0,"max_hp_loss":0,"event_name":"Purifier","floor":22,"gold_loss":0}],"is_beta":false,"boss_relics":[{"not_picked":["Ectoplasm","SacredBark"],"picked":"Replay:Grab Bag"},{"not_picked":["Coffee Dripper","Runesmith:UraniumAnvil"],"picked":"theWildCard:FigureOfDeath"},{"not_picked":["Velvet Choker","ReplayTheSpireMod:DimensionalGlitch"],"picked":"Sozu"},{"not_picked":["theWildCard:Wildcard","SlaversCollar"],"picked":"Runic Pyramid"},{"not_picked":["Empty Cage","Kintsugi"],"picked":"Tiny House"}],"items_purged_floors":[10],"is_endless":false,"potions_floor_spawned":[1,4,5,11,13,16,18,23,30,35,36,38],"killed_by":"Nemesis","ascension_level":0}}