{"host":"kcvncuxxsb6xpuus","time":1613107833,"event":{"mods":["BaseMod","Minty Spire (QoL Compilation)","Replay The Spire","StSLib"],"gold_per_floor":[115,165,36,55,68,68,84,113,138,151,168,168,182,195,195,290,290,307,143,161,161,98,98,126,126,151,76,92,191,116,127,87,87,87],"floor_reached":33,"language":"ZHS","playtime":1255,"items_purged":["Voices","ReplayTheSpireMod:Splinters","Strike_B","Overencumbered"],"score":269,"play_id":"c50d6d40-9bec-473d-bb6b-441f4a62c6bf","local_time":"20210212133033","is_ascension_mode":false,"campfire_choices":[{"data":"Doom and Gloom","floor":6.0,"key":"SMITH"},{"data":"Defragment","floor":12.0,"key":"SMITH"},{"floor":15.0,"key":"REST"},{"floor":23.0,"key":"REST"}],"circlet_count":0,"master_deck":["Strike_B+1","Strike_B+1","Strike_B+1","Defend_B","Defend_B","Defend_B","Defend_B","Zap","Dualcast+1","Rebound","Streamline","Capacitor","Ball Lightning","Coolheaded","Doom and Gloom+1","Pot Of Greed","Pot Of Greed","Defragment+1","Amplify","CurseOfTheBell","BasicCrystalCard","Self Repair+1","Electrodynamics","Pot Of Greed","Hallucinations","ReplayTheSpireMod:Doomed"],"relics":["Cracked Core","Ring of Shattering","Ring of Greed","Replay:Wax Seal","Membership Card","Grinning Jar","Boot","Calling Bell","Potion Belt","Replay:WaspNest","Replay:Multitool","Whetstone","ReplayTheSpireMod:TigerMarble","Vajra","Blood Vial"],"acts_visited":["Exordium","TheCity"],"potions_floor_usage":[],"damage_taken":[{"damage":2.0,"enemies":"Small Slimes","floor":1.0,"turns":3.0},{"damage":0.0,"enemies":"2 Louse","floor":4.0,"turns":2.0},{"damage":1.0,"enemies":"Cultist","floor":5.0,"turns":3.0},{"damage":2.0,"enemies":"Blue Slaver","floor":7.0,"turns":3.0},{"damage":13.0,"enemies":"3 Sentries","floor":8.0,"turns":4.0},{"damage":4.0,"enemies":"Gremlin Gang","floor":10.0,"turns":2.0},{"damage":6.0,"enemies":"Lots of Slimes","floor":11.0,"turns":3.0},{"damage":17.0,"enemies":"Exordium Thugs","floor":13.0,"turns":3.0},{"damage":5.0,"enemies":"Looter","floor":14.0,"turns":2.0},{"damage":18.0,"enemies":"The Guardian","floor":16.0,"turns":8.0},{"damage":27.0,"enemies":"Shell Parasite","floor":18.0,"turns":5.0},{"damage":8.0,"enemies":"Chosen","floor":20.0,"turns":4.0},{"damage":23.0,"enemies":"Replay:Snechameleon","floor":24.0,"turns":6.0},{"damage":28.0,"enemies":"Snecko","floor":28.0,"turns":5.0},{"damage":23,"enemies":"Sentry and Sphere","floor":31,"turns":4},{"damage":15,"enemies":"Automaton","floor":33,"turns":2}],"seed_played":"-5475320785634716997","potions_obtained":[{"floor":1.0,"key":"Explosive Potion"},{"floor":5.0,"key":"SkillPotion"},{"floor":8.0,"key":"ColorlessPotion"},{"floor":14.0,"key":"FearPotion"},{"floor":16.0,"key":"Explosive Potion"},{"floor":24.0,"key":"BlessingOfTheForge"},{"floor":28.0,"key":"Energy Potion"},{"floor":31,"key":"Ancient Potion"}],"is_trial":false,"path_per_floor":["M","?","$","M","M","R","M","E","T","M","M","R","M","M","R","B",null,"M","$","M","?","$","R","E","?","T","?","M","?","$","M","R","B"],"character_chosen":"DEFECT","items_purchased":["Streamline","Capacitor","Ball Lightning","Self Repair","Whetstone"],"campfire_rested":2,"item_purchase_floors":[3,3,3,19,19],"current_hp_per_floor":[73,73,73,73,72,72,70,57,57,53,47,47,30,25,47,29,75,48,48,40,26,26,50,41,41,41,41,22,22,22,8,8,0,0],"gold":87,"neow_bonus":"UPGRADE_CARD","is_daily":false,"chose_seed":false,"campfire_upgraded":2,"win_rate":0.0,"timestamp":1613107833,"path_taken":["M","?","$","M","M","R","M","E","T","M","M","R","M","M","R","BOSS","M","$","M","?","$","R","E","?","T","?","M","?","?","M","R","BOSS"],"items_purchased_type":["Card","Card","Card","Card","Relic"],"build_version":"2020-12-22","purchased_purges":4,"victory":false,"max_hp_per_floor":[75,75,75,75,75,75,75,75,75,75,75,75,75,75,75,75,75,75,75,75,80,80,80,80,80,80,80,80,80,80,80,80,80,80],"card_choices":[{"not_picked":["ReplaySolidLightProjector","Stack"],"picked":"Rebound","floor":1.0},{"not_picked":["Panic Button","Defragment"],"picked":"Coolheaded","floor":4.0},{"not_picked":["Streamline","All For One"],"picked":"Doom and Gloom","floor":5.0},{"not_picked":["Hologram","Leap","Genetic Algorithm"],"picked":"SKIP","floor":7.0},{"not_picked":["Reprogram","Glacier"],"picked":"Defragment","floor":8.0},{"not_picked":["Rebound","Conserve Battery","Cold Snap"],"picked":"SKIP","floor":10.0},{"not_picked":["Stack","Chaos","Ball Lightning"],"picked":"SKIP","floor":11.0},{"not_picked":["Coolheaded","Steam","Panic Button"],"picked":"SKIP","floor":13.0},{"not_picked":["Beam Cell","Force Field","Double Energy"],"picked":"SKIP","floor":14.0},{"not_picked":["ReplayTheSpireMod:Omega Cannon","Multi-Cast"],"picked":"Amplify","floor":16.0},{"not_picked":["Panic Button+1","Hologram"],"picked":"BasicCrystalCard","floor":18.0},{"not_picked":["Beam Cell","Go for the Eyes"],"picked":"Electrodynamics","floor":20.0},{"not_picked":["Compile Driver","Time Bomb","Ball Lightning"],"picked":"SKIP","floor":24.0},{"not_picked":["Chill+1","White Noise","Sweeping Beam+1"],"picked":"SKIP","floor":28.0},{"not_picked":["Chill","Hologram","Auto Shields"],"picked":"SKIP","floor":31}],"player_experience":110497,"relics_obtained":[{"floor":2.0,"key":"Ring of Shattering"},{"floor":2.0,"key":"Ring of Greed"},{"floor":2.0,"key":"Replay:Wax Seal"},{"floor":2.0,"key":"Membership Card"},{"floor":8.0,"key":"Grinning Jar"},{"floor":9.0,"key":"Boot"},{"floor":17.0,"key":"Potion Belt"},{"floor":17.0,"key":"Replay:WaspNest"},{"floor":17.0,"key":"Replay:Multitool"},{"floor":24.0,"key":"ReplayTheSpireMod:TigerMarble"},{"floor":26.0,"key":"Blood Vial"}],"event_choices":[{"damage_healed":0.0,"max_hp_gain":5.0,"max_hp_loss":0.0,"gold_gain":0.0,"event_name":"Forgotten Altar","player_choice":"Shed Blood","floor":21.0,"gold_loss":0.0,"damage_taken":19.0},{"cards_removed":["Doubt"],"damage_healed":0.0,"max_hp_gain":0.0,"max_hp_loss":0.0,"gold_gain":0.0,"event_name":"Beggar","player_choice":"Gave Gold","floor":27.0,"gold_loss":75.0,"damage_taken":0.0},{"damage_healed":0.0,"max_hp_gain":0.0,"max_hp_loss":0.0,"gold_gain":99.0,"event_name":"Nest","player_choice":"Stole From Cult","floor":29.0,"gold_loss":0.0,"damage_taken":0.0},{"damage_healed":0,"gold_gain":0,"player_choice":"Upgraded Two","damage_taken":0,"max_hp_gain":0,"max_hp_loss":0,"event_name":"Designer","floor":32,"gold_loss":40,"cards_upgraded":["Strike_B","Self Repair"]}],"is_beta":false,"boss_relics":[{"not_picked":["Philosopher\u0027s Stone","Painkiller Herb"],"picked":"Calling Bell"}],"items_purged_floors":[3,19,22,30],"is_endless":false,"potions_floor_spawned":[1,5,8,14,16,24,28,31],"killed_by":"Automaton","ascension_level":0}}