{"host":"19r1ww88x2tc73i0","time":1613150974,"event":{"mods":["BaseMod","BetterRewards","Colored Map","Minty Spire (QoL Compilation)","Relic Stats","StSLib","SuperFastMode","slay the spire mod where everything is the same but ironclad has a cowboy hat"],"gold_per_floor":[115,115,131,148,148,148,148,179,179,179,209,209,243,262,262,262,262],"floor_reached":16,"language":"ENG","playtime":280,"items_purged":[],"score":216,"play_id":"cf7499b0-9d69-4dec-90b0-8efe21162803","local_time":"25640213002934","is_ascension_mode":true,"campfire_choices":[{"data":"Skewer","floor":6,"key":"SMITH"},{"data":"Unload","floor":10,"key":"SMITH"},{"data":"Neutralize","floor":15,"key":"SMITH"}],"circlet_count":0,"master_deck":["AscendersBane","Strike_G","Strike_G","Strike_G","Strike_G","Defend_G","Defend_G","Defend_G","Defend_G","Defend_G","Survivor+1","Neutralize+1","Predator+1","Skewer+1","Sucker Punch+1","Unload+1","Deflect"],"relics":["Ring of the Snake","NeowsBlessing","Tough Bandages","Pear","MealTicket"],"acts_visited":["Exordium"],"potions_floor_usage":[8,13,14,16],"damage_taken":[{"damage":0.0,"enemies":"Cultist","floor":1.0,"turns":1.0},{"damage":0.0,"enemies":"Small Slimes","floor":3.0,"turns":1.0},{"damage":0.0,"enemies":"2 Louse","floor":4.0,"turns":1.0},{"damage":6,"enemies":"Gremlin Nob","floor":8,"turns":3},{"damage":17,"enemies":"Lagavulin","floor":13,"turns":5},{"damage":0,"enemies":"2 Fungi Beasts","floor":14,"turns":1},{"damage":13,"enemies":"Slime Boss","floor":16,"turns":5}],"seed_played":"-3198602521703616152","potions_obtained":[{"floor":3.0,"key":"FearPotion"},{"floor":4.0,"key":"Explosive Potion"},{"floor":8,"key":"Energy Potion"},{"floor":13,"key":"Weak Potion"}],"is_trial":false,"path_per_floor":["M","$","M","M","?","R","?","E","T","R","?","?","E","M","R","B"],"character_chosen":"THE_SILENT","items_purchased":[],"campfire_rested":0,"item_purchase_floors":[],"current_hp_per_floor":[59,59,59,59,59,59,52,46,56,56,56,33,16,16,16,3,3],"gold":262,"neow_bonus":"THREE_ENEMY_KILL","is_daily":false,"chose_seed":false,"campfire_upgraded":3,"win_rate":0.0,"timestamp":1613150974,"path_taken":["M","?","?","M","?","R","?","E","T","R","?","?","E","M","R","BOSS"],"items_purchased_type":[],"build_version":"2020-12-22","purchased_purges":0,"victory":false,"max_hp_per_floor":[66,66,66,66,66,66,66,66,76,76,76,76,76,76,76,76,76],"relic_stats":{"Tough Bandages":[15],"counters":[7,17],"MealTicket":0,"obtain_stats":[{"Tough Bandages":8,"Pear":9,"NeowsBlessing":0,"MealTicket":13,"Ring of the Snake":0},{"Tough Bandages":4,"Pear":4,"NeowsBlessing":0,"MealTicket":5,"Ring of the Snake":0},{"Tough Bandages":6,"Pear":6,"NeowsBlessing":0,"MealTicket":11,"Ring of the Snake":0}],"Ring of the Snake":[14]},"card_choices":[{"not_picked":["Quick Slash","Sucker Punch"],"picked":"Predator","floor":1.0},{"not_picked":["Backflip","Escape Plan"],"picked":"Skewer","floor":3.0},{"not_picked":["Calculated Gamble","Cloak And Dagger"],"picked":"Sucker Punch","floor":4.0},{"not_picked":["Prepared","Slice"],"picked":"Unload","floor":8},{"not_picked":["Poisoned Stab","Outmaneuver","Finisher"],"picked":"SKIP","floor":13},{"not_picked":["Choke","Quick Slash"],"picked":"Deflect","floor":14}],"player_experience":1059995,"relics_obtained":[{"floor":8,"key":"Tough Bandages"},{"floor":9,"key":"Pear"},{"floor":13,"key":"MealTicket"}],"event_choices":[{"damage_healed":0,"gold_gain":0,"player_choice":"Grow","damage_taken":0,"max_hp_gain":0,"max_hp_loss":0,"event_name":"Living Wall","floor":5,"gold_loss":0,"cards_upgraded":["Predator"]},{"cards_removed":["Strike_G"],"damage_healed":0,"gold_gain":0,"player_choice":"Card Removal","damage_taken":7,"max_hp_gain":0,"max_hp_loss":0,"event_name":"Golden Wing","floor":7,"gold_loss":0},{"damage_healed":0,"gold_gain":30,"player_choice":"Searched \u00271\u0027 times","damage_taken":0,"max_hp_gain":0,"max_hp_loss":0,"event_name":"Dead Adventurer","floor":11,"gold_loss":0},{"damage_healed":0,"gold_gain":0,"player_choice":"Entered Light","damage_taken":23,"max_hp_gain":0,"max_hp_loss":0,"event_name":"Shining Light","floor":12,"gold_loss":0,"cards_upgraded":["Survivor","Sucker Punch"]}],"is_beta":false,"boss_relics":[],"items_purged_floors":[],"is_endless":false,"potions_floor_spawned":[3,4,8,13],"killed_by":"Slime Boss","ascension_level":20}}