{"host":"dwyzfvnzfcqffr30","time":1613142067,"event":{"mods":["2.2 Compatiblity","Act Like it!","Aspiration","BaseMod","Beaked The Cultist","Better Altar","Better Match","Better Note","Better Sensory Stone","Better Skull","Better Third Choice","Clockwork Mod","Colored Map","Colored Powertips","Conspire","Downfall","Elementarium","GifTheSpireLib","Halation","Hermit","Hubris","Infinite Spire","Ironclad Rager","Jedi Mod","Menagerie","Mimic Mod","Minty Spire (QoL Compilation)","Permanent Neow","Random Character Button","Relic Filter Mod","Reliquary","Replay The Spire","Spicy Shops","Spikes Relics","StSLib","Stuff the Spire","The Construct","The Disciple","The Druid","The Marked","TheFirefly","Trackpad","Wandering Minibosses"],"gold_per_floor":[117,117,137,137,62,110,110,148,175,211,246,246,305,345,345,503,503,549,612,653,728,823,823,923,703,703,785,785,785,785,785,969,969,1052,1139,614,687,772,846,934,934,1030,1030,1143,601,98,98,109,109,109,11,56,89],"floor_reached":58,"language":"ENG","playtime":5084,"items_purged":["hermit:Strike_Hermit+1","Amnesia"],"score":1950,"play_id":"d68eedac-b5d7-4406-b1d6-43e16484d86f","local_time":"20210212070107","is_ascension_mode":true,"campfire_choices":[{"floor":7.0,"key":"REST"},{"floor":12.0,"key":"REST"},{"floor":15.0,"key":"RECALL"},{"floor":24.0,"key":"REST"},{"data":"hermit:Scavenge+1","floor":34,"key":"SMITH"},{"data":"conspire:Banana+1","floor":51,"key":"SMITH"},{"data":"hermit:Grudge+1","floor":54,"key":"SMITH"}],"circlet_count":1,"master_deck":["Invigoration+1","hermit:Strike_Hermit+1","hermit:Strike_Hermit+1","hermit:Strike_Hermit+1","hermit:Defend_Hermit+1","hermit:Defend_Hermit+2","hermit:Defend_Hermit+1","hermit:Defend_Hermit+1","hermit:Snapshot+1","hermit:Covet+1","MasterReality+1","Apotheosis+1","hermit:PistolWhip+1","hermit:Brawl+1","hermit:FlashPowder+1","hermit:HoleUp+1","hermit:Desperado+1","hermit:Scavenge+2","hermit:Grudge+2","hermit:Snipe+1","hermit:Gestalt+1","hermit:FlashPowder+1","hermit:Coalescence+1","hermit:ShadowCloak+1","conspire:Banana+2","hermit:NoHoldsBarred+1","hubris:Fate+1"],"relics":["hermit:Momento","Bottled Tornado","halation:Prosthetics","hubris:TinFlute","SacredBark","Circlet","conspire:InfiniteJournal","infinitespire:EvilPickle","Quantum Egg","Frozen Egg 2","Molten Egg 2","Toxic Egg 2","Menagerie:ShiftingBlessing","Golden Idol","Replay:Wax Seal","halation:AfternoonTea","hubris:Teleporter","Replay:Grab Bag","Philosopher\u0027s Stone","ReplayTheSpireMod:Onyx Gauntlets","halation:HeavySnake","conspire:Boomerang","Tiny House","Dead Branch","SnailShell","aspiration:FetidBarrel","Membership Card","PreservedInsect","Elementarium:ElementariumTrophy","conspire:SpecialSausage","infinitespire:ShieldingShard","HandDrill","reliquary:PartyBalloon","reliquary:WeakTea","Regal Pillow","ExplosiveVial","ShockBauble","StuffTheSpire:EmeraldSignet","Chameleon Ring","Ring of Fangs","ReplayTheSpireMod:Ring of Collecting","aspiration:Lifesprig","infinitespire:Bottled Soul","conspire:DeflatedDodgeball","reliquary:HotPoker","trackpad:Compendium","reliquary:PorcupineQuills","infinitespire:Midas Blood"],"acts_visited":["Menagerie:Menagerie","Elementarium:Elementarium","TheBeyond","TheEnding"],"potions_floor_usage":[35,35,40,42,48,48,52,52,57],"damage_taken":[{"damage":0.0,"enemies":"Menagerie:WhisperingWraith","floor":1.0,"turns":3.0},{"damage":3.0,"enemies":"Menagerie:2_RABBITS","floor":3.0,"turns":2.0},{"damage":15.0,"enemies":"Menagerie:VoidReaper","floor":6.0,"turns":6.0},{"damage":4.0,"enemies":"Menagerie:Hydra","floor":8.0,"turns":4.0},{"damage":0.0,"enemies":"Menagerie:MaskedSummoner","floor":10.0,"turns":7.0},{"damage":0.0,"enemies":"Menagerie:MonstrousExperiment","floor":11.0,"turns":2.0},{"damage":6.0,"enemies":"Menagerie:VoidReaper","floor":13.0,"turns":6.0},{"damage":0.0,"enemies":"Menagerie:MENAGERIE_WILDLIFE","floor":14.0,"turns":1.0},{"damage":2.0,"enemies":"Menagerie:AVATARS","floor":16.0,"turns":5.0},{"damage":1.0,"enemies":"Elementarium:2_ELEMENTALS","floor":18.0,"turns":4.0},{"damage":7.0,"enemies":"Slavers","floor":20.0,"turns":4.0},{"damage":0.0,"enemies":"Elementarium:VoidCorruption","floor":21.0,"turns":4.0},{"damage":10.0,"enemies":"Elementarium:ElementalPortal","floor":23.0,"turns":5.0},{"damage":2.0,"enemies":"Elementarium:WarGolem","floor":25.0,"turns":3.0},{"damage":0.0,"enemies":"Elementarium:ElementalPortal","floor":30.0,"turns":3.0},{"damage":2,"enemies":"Elementarium:GolemEmperor","floor":35,"turns":6},{"damage":1,"enemies":"3 Darklings","floor":37,"turns":3},{"damage":0,"enemies":"Orb Walker","floor":38,"turns":3},{"damage":5,"enemies":"3 Darklings","floor":40,"turns":5},{"damage":6,"enemies":"Reptomancer","floor":42,"turns":4},{"damage":0,"enemies":"Jaw Worm Horde","floor":43,"turns":3},{"damage":0,"enemies":"Spire Growth","floor":44,"turns":4},{"damage":0,"enemies":"R_Hoarder","floor":46,"turns":5},{"damage":0,"enemies":"Reptomancer","floor":48,"turns":5},{"damage":10,"enemies":"hubris:GrandSnecko","floor":52,"turns":6},{"damage":5,"enemies":"Shield and Spear","floor":56,"turns":5},{"damage":60,"enemies":"The Heart","floor":57,"turns":7}],"seed_played":"4890907721675962374","potions_obtained":[{"floor":6.0,"key":"jedi:wingpotion"},{"floor":8.0,"key":"ColorlessPotion"},{"floor":10.0,"key":"Explosive Potion"},{"floor":14.0,"key":"hermit:BlackBile"},{"floor":16.0,"key":"hexamod:SoulburnPotion"},{"floor":19.0,"key":"Guardian:BlockOnCardUsePotion"},{"floor":23.0,"key":"Cursed Concoction"},{"floor":25.0,"key":"LifebloodPotion"},{"floor":30.0,"key":"PowerPotion"},{"floor":38,"key":"Fire Potion"},{"floor":40,"key":"ColorlessPotion"},{"floor":43,"key":"Dexterity Potion"},{"floor":46,"key":"FearPotion"},{"floor":48,"key":"hermit:Tonic"}],"is_trial":false,"path_per_floor":["M","?","M","?","?","E","R","E","T","E","M","R","E","M","R","B",null,"M","AVR","?","M","E","R","E","$","?","E","PTL","PTL","?","R","B",null,"M","M","$","M","E","M","M","T","E","?","E","$","?","R_BF","B",null,"R","$","E","B",null],"character_chosen":"HERMIT","items_purchased":["Membership Card","PreservedInsect","infinitespire:ShieldingShard","HandDrill","reliquary:PartyBalloon","reliquary:WeakTea","Regal Pillow","ExplosiveVial","hermit:Tonic","conspire:Banana+1","infinitespire:Bottled Soul","conspire:DeflatedDodgeball","reliquary:HotPoker","trackpad:Compendium","LifebloodPotion","reliquary:PorcupineQuills","Fire Potion"],"campfire_rested":3,"item_purchase_floors":[27,27,39,39,39,39,39,39,39,39,49,49,49,49,49,55,55],"current_hp_per_floor":[47,38,35,24,24,9,23,19,19,19,19,33,42,42,42,40,45,44,49,42,42,32,47,51,51,51,51,51,51,51,51,49,51,50,50,50,47,43,45,45,45,47,47,49,49,49,49,43,60,60,60,59,3],"gold":89,"neow_bonus":"TEN_PERCENT_HP_BONUS","is_daily":false,"chose_seed":false,"campfire_upgraded":3,"win_rate":0.0,"timestamp":1613142067,"path_taken":["M","?","M","?","?","E","R","E","T","E","M","R","E","?","R","BOSS","M","AVR","?","M","E","R","E","$","?","E","PTL","PTL","?","R","BOSS","M","M","$","M","E","M","M","T","E","?","E","$","?","R_BF","BOSS","R","$","E","BOSS"],"items_purchased_type":["Relic","Relic","Relic","Relic","Relic","Relic","Relic","Relic","Potion","Card","Relic","Relic","Relic","Relic","Potion","Relic","Potion"],"build_version":"2020-12-22","purchased_purges":2,"victory":true,"max_hp_per_floor":[47,47,47,47,47,47,47,47,47,47,47,47,47,47,47,47,47,47,52,52,52,52,52,52,52,52,52,52,52,52,52,52,52,52,52,52,54,56,58,58,58,60,60,62,62,62,62,66,66,66,66,70,74],"card_choices":[{"not_picked":["hermit:Feint+1","hermit:Headshot+1"],"picked":"hermit:PistolWhip+1","floor":1.0},{"not_picked":["hermit:HighCaliber+1","hermit:Roulette+1"],"picked":"hermit:Brawl+1","floor":3.0},{"not_picked":["hermit:DeadMansHand+1","hermit:Deadeye+1"],"picked":"hermit:FlashPowder+1","floor":5.0},{"not_picked":["hermit:Virtue+1","hermit:EyeOfTheStorm+1"],"picked":"hermit:HoleUp+1","floor":6.0},{"not_picked":["hermit:WideOpen+1","hermit:FlashPowder+1"],"picked":"hermit:Desperado+1","floor":8.0},{"not_picked":["hermit:BodyArmor+1","hermit:Quickdraw+1"],"picked":"hermit:Scavenge+1","floor":10.0},{"not_picked":["hermit:ItchyTrigger+1","hermit:WideOpen+1","hermit:Midnight+1"],"picked":"SKIP","floor":11.0},{"not_picked":["hermit:DeadMansHand+1","hermit:CalledShot+1"],"picked":"hermit:Grudge+1","floor":13.0},{"not_picked":["hermit:Grudge+1","hermit:Showdown+1","hermit:ItchyTrigger+1"],"picked":"SKIP","floor":14.0},{"not_picked":["hermit:Desperado+1","hermit:Deadeye+1","hermit:BodyArmor+1"],"picked":"SKIP","floor":18.0},{"not_picked":["hermit:BodyArmor+1","hermit:TrackingShot+1"],"picked":"hermit:Snipe+1","floor":19.0},{"not_picked":["hermit:CalledShot+1","hermit:HoleUp+1"],"picked":"hermit:Gestalt+1","floor":21.0},{"not_picked":["hermit:Maintenance+1","hermit:HighCaliber+1","hermit:Feint+1"],"picked":"SKIP","floor":23.0},{"not_picked":["hermit:LoneWolf+1","hermit:Headshot+1","hermit:Dive+1"],"picked":"SKIP","floor":25.0},{"not_picked":["hermit:TakeAim+1","hermit:BigShot+1"],"picked":"hermit:FlashPowder+1","floor":29.0},{"not_picked":["hermit:Snipe+1","hermit:Glare+1"],"picked":"hermit:Coalescence+1","floor":30.0},{"not_picked":["hermit:ItchyTrigger+1","hermit:Quickdraw+1"],"picked":"hermit:ShadowCloak+1","floor":37},{"not_picked":["hermit:PistolWhip+1","hermit:ItchyTrigger+1","hermit:TakeAim+1"],"picked":"SKIP","floor":38},{"not_picked":["hermit:Snipe+1","hermit:Malice+1","hermit:Desperado+1"],"picked":"SKIP","floor":40},{"not_picked":["hermit:Snipe+1","hermit:CalledShot+1","hermit:CursedWeapon+1"],"picked":"SKIP","floor":42},{"not_picked":["hermit:Adapt+1","hermit:WideOpen+1"],"picked":"hermit:NoHoldsBarred+1","floor":43},{"not_picked":["hermit:Manifest+1","hermit:Gestalt+1","hermit:Headshot+1"],"picked":"SKIP","floor":44},{"not_picked":["hermit:Manifest+1","hermit:Gestalt+1","hermit:Headshot+1"],"picked":"SKIP","floor":44},{"not_picked":["hermit:LuckOfTheDraw+1","hermit:Headshot+1","hermit:Deadeye+1"],"picked":"SKIP","floor":46},{"not_picked":["hermit:Gambit","hermit:Coalescence+1","hermit:EyeOfTheStorm+1"],"picked":"SKIP","floor":48},{"not_picked":["infinitespire:FutureSight","infinitespire:Collect"],"picked":"hubris:Fate","floor":50},{"not_picked":["hermit:Purgatory+1","hermit:SprayPray+1","hermit:CursedWeapon+1"],"picked":"SKIP","floor":56}],"player_experience":3158299,"relics_obtained":[{"floor":8.0,"key":"Replay:Wax Seal"},{"floor":10.0,"key":"halation:AfternoonTea"},{"floor":13.0,"key":"hubris:Teleporter"},{"floor":20.0,"key":"Dead Branch"},{"floor":23.0,"key":"SnailShell"},{"floor":25.0,"key":"aspiration:FetidBarrel"},{"floor":42,"key":"ShockBauble"},{"floor":45,"key":"StuffTheSpire:EmeraldSignet"},{"floor":46,"key":"Chameleon Ring"},{"floor":47,"key":"Ring of Fangs"},{"floor":47,"key":"ReplayTheSpireMod:Ring of Collecting"},{"floor":48,"key":"aspiration:Lifesprig"},{"floor":56,"key":"infinitespire:Midas Blood"}],"event_choices":[{"damage_healed":0.0,"max_hp_gain":0.0,"max_hp_loss":8.0,"gold_gain":0.0,"event_name":"betterThird:BetterWriting","player_choice":"Simplicity","floor":0.0,"gold_loss":0.0,"damage_taken":0.0},{"damage_healed":0.0,"max_hp_gain":0.0,"max_hp_loss":0.0,"gold_gain":0.0,"event_name":"betterThird:BetterWriting","player_choice":"Simplicity","floor":0.0,"gold_loss":0.0,"damage_taken":0.0},{"damage_healed":0.0,"max_hp_gain":0.0,"max_hp_loss":0.0,"gold_gain":0.0,"event_name":"Menagerie:LunarGift","player_choice":"Touch","floor":2.0,"gold_loss":0.0,"damage_taken":9.0,"relics_obtained":["Menagerie:ShiftingBlessing"]},{"damage_healed":0.0,"max_hp_gain":0.0,"max_hp_loss":0.0,"gold_gain":0.0,"event_name":"Golden Idol","player_choice":"Take Damage","floor":4.0,"gold_loss":0.0,"damage_taken":11.0,"relics_obtained":["Golden Idol"]},{"damage_healed":0.0,"max_hp_gain":0.0,"max_hp_loss":0.0,"gold_gain":0.0,"event_name":"betterMatch:BetterMatch","player_choice":"2","floor":5.0,"gold_loss":0.0,"damage_taken":0.0,"cards_obtained":["betterMatch:UncommonCard"]},{"damage_healed":0.0,"max_hp_gain":0.0,"max_hp_loss":0.0,"gold_gain":0.0,"event_name":"Elementarium:OtherworldlyPassage","player_choice":"Enter","floor":20.0,"gold_loss":0.0,"damage_taken":0.0},{"damage_healed":0.0,"max_hp_gain":0.0,"max_hp_loss":0.0,"gold_gain":0.0,"event_name":"betterMatch:BetterMatch","player_choice":"2","floor":29.0,"gold_loss":0.0,"damage_taken":0.0,"cards_obtained":["betterMatch:CommonCard","betterMatch:UncommonCard"]},{"damage_healed":0.0,"max_hp_gain":0.0,"max_hp_loss":0.0,"gold_gain":0.0,"event_name":"Elementarium:BladeSeller","player_choice":"Ignored","floor":33.0,"gold_loss":0.0,"damage_taken":0.0}],"is_beta":false,"boss_relics":[{"not_picked":["trackpad:StolenKidneys","hubris:RunicObelisk"],"picked":"Replay:Grab Bag"},{"not_picked":["bronze:MakeshiftBattery","Painkiller Herb"],"picked":"Philosopher\u0027s Stone"},{"not_picked":["infinitespire:Cupcake","hubris:TerracottaHorce"],"picked":"ReplayTheSpireMod:Onyx Gauntlets"},{"not_picked":["halation:Yufonium","Ring of Chaos"],"picked":"halation:HeavySnake"},{"not_picked":["aspiration:DefectSkillbook","halation:LoveArrow"],"picked":"conspire:SpecialSausage"}],"items_purged_floors":[27,49],"is_endless":false,"potions_floor_spawned":[6,8,10,14,16,23,25,30,38,40,43,46,48],"ascension_level":9}}