{"host":"j4g6ia6asvpyu2b0","time":1613092703,"event":{"mods":["BaseMod","Colored Map","Infinite Spire","Minty Spire (QoL Compilation)","Permanent Neow","Quick Restart","Relic Stats","StSLib","Unceasing Turn Reminder"],"gold_per_floor":[16,16,26,26,42,56,56,85,110,33,43,78,78,106,106,208,208,218,201,201,214,214,241,256,256,333,29,29,29,43,68,68,168,168,179,189,189,202,202,233,333,333,333,361,377,391,404,404,404,404,404,404,95,128,128],"floor_reached":56,"language":"ENG","playtime":3976,"items_purged":["Strike_G","Strike_G","Strike_G"],"score":1389,"play_id":"0db8b420-0ea2-4d2f-9618-d490c3225225","local_time":"20210211181823","is_ascension_mode":true,"campfire_choices":[{"data":"Apotheosis","floor":7.0,"key":"SMITH"},{"data":"Well Laid Plans","floor":15.0,"key":"SMITH"},{"data":"Adrenaline","floor":25.0,"key":"SMITH"},{"data":"Tools of the Trade","floor":29.0,"key":"SMITH"},{"floor":32.0,"key":"REST"},{"floor":32.0,"key":"RECALL"},{"data":"infinitespire:Gouge","floor":49,"key":"SMITH"},{"data":"Burst","floor":52,"key":"SMITH"}],"circlet_count":0,"master_deck":["Strike_G","Defend_G","Defend_G","Defend_G","Defend_G","Defend_G","Survivor","Neutralize","Apotheosis+1","Quick Slash","Backflip","Predator","Dagger Throw","Backflip","Burst+1","Well Laid Plans+1","Deadly Poison","Poisoned Stab","Skewer","Adrenaline+1","Leg Sweep","Leg Sweep+1","Quick Slash","Sucker Punch+1","Tools of the Trade+1","Acrobatics","PiercingWail","Noxious Fumes+1","Crippling Poison","Malaise","Deadly Poison","Outmaneuver","Madness","Madness","Crippling Poison+1","Outmaneuver+1","infinitespire:Gouge+1","Dash","Madness","Madness","Blur+1","Bouncing Flask+1","PiercingWail+1","Dodge and Roll+1","Noxious Fumes","Backflip","Outmaneuver","Magnetism","Sucker Punch","Dagger Throw","Good Instincts","Terror+1"],"relics":["Ring of the Serpent","Strawberry","Toy Ornithopter","Akabeko","Ancient Tea Set","HoveringKite","CultistMask","infinitespire:WardingShard","StrikeDummy","Membership Card","Enchiridion","infinitespire:Magic Flask","Sozu","TungstenRod","Boot","Tingsha","Bag of Preparation","White Beast Statue","infinitespire:Lucky Rock","Ginger"],"acts_visited":["Exordium","TheCity","TheBeyond","TheEnding"],"potions_floor_usage":[],"damage_taken":[{"damage":1.0,"enemies":"Jaw Worm","floor":1.0,"turns":4.0},{"damage":0.0,"enemies":"2 Louse","floor":3.0,"turns":3.0},{"damage":0.0,"enemies":"Cultist","floor":5.0,"turns":3.0},{"damage":6.0,"enemies":"Looter","floor":6.0,"turns":4.0},{"damage":3.0,"enemies":"Lagavulin","floor":8.0,"turns":7.0},{"damage":0.0,"enemies":"Blue Slaver","floor":11.0,"turns":3.0},{"damage":24.0,"enemies":"Gremlin Nob","floor":12.0,"turns":4.0},{"damage":2.0,"enemies":"Lagavulin","floor":14.0,"turns":5.0},{"damage":5.0,"enemies":"Hexaghost","floor":16.0,"turns":9.0},{"damage":0.0,"enemies":"Spheric Guardian","floor":18.0,"turns":4.0},{"damage":9.0,"enemies":"2 Thieves","floor":19.0,"turns":4.0},{"damage":0.0,"enemies":"Centurion and Healer","floor":21.0,"turns":9.0},{"damage":5.0,"enemies":"Gremlin Leader","floor":23.0,"turns":7.0},{"damage":0.0,"enemies":"Cultist and Chosen","floor":24.0,"turns":6.0},{"damage":0.0,"enemies":"Snake Plant","floor":30.0,"turns":3.0},{"damage":13.0,"enemies":"Slavers","floor":31.0,"turns":6.0},{"damage":28.0,"enemies":"Collector","floor":33.0,"turns":9.0},{"damage":0.0,"enemies":"3 Shapes","floor":35.0,"turns":5.0},{"damage":15.0,"enemies":"3 Darklings","floor":36.0,"turns":4.0},{"damage":7.0,"enemies":"Spire Growth","floor":38.0,"turns":6.0},{"damage":1.0,"enemies":"Reptomancer","floor":40.0,"turns":5.0},{"damage":23.0,"enemies":"infinitespire:Three Voidlings","floor":41.0,"turns":5.0},{"damage":8.0,"enemies":"Nightmare_Alpha","floor":41.0,"turns":9.0},{"damage":8,"enemies":"Nightmare","floor":44,"turns":9},{"damage":17,"enemies":"Writhing Mass","floor":45,"turns":4},{"damage":10,"enemies":"3 Darklings","floor":46,"turns":4},{"damage":0,"enemies":"Jaw Worm Horde","floor":47,"turns":4},{"damage":37,"enemies":"Awakened One","floor":50,"turns":14},{"damage":15,"enemies":"Shield and Spear","floor":54,"turns":7},{"damage":39,"enemies":"The Heart","floor":55,"turns":8}],"seed_played":"908998168388027435","potions_obtained":[{"floor":6.0,"key":"Explosive Potion"},{"floor":8.0,"key":"AttackPotion"},{"floor":23.0,"key":"SneckoOil"},{"floor":30.0,"key":"Fruit Juice"}],"is_trial":false,"path_per_floor":["M","?","M","?","M","M","R","E","T","$","M","E","?","E","R","B",null,"M","M","AVR","M","?","E","M","R","T","$","?","R","M","E","R","B",null,"M","M","?","M","T","E","?","?","T","NM","M","M","M","?","R","B",null,"R","$","E","B",null],"character_chosen":"THE_SILENT","items_purchased":["Well Laid Plans","Membership Card","Tools of the Trade","Acrobatics","PiercingWail","Noxious Fumes","Backflip","Outmaneuver","Magnetism","Sucker Punch","Dagger Throw","Good Instincts"],"campfire_rested":1,"item_purchase_floors":[10,27,27,27,27,53,53,53,53,53,53,53],"current_hp_per_floor":[69,73,73,73,73,67,67,64,64,64,64,45,45,43,43,38,77,77,68,68,68,68,63,63,63,63,63,47,47,57,44,68,40,82,82,67,57,50,50,49,36,36,36,28,11,1,1,72,72,35,72,72,72,57,18],"gold":128,"neow_bonus":"RANDOM_COLORLESS_2","is_daily":false,"chose_seed":false,"campfire_upgraded":6,"win_rate":0.0,"timestamp":1613092703,"path_taken":["M","?","M","?","M","M","R","E","T","$","?","E","?","E","R","BOSS","M","M","AVR","M","?","E","?","R","T","$","?","R","M","E","R","BOSS","M","M","?","M","?","E","?","?","T","NM","M","M","?","?","R","BOSS","R","$","E","BOSS"],"items_purchased_type":["Card","Relic","Card","Card","Card","Card","Card","Card","Card","Card","Card","Card"],"build_version":"2020-12-22","purchased_purges":3,"victory":true,"max_hp_per_floor":[70,77,77,77,77,77,77,77,77,77,77,77,77,77,77,77,77,77,77,77,77,77,77,77,77,77,77,77,77,82,82,82,82,82,82,82,82,82,82,82,82,82,82,82,82,82,82,72,72,72,72,72,72,72,72],"relic_stats":{"Sozu":7,"counters":[30,174],"HoveringKite":[80],"Tingsha":[87],"Bag of Preparation":[14],"Ginger":[2],"Boot":[32],"obtain_stats":[{"HoveringKite":20,"Enchiridion":28,"Tingsha":41,"Bag of Preparation":42,"infinitespire:Magic Flask":31,"infinitespire:Lucky Rock":44,"Ginger":54,"Ancient Tea Set":14,"Boot":40,"Akabeko":12,"White Beast Statue":43,"Sozu":34,"infinitespire:WardingShard":23,"Strawberry":2,"CultistMask":22,"Membership Card":27,"StrikeDummy":26,"Toy Ornithopter":8,"Ring of the Serpent":17,"TungstenRod":39,"Ring of the Snake":0},{"HoveringKite":11,"Enchiridion":14,"Tingsha":23,"Bag of Preparation":23,"infinitespire:Magic Flask":16,"infinitespire:Lucky Rock":24,"Ginger":29,"Ancient Tea Set":8,"Boot":21,"Akabeko":7,"White Beast Statue":23,"Sozu":17,"infinitespire:WardingShard":13,"Strawberry":1,"CultistMask":12,"Membership Card":14,"StrikeDummy":14,"Toy Ornithopter":5,"Ring of the Serpent":9,"TungstenRod":20,"Ring of the Snake":0},{"HoveringKite":50,"Enchiridion":72,"Tingsha":124,"Bag of Preparation":124,"infinitespire:Magic Flask":81,"infinitespire:Lucky Rock":133,"Ginger":166,"Ancient Tea Set":33,"Boot":110,"Akabeko":28,"White Beast Statue":124,"Sozu":90,"infinitespire:WardingShard":66,"Strawberry":4,"CultistMask":59,"Membership Card":72,"StrikeDummy":72,"Toy Ornithopter":21,"Ring of the Serpent":42,"TungstenRod":105,"Ring of the Snake":0}],"Toy Ornithopter":10,"TungstenRod":58},"card_choices":[{"not_picked":["Magnetism","Master of Strategy"],"picked":"Apotheosis","floor":0.0},{"not_picked":["Acrobatics","Outmaneuver"],"picked":"Quick Slash","floor":1.0},{"not_picked":["Grand Finale","Underhanded Strike"],"picked":"Backflip","floor":3.0},{"not_picked":["Endless Agony","Backflip"],"picked":"Dagger Throw","floor":5.0},{"not_picked":["Bane","Heel Hook"],"picked":"Backflip","floor":6.0},{"not_picked":["Dagger Spray","All Out Attack"],"picked":"Burst","floor":8.0},{"not_picked":["Sucker Punch","Cloak And Dagger"],"picked":"Deadly Poison","floor":11.0},{"not_picked":["Grand Finale","Prepared","Deflect"],"picked":"SKIP","floor":12.0},{"not_picked":["Calculated Gamble","Sucker Punch"],"picked":"Skewer","floor":14.0},{"not_picked":["A Thousand Cuts","Burst"],"picked":"Adrenaline","floor":16.0},{"not_picked":["Flying Knee","Predator"],"picked":"Leg Sweep","floor":18.0},{"not_picked":["Choke","Underhanded Strike"],"picked":"Leg Sweep+1","floor":19.0},{"not_picked":["Predator","Sucker Punch","Underhanded Strike"],"picked":"SKIP","floor":21.0},{"not_picked":["Distraction","Riddle With Holes"],"picked":"Quick Slash","floor":23.0},{"not_picked":["Dodge and Roll","Dagger Throw+1"],"picked":"Sucker Punch+1","floor":24.0},{"not_picked":["Crippling Poison","Setup"],"picked":"Noxious Fumes+1","floor":30.0},{"not_picked":["Flying Knee","Cloak And Dagger"],"picked":"Crippling Poison","floor":31.0},{"not_picked":["Night Terror","Phantasmal Killer"],"picked":"Malaise","floor":33.0},{"not_picked":["Dagger Throw","Leg Sweep"],"picked":"Deadly Poison","floor":35.0},{"not_picked":["Poisoned Stab","Riddle With Holes"],"picked":"Outmaneuver","floor":36.0},{"not_picked":["Accuracy+1","Outmaneuver"],"picked":"Crippling Poison+1","floor":38.0},{"not_picked":["Sucker Punch","Acrobatics+1"],"picked":"Outmaneuver+1","floor":40.0},{"not_picked":["infinitespire:TheBestDefense","infinitespire:SealOfDarkness+"],"picked":"infinitespire:Gouge","floor":41},{"not_picked":["Calculated Gamble","Underhanded Strike"],"picked":"Dash","floor":41},{"not_picked":["Deflect","Sucker Punch+1"],"picked":"Blur+1","floor":44},{"not_picked":["PiercingWail+1","Deadly Poison"],"picked":"Bouncing Flask+1","floor":45},{"not_picked":["Poisoned Stab+1","Tools of the Trade"],"picked":"PiercingWail+1","floor":46},{"not_picked":["Skewer+1","Flechettes"],"picked":"Dodge and Roll+1","floor":47},{"not_picked":["Dagger Throw","Cloak And Dagger+1"],"picked":"Terror+1","floor":54}],"player_experience":1237006,"relics_obtained":[{"floor":8.0,"key":"Toy Ornithopter"},{"floor":12.0,"key":"Akabeko"},{"floor":14.0,"key":"Ancient Tea Set"},{"floor":23.0,"key":"infinitespire:WardingShard"},{"floor":26.0,"key":"StrikeDummy"},{"floor":28.0,"key":"Enchiridion"},{"floor":31.0,"key":"infinitespire:Magic Flask"},{"floor":39.0,"key":"TungstenRod"},{"floor":40.0,"key":"Boot"},{"floor":41,"key":"Tingsha"},{"floor":43,"key":"White Beast Statue"},{"floor":44,"key":"infinitespire:Lucky Rock"},{"floor":54,"key":"Ginger"}],"event_choices":[{"damage_healed":0.0,"max_hp_gain":0.0,"max_hp_loss":0.0,"gold_gain":0.0,"event_name":"Scrap Ooze","player_choice":"Success","floor":2.0,"gold_loss":0.0,"damage_taken":3.0,"relics_obtained":["Strawberry"]},{"damage_healed":0.0,"max_hp_gain":0.0,"max_hp_loss":0.0,"gold_gain":0.0,"event_name":"Match and Keep!","player_choice":"1 cards matched","floor":4.0,"gold_loss":0.0,"damage_taken":0.0,"cards_obtained":["Predator"]},{"damage_healed":0.0,"max_hp_gain":0.0,"max_hp_loss":0.0,"gold_gain":0.0,"cards_transformed":["Strike_G"],"event_name":"Living Wall","player_choice":"Change","floor":13.0,"gold_loss":0.0,"damage_taken":0.0,"cards_obtained":["Poisoned Stab"]},{"damage_healed":0.0,"max_hp_gain":0.0,"max_hp_loss":0.0,"gold_gain":0.0,"event_name":"FaceTrader","player_choice":"Trade","floor":22.0,"gold_loss":0.0,"damage_taken":0.0,"relics_obtained":["CultistMask"]},{"damage_healed":0.0,"max_hp_gain":0.0,"max_hp_loss":0.0,"gold_gain":0.0,"event_name":"Cursed Tome","player_choice":"Obtained Book","floor":28.0,"gold_loss":0.0,"damage_taken":16.0},{"damage_healed":0.0,"max_hp_gain":0.0,"max_hp_loss":0.0,"gold_gain":0.0,"event_name":"Winding Halls","player_choice":"Embrace Madness","floor":37.0,"gold_loss":0.0,"damage_taken":10.0,"cards_obtained":["Madness","Madness"]},{"damage_healed":0,"gold_gain":0,"player_choice":"Embrace Madness","damage_taken":10,"max_hp_gain":0,"max_hp_loss":0,"event_name":"Winding Halls","floor":41,"gold_loss":0,"cards_obtained":["Madness","Madness"]},{"damage_healed":0,"gold_gain":0,"player_choice":"Gave Potion","damage_taken":0,"relics_obtained":["Bag of Preparation"],"max_hp_gain":0,"max_hp_loss":0,"event_name":"WeMeetAgain","floor":42,"gold_loss":0},{"damage_healed":72,"gold_gain":0,"player_choice":"Heal","damage_taken":0,"max_hp_gain":0,"max_hp_loss":10,"event_name":"The Moai Head","floor":48,"gold_loss":0}],"is_beta":false,"boss_relics":[{"not_picked":["Ectoplasm","Runic Pyramid"],"picked":"Ring of the Serpent"},{"not_picked":["Tiny House","WristBlade"],"picked":"Sozu"}],"items_purged_floors":[20,27,53],"is_endless":false,"potions_floor_spawned":[6,8,23,30,36,40,41,44,45,46,47,54],"ascension_level":2}}