{"host":"1poy056mauca3bbh","time":1613104181,"event":{"mods":["Ascension Unlocker","BaseMod","Bestiary","Block Reminder","Colored Map","Colored Powertips","Curses Come First","Highlight Path","Minty Spire (QoL Compilation)","Permanent Neow","Quick Restart","Rare Cards Sparkle","Relic Stats","Smile Girya","StSLib","UnlockEverythingMod"],"gold_per_floor":[117,117,217,235,246,246,262,273,273,25,25,25,25,25,25,104,104,119,39,39,314,333,333,345,40,67,67,25,40,54,0,0,0,0],"floor_reached":33,"language":"ENG","playtime":1129,"items_purged":["Strike_B","Regret"],"score":470,"play_id":"d7166835-123f-466b-8c37-7a3a68d8656f","local_time":"20210211232941","is_ascension_mode":true,"campfire_choices":[{"data":"Cold Snap","floor":6.0,"key":"SMITH"},{"floor":12.0,"key":"REST"},{"floor":15.0,"key":"REST"},{"floor":23.0,"key":"REST"},{"floor":27.0,"key":"REST"},{"floor":32,"key":"REST"}],"circlet_count":0,"master_deck":["AscendersBane","Strike_B","Strike_B","Defend_B","Defend_B","Defend_B","Zap","Dualcast","Cold Snap+1","Streamline","Ball Lightning","Ball Lightning","Rip and Tear","Skim","Reinforced Body","Echo Form","Gash","Leap","Meteor Strike","FTL","Gash","Leap","Writhe","Turbo+1","Doom and Gloom","Go for the Eyes","Magnetism","Sunder","Cold Snap","Streamline"],"relics":["Nuclear Battery","Shuriken","Orrery","Runic Pyramid","Question Card","Bronze Scales"],"acts_visited":["Exordium","TheCity"],"potions_floor_usage":[33],"damage_taken":[{"damage":7.0,"enemies":"Jaw Worm","floor":1.0,"turns":5.0},{"damage":5.0,"enemies":"2 Louse","floor":4.0,"turns":3.0},{"damage":0.0,"enemies":"Cultist","floor":5.0,"turns":3.0},{"damage":16.0,"enemies":"Large Slime","floor":7.0,"turns":4.0},{"damage":18.0,"enemies":"Exordium Thugs","floor":8.0,"turns":3.0},{"damage":18.0,"enemies":"Hexaghost","floor":16.0,"turns":7.0},{"damage":11.0,"enemies":"3 Byrds","floor":18.0,"turns":3.0},{"damage":22.0,"enemies":"Spheric Guardian","floor":22.0,"turns":4.0},{"damage":27.0,"enemies":"Centurion and Healer","floor":24.0,"turns":7.0},{"damage":17.0,"enemies":"Chosen and Byrds","floor":29.0,"turns":4.0},{"damage":17,"enemies":"Snake Plant","floor":30,"turns":3},{"damage":63,"enemies":"Collector","floor":33,"turns":6}],"seed_played":"4497182371527570485","potions_obtained":[{"floor":8.0,"key":"DistilledChaos"},{"floor":16.0,"key":"Explosive Potion"},{"floor":30,"key":"Explosive Potion"}],"is_trial":false,"path_per_floor":["M","?","?","M","M","R","M","M","T","$","?","R","$","?","R","B",null,"M","$","?","?","M","R","M","$","T","R","$","M","M","?","R","B"],"character_chosen":"DEFECT","items_purchased":["Orrery","Gash","Leap","Go for the Eyes","Magnetism","Sunder"],"campfire_rested":5,"item_purchase_floors":[10,19,19,25,25,28],"current_hp_per_floor":[57,50,50,45,45,45,29,11,11,11,11,32,32,55,71,53,67,56,56,56,56,34,55,28,28,28,49,49,32,15,15,36,0,0],"gold":0,"neow_bonus":"BOSS_RELIC","is_daily":false,"chose_seed":false,"campfire_upgraded":1,"win_rate":0.0,"timestamp":1613104181,"path_taken":["M","?","?","M","M","R","?","M","T","$","?","R","?","?","R","BOSS","M","$","?","?","?","R","M","$","T","R","?","M","M","?","R","BOSS"],"items_purchased_type":["Relic","Card","Card","Card","Card","Card"],"build_version":"2020-12-22","purchased_purges":2,"victory":false,"max_hp_per_floor":[71,71,71,71,71,71,71,71,71,71,71,71,71,71,71,71,71,71,71,71,71,71,71,71,71,71,71,71,71,71,71,71,71,71],"relic_stats":{"counters":[12,52],"Shuriken":[18],"Bronze Scales":[49],"Question Card":4,"obtain_stats":[{"Shuriken":9,"Bronze Scales":26,"Orrery":10,"Cracked Core":0,"Question Card":20,"Nuclear Battery":0,"Runic Pyramid":17},{"Shuriken":5,"Bronze Scales":9,"Orrery":5,"Cracked Core":0,"Question Card":7,"Nuclear Battery":0,"Runic Pyramid":6},{"Shuriken":18,"Bronze Scales":39,"Orrery":18,"Cracked Core":0,"Question Card":28,"Nuclear Battery":0,"Runic Pyramid":25}]},"card_choices":[{"not_picked":["Barrage","Stack"],"picked":"Cold Snap","floor":1.0},{"not_picked":["Scrape","BootSequence"],"picked":"Streamline","floor":4.0},{"not_picked":["Capacitor","Steam"],"picked":"Ball Lightning","floor":5.0},{"not_picked":["Steam Power","Coolheaded"],"picked":"Ball Lightning","floor":7.0},{"not_picked":["Ball Lightning","Coolheaded"],"picked":"Rip and Tear","floor":8.0},{"not_picked":["Sweeping Beam","Lockon"],"picked":"Skim","floor":10.0},{"not_picked":["Gash","Consume"],"picked":"Reinforced Body","floor":10.0},{"not_picked":["Conserve Battery","Compile Driver"],"picked":"Echo Form","floor":10.0},{"not_picked":["Sweeping Beam","Stack"],"picked":"Gash","floor":10.0},{"not_picked":["Rebound","Ball Lightning"],"picked":"Leap","floor":10.0},{"not_picked":["Thunder Strike","Machine Learning"],"picked":"Meteor Strike","floor":16.0},{"not_picked":["Redo","Hologram"],"picked":"FTL","floor":18.0},{"not_picked":["Barrage","Recycle","Cold Snap"],"picked":"Turbo+1","floor":22.0},{"not_picked":["Steam","Blizzard","Compile Driver"],"picked":"Doom and Gloom","floor":24.0},{"not_picked":["Scrape","Genetic Algorithm","Ball Lightning"],"picked":"Cold Snap","floor":29.0},{"not_picked":["Auto Shields","Sweeping Beam","Leap"],"picked":"Streamline","floor":30}],"player_experience":141832,"relics_obtained":[{"floor":9.0,"key":"Shuriken"},{"floor":26.0,"key":"Bronze Scales"}],"event_choices":[{"cards_removed":["Defend_B"],"damage_healed":0.0,"max_hp_gain":0.0,"max_hp_loss":0.0,"gold_gain":0.0,"event_name":"Golden Wing","player_choice":"Card Removal","floor":2.0,"gold_loss":0.0,"damage_taken":7.0},{"damage_healed":0.0,"max_hp_gain":0.0,"max_hp_loss":0.0,"gold_gain":100.0,"event_name":"Wheel of Change","player_choice":"Gold","floor":3.0,"gold_loss":0.0,"damage_taken":0.0},{"cards_removed":["Strike_B"],"damage_healed":0.0,"max_hp_gain":0.0,"max_hp_loss":0.0,"gold_gain":0.0,"event_name":"Bonfire Elementals","player_choice":"Offered Basic","floor":11.0,"gold_loss":0.0,"damage_taken":0.0},{"damage_healed":23.0,"max_hp_gain":0.0,"max_hp_loss":0.0,"gold_gain":0.0,"event_name":"Big Fish","player_choice":"Banana","floor":14.0,"gold_loss":0.0,"damage_taken":0.0},{"damage_healed":0.0,"max_hp_gain":0.0,"max_hp_loss":0.0,"gold_gain":0.0,"event_name":"The Mausoleum","player_choice":"Opened","floor":20.0,"gold_loss":0.0,"damage_taken":0.0,"relics_obtained":["Question Card"],"cards_obtained":["Writhe"]},{"damage_healed":0.0,"max_hp_gain":0.0,"max_hp_loss":0.0,"gold_gain":275.0,"event_name":"Golden Shrine","player_choice":"Desecrate","floor":21.0,"gold_loss":0.0,"damage_taken":0.0,"cards_obtained":["Regret"]},{"damage_healed":0,"gold_gain":0,"player_choice":"Paid Fearfully","damage_taken":0,"max_hp_gain":0,"max_hp_loss":0,"event_name":"Masked Bandits","floor":31,"gold_loss":54}],"is_beta":false,"boss_relics":[{"not_picked":["Ectoplasm","Empty Cage"],"picked":"Runic Pyramid"}],"items_purged_floors":[10,25],"is_endless":false,"potions_floor_spawned":[8,16,30],"killed_by":"Collector","ascension_level":20}}