{"host":"vr9me2kif8p2xyyc","time":1613171665,"event":{"mods":["2.2 Compatiblity","A Magickal Journey","AchievementEnabler","Act Like it!","Arknights","Aspiration","Astrologer","Bard","Bartender","BaseMod","Beaked The Cultist","Better Match","Better Note","Better Skull","Better Third Choice","BetterRewards","Block Reminder","Booster Modes","CapriCore","Challenge The Spire","ChefMod","Clawfect","Colored Map","Colored Powertips","Conjunction","Conspire","Downfall","Elementarium","Energized Spire","Friendly Minions","GifTheSpireLib","Glutton Mod","Halation","Hallownest","Hermit","Hubris","Jorbs\u0027s Wanderer Trilogy","Kratos Character Expansion","Mad Scientist","Marisa????????","Minty Spire (QoL Compilation)","Pale of the Ancients","Permanent Neow","Potionbrewer","QueenMod","Quick Restart","Random Character Button","Rare Cards Sparkle","Relic Stats","Reliquary","Remilia??????","Replay The Spire","Reworked Bosses","Robot Space Explorer","SCP261 Mod","SIMod","Shade Mod","Shop Mod","Slumbering Mod","Spicy Shops","Spikes Relics","Spire Arcade","StSLib","Stuff the Spire","SuperFastMode","Td1madao Mod","The Alterego","The Animator","The Blackbeard","The Bladedancer","The Blue Laboratory","The Bug Knight","The Caster","The Clintock","The Construct","The Cursed","The Death Knight","The Disciple","The Dragon Tamer","The Druid","The Elementalist","The Exalted","The Extravagant","The Fake Hero","The Florist","The Forsaken","The Gatherer","The Hayseed","The Hierophant","The Immortal","The Judge","The Jungle","The Kombatant","The Marked","The Mystic","The Necromancer","The Poker Player","The Problem Sleuth","The Runesmith","The Sage","The Servant 0.9.4","The Spell Scribe","The Valiant","TheBandit","TheFirefly","TheVacant","TheWitcher","Wandering Minibosses","Weighted Paths","Yohane!","thorton"],"gold_per_floor":[116,135,135,149,163,194,194,210,237,237,265,265,265,275,275,375,375,399,76,82,91,91,116,124,124,124,134,154,154,425,434,434,434,434,434],"floor_reached":33,"language":"ENG","playtime":1515,"items_purged":["Regret","Regret"],"score":474,"play_id":"ea6d1d46-396f-445b-b1a1-5c7c0d02cfce","local_time":"20210212171425","is_ascension_mode":false,"metric_token":7123,"campfire_choices":[{"data":"DTMod:ForkedFire","floor":13,"key":"SMITH"},{"data":"DTMod:Overwhelm","floor":15,"key":"SMITH"},{"floor":25,"key":"REST"},{"data":"DTMod:ForkedFire","floor":32,"key":"SMITH"}],"dtmod_dragon_data":[0,50,1,-1,8,0],"circlet_count":0,"master_deck":["DTMod:Strike","DTMod:Strike","DTMod:Strike","DTMod:Strike","DTMod:DoubleHit","DTMod:TargetDefense","DTMod:TargetDefense","DTMod:TargetDefense","DTMod:TargetDefense","DTMod:SwitchingTactic","DTMod:ForkedFire+1","DTMod:CleansingStrike","DTMod:BalancedStrike","TheSimpletonMod:Nettles","DTMod:CleansingStrike","DTMod:Overwhelm+1","DTMod:Punisher","DTMod:ForkedFire+1","theForsaken:PlagueCurse","DTMod:FlameSlash","DTMod:LightShield","DTMod:MagiciansMark","DTMod:MaximumCharge","DTMod:CrossStep","conspire:Banana+1","DTMod:FlameSlash+1","Pride","DTMod:CleansingStrike+1","DTMod:GearUp","DTMod:Weaken","Regret","DTMod:CalculatedDefense+1"],"relics":["DTMod:MagicStone","BlackRope","MerchantsRug","PreservedInsect","Ginger","Vajra","StuffTheSpire:RedRose","Simple Rune","theForsaken:PlagueMask","theSlumbering:GamblerFolly","Replay:Wax Seal","DTMod:BindingString","Bag of Marbles","MarkOfWind"],"acts_visited":["Exordium","TheCity"],"potions_floor_usage":[23,23,24,33,33],"damage_taken":[{"damage":0,"enemies":"Jaw Worm","floor":1,"turns":3},{"damage":0,"enemies":"Small Slimes","floor":2,"turns":2},{"damage":0,"enemies":"2 Louse","floor":4,"turns":2},{"damage":0,"enemies":"Exordium Thugs","floor":5,"turns":5},{"damage":9,"enemies":"3 Sentries","floor":6,"turns":5},{"damage":0,"enemies":"Looter","floor":8,"turns":3},{"damage":10,"enemies":"Gremlin Nob","floor":11,"turns":3},{"damage":0,"enemies":"2 Fungi Beasts","floor":14,"turns":1},{"damage":2,"enemies":"Slime Boss","floor":16,"turns":10},{"damage":1,"enemies":"Chosen","floor":18,"turns":6},{"damage":24,"enemies":"Spheric Guardian","floor":20,"turns":3},{"damage":2,"enemies":"Snake Plant","floor":21,"turns":3},{"damage":18,"enemies":"Book of Stabbing","floor":23,"turns":5},{"damage":24,"enemies":"Shelled Parasite and Fungi","floor":24,"turns":5},{"damage":8,"enemies":"Centurion and Healer","floor":27,"turns":6},{"damage":3,"enemies":"Slavers","floor":28,"turns":3},{"damage":0,"enemies":"Cultist and Chosen","floor":31,"turns":3},{"damage":80,"enemies":"Automaton","floor":33,"turns":12}],"seed_played":"1820581599905934602","potions_obtained":[{"floor":2,"key":"blueLaboratory:ForbiddenFruitJuice"},{"floor":4,"key":"LifebloodPotion"},{"floor":11,"key":"LiquidBronze"},{"floor":21,"key":"blueLaboratory:ExaltedPotion"},{"floor":27,"key":"blueLaboratory:HorrorPotion"},{"floor":31,"key":"Adrenaline Potion"}],"is_trial":false,"path_per_floor":["M","M","?","M","M","E","?","M","T","?","E","?","R","M","R","B",null,"M","$","M","M","?","E","M","R","T","M","E","?","?","M","R","B"],"character_chosen":"THE_DT","items_purchased":["BlackRope","MerchantsRug","DTMod:ForkedFire","theSlumbering:GamblerFolly"],"campfire_rested":1,"item_purchase_floors":[0,0,0,19],"current_hp_per_floor":[45,45,45,45,45,36,36,36,36,36,26,26,26,26,26,24,45,44,44,21,26,26,17,2,16,16,17,23,23,23,32,32,0,0,0],"gold":434,"neow_bonus":"","is_daily":false,"chose_seed":false,"campfire_upgraded":3,"win_rate":0.0,"timestamp":1613171665,"path_taken":["M","M","?","M","M","E","?","M","T","?","E","?","R","M","R","BOSS","M","$","M","M","?","E","M","R","T","M","E","?","?","?","R","BOSS"],"items_purchased_type":["Relic","Relic","Card","Relic"],"build_version":"2020-12-22","purchased_purges":2,"victory":false,"max_hp_per_floor":[45,45,45,45,45,45,45,45,45,45,45,45,45,45,45,45,45,45,45,45,45,45,47,49,49,49,51,53,53,53,55,55,57,57,57],"relic_stats":{"counters":[272,1433],"PreservedInsect":143,"Ginger":[7],"obtain_stats":[{"StuffTheSpire:Rhapsscallions":9,"Conjunction:SoulLantern":46,"halation:Komachan":20,"Whetstone":40,"Ginger":6,"Old Coin":38,"reliquary:FerryPass":14,"theForsaken:HumbleEgg":0,"Replay:Ringing Soul":29,"Archangels Feather":17,"aspiration:BabyByrd":4,"beaked:SacredDeck":17,"MealTicket":24,"Replay:Bottled Flurry":0,"DTMod:BindingString":26,"HollowMod:PaleOreRelic":20,"Replay:Wax Seal":3,"MerchantsRug":30,"theMarked:DemonDagger":9,"Runesmith:BrokenRuby":13,"conspire:TreasureMap":24,"Sneakers":0,"thethorton:BottledFunds":17,"GiantMaggot":9,"Pen Nib":4,"SpikesRelics:SneckoPlush":2,"aspiration:FrozenJewel":3,"Akabeko":12,"potionbrewer:Torch":12,"SlaversCollar":17,"sagemod:Creepy_Carousel":6,"Bromod:ArcaneEnergize":17,"theSlumbering:EnchantedHammer":17,"thethorton:CrushedCigarette":34,"DTMod:MagicStone":17,"Abe\u0027s Treasure":17,"Unceasing Top":30,"conspire:Flyswatter":32,"Regal Pillow":20,"aspiration:Lifesprig":26,"Torii":0,"Singing Bowl":11,"reliquary:Aerogel":42,"halation:TrafficLight":0,"StuffTheSpire:GrapeVine":40,"sagemod:Blowpipe":6,"sagemod:The_Guidebook_Guide":48,"Ancient Tea Set":37,"Pet Ghost":9,"Replay:Rubber Ducky":13,"StuffTheSpire:OccultApparatus":22,"Bromod:ArcaneAwakening":25,"reliquary:TridentHead":11,"Matryoshka":26,"reliquary:Buckler":9,"halation:Toothbrush":7,"hubris:FunFungus":0,"WingedGreaves":16,"StuffTheSpire:RedRose":14,"Replay:Bottled Eggs":9,"aspiration:FutureDiary":17,"hubris:GlazedTorus":47,"theSlumbering:GamblerFolly":19,"Golden Idol":3,"PreservedInsect":3,"theSlumbering:SlimeShield":28,"Omamori":42,"hubris:Towel":7,"Frozen Egg 2":43,"halation:SelfBoilingWater":17,"energizedSpire:DeadBattery":17,"Bromod:ArcaneMomentum":48,"theMarked:ArtifactOfAir":13,"halation:SwordOfLegend":9,"betterThird:SlimedRelic":5,"SpikesRelics:DaevaFist":38,"Garlic":10,"Runesmith:AutoHammer":50,"halation:LostSnail":21,"halation:PinkSoulGem":3,"Toy Ornithopter":9,"reliquary:FeatherDuster":26,"hermit:ClaspedLocket":34,"conspire:RoyalGoblet":34,"Gremlin Horn":32,"sagemod:Falmels_Amulet":4,"CeramicFish":10,"potionbrewer:AlchemistFlask":19,"Vajra":9,"potionbrewer:SalesContract":21,"conspire:SeveredTorchhead":17,"halation:PrussianBluePaint":9,"DollysMirror":11,"Strawberry":42,"Honey Jar":17,"halation:KoshaPiece":26,"Happy Flower":23,"wanderingMiniBosses:ThiefScarf":46,"aspiration:Nostalgia":0,"ReplayTheSpireMod:CursedCoin":13,"Replay:Grab Bag":17,"conspire:SlowCooker":17,"reliquary:TatteredRug":7,"conspire:Boomerang":0,"BlackRope":0,"aspiration:HiddenCompartment":8,"Bromod:ArcaneConsequence":10,"WarpedTongs":5,"reliquary:JackalopeAntler":6,"Bottled Flame":26,"Replay:Baseball":21,"aspiration:EmptySkull":9,"ReplayTheSpireMod:Shallot":26,"Simple Rune":17,"Onion Ring":14,"Molten Egg 2":14,"hubris:PeanutButter":23,"Black Star":34,"StuffTheSpire:PointBlank":38,"Nloth\u0027s Gift":19,"hermit:Momento":0,"NlothsMask":21,"Meat on the Bone":0,"ReplayFunnel":11,"SnailShell":47,"halation:PapillonHeart":41,"reliquary:Boomerang":14,"BrokenLever":43,"theForsaken:Lifeblossom":0,"halation:WeightlessCrab":50,"Incense Burner":7,"Juzu Bracelet":9,"hubris:SlimyHat":9,"Yohane:AngelWings":28,"Replay:Mystery Machine":43,"hubris:RunicObelisk":34,"theForsaken:Gavel":9,"theForsaken:PlagueMask":4,"StuffTheSpire:Experiment12":36,"Winged Necklace":46,"Replay:Bandana":10,"Dream Catcher":10,"reliquary:HotPoker":24,"theForsaken:Kindling":25,"MiniBlackHole":14,"elementalistmod:YellowCirclet":4,"MarkOfWind":29,"RollingBoulder":0,"astrologer:SkyMirror":0,"halation:LettersToHer":4,"KratosMod:chalice":4,"hubris:DisguiseKit":5,"HollowMod:LifeEnderRelic":21,"StuffTheSpire:RunicHypercube":17,"Guide Book":42,"Quantum Egg":26,"halation:IllGainedPizza":21,"Replay:WaspNest":8,"Orichalcum":9,"Calling Bell":17,"Strange Spoon":0,"CaptainsWheel":2,"wanderingMiniBosses:CarrionFlame":31,"DTMod:PactStone":22,"halation:EternalFortune":39,"Snack Pack":9,"Bag of Marbles":5,"Membership Card":4,"potionbrewer:SlideRule":12,"reliquary:PurpleTingedLeaf":9,"TungstenRod":6,"hubris:OldNail":0,"Huge Egg":26,"ReplayTheSpireMod:ShopPack":28},{"StuffTheSpire:Rhapsscallions":244,"Conjunction:SoulLantern":41,"halation:Komachan":205,"Whetstone":60,"Ginger":259,"Old Coin":36,"reliquary:FerryPass":213,"theForsaken:HumbleEgg":88,"Replay:Ringing Soul":128,"Archangels Feather":95,"aspiration:BabyByrd":230,"beaked:SacredDeck":247,"MealTicket":159,"Replay:Bottled Flurry":217,"DTMod:BindingString":268,"HollowMod:PaleOreRelic":115,"Replay:Wax Seal":78,"MerchantsRug":14,"theMarked:DemonDagger":134,"Runesmith:BrokenRuby":152,"conspire:TreasureMap":250,"Sneakers":0,"thethorton:BottledFunds":154,"GiantMaggot":208,"Pen Nib":226,"SpikesRelics:SneckoPlush":230,"aspiration:FrozenJewel":108,"Akabeko":146,"potionbrewer:Torch":83,"SlaversCollar":49,"sagemod:Creepy_Carousel":110,"Bromod:ArcaneEnergize":114,"theSlumbering:EnchantedHammer":85,"thethorton:CrushedCigarette":56,"DTMod:MagicStone":263,"Abe\u0027s Treasure":9,"Unceasing Top":187,"conspire:Flyswatter":188,"Regal Pillow":126,"aspiration:Lifesprig":185,"Torii":65,"Singing Bowl":210,"reliquary:Aerogel":167,"halation:TrafficLight":18,"StuffTheSpire:GrapeVine":166,"sagemod:Blowpipe":21,"sagemod:The_Guidebook_Guide":41,"Ancient Tea Set":164,"Pet Ghost":151,"Replay:Rubber Ducky":152,"StuffTheSpire:OccultApparatus":126,"Bromod:ArcaneAwakening":159,"reliquary:TridentHead":122,"Matryoshka":128,"reliquary:Buckler":232,"halation:Toothbrush":102,"hubris:FunFungus":193,"WingedGreaves":214,"StuffTheSpire:RedRose":48,"Replay:Bottled Eggs":121,"aspiration:FutureDiary":180,"hubris:GlazedTorus":169,"theSlumbering:GamblerFolly":264,"Golden Idol":44,"PreservedInsect":256,"theSlumbering:SlimeShield":14,"Omamori":167,"hubris:Towel":21,"Frozen Egg 2":61,"halation:SelfBoilingWater":95,"energizedSpire:DeadBattery":214,"Bromod:ArcaneMomentum":41,"theMarked:ArtifactOfAir":122,"halation:SwordOfLegend":80,"betterThird:SlimedRelic":174,"SpikesRelics:DaevaFist":59,"Garlic":93,"Runesmith:AutoHammer":42,"halation:LostSnail":182,"halation:PinkSoulGem":2,"Toy Ornithopter":47,"reliquary:FeatherDuster":159,"hermit:ClaspedLocket":16,"conspire:RoyalGoblet":33,"Gremlin Horn":55,"sagemod:Falmels_Amulet":150,"CeramicFish":5,"potionbrewer:AlchemistFlask":27,"Vajra":260,"potionbrewer:SalesContract":238,"conspire:SeveredTorchhead":124,"halation:PrussianBluePaint":144,"DollysMirror":244,"Strawberry":39,"Honey Jar":26,"halation:KoshaPiece":30,"Happy Flower":29,"wanderingMiniBosses:ThiefScarf":41,"aspiration:Nostalgia":0,"ReplayTheSpireMod:CursedCoin":48,"Replay:Grab Bag":214,"conspire:SlowCooker":73,"reliquary:TatteredRug":133,"conspire:Boomerang":193,"BlackRope":148,"aspiration:HiddenCompartment":232,"Bromod:ArcaneConsequence":22,"WarpedTongs":101,"reliquary:JackalopeAntler":223,"Bottled Flame":98,"Replay:Baseball":182,"aspiration:EmptySkull":5,"ReplayTheSpireMod:Shallot":53,"Simple Rune":95,"Onion Ring":106,"Molten Egg 2":147,"hubris:PeanutButter":184,"Black Star":162,"StuffTheSpire:PointBlank":192,"Nloth\u0027s Gift":237,"hermit:Momento":0,"NlothsMask":27,"Meat on the Bone":76,"ReplayFunnel":104,"SnailShell":41,"halation:PapillonHeart":166,"reliquary:Boomerang":179,"BrokenLever":39,"theForsaken:Lifeblossom":130,"halation:WeightlessCrab":42,"Incense Burner":91,"Juzu Bracelet":92,"hubris:SlimyHat":223,"Yohane:AngelWings":186,"Replay:Mystery Machine":167,"hubris:RunicObelisk":189,"theForsaken:Gavel":200,"theForsaken:PlagueMask":243,"StuffTheSpire:Experiment12":164,"Winged Necklace":41,"Replay:Bandana":70,"Dream Catcher":81,"reliquary:HotPoker":98,"theForsaken:Kindling":30,"MiniBlackHole":8,"elementalistmod:YellowCirclet":20,"MarkOfWind":270,"RollingBoulder":171,"astrologer:SkyMirror":0,"halation:LettersToHer":101,"KratosMod:chalice":150,"hubris:DisguiseKit":227,"HollowMod:LifeEnderRelic":115,"StuffTheSpire:RunicHypercube":204,"Guide Book":61,"Quantum Egg":251,"halation:IllGainedPizza":115,"Replay:WaspNest":47,"Orichalcum":69,"Calling Bell":95,"Strange Spoon":65,"CaptainsWheel":120,"wanderingMiniBosses:CarrionFlame":161,"DTMod:PactStone":205,"halation:EternalFortune":59,"Snack Pack":21,"Bag of Marbles":132,"Membership Card":67,"potionbrewer:SlideRule":245,"reliquary:PurpleTingedLeaf":111,"TungstenRod":151,"hubris:OldNail":206,"Huge Egg":12,"ReplayTheSpireMod:ShopPack":30},{"StuffTheSpire:Rhapsscallions":1284,"Conjunction:SoulLantern":257,"halation:Komachan":1068,"Whetstone":357,"Ginger":1370,"Old Coin":213,"reliquary:FerryPass":1118,"theForsaken:HumbleEgg":508,"Replay:Ringing Soul":709,"Archangels Feather":552,"aspiration:BabyByrd":1213,"beaked:SacredDeck":1305,"MealTicket":839,"Replay:Bottled Flurry":1145,"DTMod:BindingString":1409,"HollowMod:PaleOreRelic":645,"Replay:Wax Seal":442,"MerchantsRug":72,"theMarked:DemonDagger":732,"Runesmith:BrokenRuby":810,"conspire:TreasureMap":1326,"Sneakers":0,"thethorton:BottledFunds":820,"GiantMaggot":1081,"Pen Nib":1187,"SpikesRelics:SneckoPlush":1213,"aspiration:FrozenJewel":612,"Akabeko":786,"potionbrewer:Torch":476,"SlaversCollar":295,"sagemod:Creepy_Carousel":622,"Bromod:ArcaneEnergize":640,"theSlumbering:EnchantedHammer":493,"thethorton:CrushedCigarette":342,"DTMod:MagicStone":1387,"Abe\u0027s Treasure":38,"Unceasing Top":977,"conspire:Flyswatter":983,"Regal Pillow":702,"aspiration:Lifesprig":968,"Torii":383,"Singing Bowl":1099,"reliquary:Aerogel":871,"halation:TrafficLight":109,"StuffTheSpire:GrapeVine":867,"sagemod:Blowpipe":117,"sagemod:The_Guidebook_Guide":257,"Ancient Tea Set":863,"Pet Ghost":808,"Replay:Rubber Ducky":810,"StuffTheSpire:OccultApparatus":702,"Bromod:ArcaneAwakening":839,"reliquary:TridentHead":674,"Matryoshka":709,"reliquary:Buckler":1233,"halation:Toothbrush":587,"hubris:FunFungus":1012,"WingedGreaves":1129,"StuffTheSpire:RedRose":289,"Replay:Bottled Eggs":670,"aspiration:FutureDiary":939,"hubris:GlazedTorus":879,"theSlumbering:GamblerFolly":1393,"Golden Idol":274,"PreservedInsect":1358,"theSlumbering:SlimeShield":72,"Omamori":871,"hubris:Towel":117,"Frozen Egg 2":363,"halation:SelfBoilingWater":552,"energizedSpire:DeadBattery":1129,"Bromod:ArcaneMomentum":257,"theMarked:ArtifactOfAir":674,"halation:SwordOfLegend":452,"betterThird:SlimedRelic":903,"SpikesRelics:DaevaFist":352,"Garlic":535,"Runesmith:AutoHammer":263,"halation:LostSnail":951,"halation:PinkSoulGem":7,"Toy Ornithopter":285,"reliquary:FeatherDuster":839,"hermit:ClaspedLocket":98,"conspire:RoyalGoblet":194,"Gremlin Horn":335,"sagemod:Falmels_Amulet":803,"CeramicFish":16,"potionbrewer:AlchemistFlask":145,"Vajra":1373,"potionbrewer:SalesContract":1261,"conspire:SeveredTorchhead":692,"halation:PrussianBluePaint":778,"DollysMirror":1284,"Strawberry":240,"Honey Jar":143,"halation:KoshaPiece":166,"Happy Flower":158,"wanderingMiniBosses:ThiefScarf":257,"aspiration:Nostalgia":0,"ReplayTheSpireMod:CursedCoin":289,"Replay:Grab Bag":1129,"conspire:SlowCooker":422,"reliquary:TatteredRug":730,"conspire:Boomerang":1012,"BlackRope":794,"aspiration:HiddenCompartment":1233,"Bromod:ArcaneConsequence":124,"WarpedTongs":580,"reliquary:JackalopeAntler":1170,"Bottled Flame":571,"Replay:Baseball":951,"aspiration:EmptySkull":16,"ReplayTheSpireMod:Shallot":325,"Simple Rune":552,"Onion Ring":604,"Molten Egg 2":789,"hubris:PeanutButter":962,"Black Star":854,"StuffTheSpire:PointBlank":1007,"Nloth\u0027s Gift":1256,"hermit:Momento":0,"NlothsMask":145,"Meat on the Bone":435,"ReplayFunnel":598,"SnailShell":257,"halation:PapillonHeart":867,"reliquary:Boomerang":930,"BrokenLever":240,"theForsaken:Lifeblossom":720,"halation:WeightlessCrab":263,"Incense Burner":517,"Juzu Bracelet":523,"hubris:SlimyHat":1170,"Yohane:AngelWings":972,"Replay:Mystery Machine":871,"hubris:RunicObelisk":991,"theForsaken:Gavel":1048,"theForsaken:PlagueMask":1283,"StuffTheSpire:Experiment12":863,"Winged Necklace":257,"Replay:Bandana":402,"Dream Catcher":458,"reliquary:HotPoker":571,"theForsaken:Kindling":166,"MiniBlackHole":27,"elementalistmod:YellowCirclet":113,"MarkOfWind":1418,"RollingBoulder":892,"astrologer:SkyMirror":0,"halation:LettersToHer":580,"KratosMod:chalice":803,"hubris:DisguiseKit":1198,"HollowMod:LifeEnderRelic":645,"StuffTheSpire:RunicHypercube":1065,"Guide Book":363,"Quantum Egg":1334,"halation:IllGainedPizza":645,"Replay:WaspNest":285,"Orichalcum":396,"Calling Bell":552,"Strange Spoon":383,"CaptainsWheel":668,"wanderingMiniBosses:CarrionFlame":846,"DTMod:PactStone":1068,"halation:EternalFortune":352,"Snack Pack":117,"Bag of Marbles":726,"Membership Card":388,"potionbrewer:SlideRule":1289,"reliquary:PurpleTingedLeaf":625,"TungstenRod":808,"hubris:OldNail":1075,"Huge Egg":57,"ReplayTheSpireMod:ShopPack":166}]},"card_choices":[{"not_picked":["DTMod:Punisher","DTMod:HeatWave"],"picked":"DTMod:CleansingStrike","floor":1},{"not_picked":["DTMod:Adaptation","DTMod:Cover"],"picked":"DTMod:BalancedStrike","floor":2},{"not_picked":["DTMod:BreakAttack","DTMod:GhostSkin"],"picked":"DTMod:CleansingStrike","floor":4},{"not_picked":["DTMod:Feint","DTMod:Cover","DTMod:Dissolve"],"picked":"SKIP","floor":5},{"not_picked":["DTMod:PurifyingFlame","DTMod:Weaken"],"picked":"DTMod:Overwhelm","floor":6},{"not_picked":["DTMod:BreakAttack","DTMod:PurifyingFlame"],"picked":"DTMod:Punisher","floor":8},{"not_picked":["DTMod:CleansingStrike","DTMod:DarkBreath"],"picked":"DTMod:ForkedFire","floor":11},{"not_picked":["DTMod:QuickFly","DTMod:Threaten"],"picked":"DTMod:FlameSlash","floor":14},{"not_picked":["DTMod:Multitask","DTMod:Outburst"],"picked":"DTMod:LightShield","floor":16},{"not_picked":["DTMod:DeepFocus+1","DTMod:Cover+1"],"picked":"DTMod:MagiciansMark","floor":18},{"not_picked":["DTMod:DeepFocus+1","DTMod:StarRain"],"picked":"DTMod:MaximumCharge","floor":20},{"not_picked":["DTMod:Hide","DTMod:QuickFly"],"picked":"DTMod:CrossStep","floor":21},{"not_picked":["DTMod:MasterPlan","DTMod:BlazingStrike+1"],"picked":"DTMod:FlameSlash+1","floor":23},{"not_picked":["DTMod:BlazingStrike","DTMod:Overwhelm"],"picked":"DTMod:CleansingStrike+1","floor":24},{"not_picked":["DTMod:FlameSlash","DTMod:CleansingStrike"],"picked":"DTMod:GearUp","floor":27},{"not_picked":["DTMod:BurningEnergy+1","DTMod:Cover"],"picked":"DTMod:Weaken","floor":28},{"not_picked":["DTMod:DarkBreath","DTMod:Hide+1"],"picked":"DTMod:CalculatedDefense+1","floor":31}],"player_experience":1261308,"relics_obtained":[{"floor":6,"key":"Ginger"},{"floor":9,"key":"Vajra"},{"floor":11,"key":"Simple Rune"},{"floor":23,"key":"Replay:Wax Seal"},{"floor":26,"key":"DTMod:BindingString"},{"floor":28,"key":"Bag of Marbles"}],"event_choices":[{"damage_healed":0,"gold_gain":0,"player_choice":"Obtain Plague Curse","damage_taken":0,"max_hp_gain":0,"max_hp_loss":0,"event_name":"Plague Doctor","floor":12,"gold_loss":0,"cards_obtained":["theForsaken:PlagueCurse"]},{"cards_removed":["DTMod:BalancedStrike"],"damage_healed":0,"gold_gain":0,"player_choice":"Take \u0026 Give","damage_taken":0,"max_hp_gain":0,"max_hp_loss":0,"event_name":"betterNote:BetterNote","floor":22,"gold_loss":0,"cards_obtained":["conspire:Banana"]},{"damage_healed":0,"gold_gain":275,"player_choice":"Desecrate","damage_taken":0,"max_hp_gain":0,"max_hp_loss":0,"event_name":"Golden Shrine","floor":30,"gold_loss":0,"cards_obtained":["Regret"]}],"is_beta":false,"boss_relics":[{"not_picked":["energizedSpire:DeadBattery","aspiration:SilentSkillbook"],"picked":"DTMod:MagicStone"}],"items_purged_floors":[19,19],"is_endless":false,"potions_floor_spawned":[2,4,11,21,27,31],"killed_by":"Automaton","ascension_level":0}}