{"host":"dscols65uipasqd2","time":1613093798,"event":{"mods":["2.2 Compatiblity","AchievementEnabler","Aspiration","BaseMod","Colored Powertips","Downfall","Energized Spire","GifTheSpireLib","Hermit","Hubris","Infinite Spire","JesterMod","Jorbs\u0027s Wanderer Trilogy","Marisa????????","Minty Spire (QoL Compilation)","Rare Cards Sparkle","Replay The Spire","StSLib","Stuff the Spire","The Cursed","The Disciple","The Hierophant","The Judge","The Jungle","The Runesmith","TheFirefly"],"gold_per_floor":[99,119,119,136,63,73,73,103,103,3,0,0,0,31,49,147,97,97,109,109,120,70,87,111,122,122,122,133,118,18,38,38,38,38],"floor_reached":32,"language":"ENG","playtime":1913,"items_purged":[],"score":300,"play_id":"abeee21f-4502-4906-a317-4454d8c0c976","local_time":"20210211203638","is_ascension_mode":true,"campfire_choices":[{"floor":1,"key":"RECALL"},{"floor":10,"key":"REST"},{"floor":13,"key":"REST"},{"data":"sneckomod:SerpentMind","floor":18,"key":"SMITH"},{"floor":30,"key":"REST"}],"circlet_count":0,"master_deck":["sneckomod:Strike+1","sneckomod:Strike+1","sneckomod:Strike+1","sneckomod:Defend+1","sneckomod:Defend+1","sneckomod:Defend+1","sneckomod:TailWhip","sneckomod:SnekBite+1","sneckomod:Unknown","sneckomod:Unknown","sneckomod:UnknownClassINFINITE_BLACK","sneckomod:UnknownClassCULL_RED_COLOR","sneckomod:UnknownStrike+1","sneckomod:UnlimitedRolls","sneckomod:UnknownUncommonPower","sneckomod:ImprovisedGuard","sneckomod:SerpentIdol","sneckomod:Strike+1","sneckomod:SoulCleanse","sneckomod:UnknownDraw","sneckomod:QuickMove","sneckomod:SlitherStrike+1","sneckomod:UnknownClassMARISA_COLOR+1","sneckomod:UnknownClassBLUE+1","sneckomod:QuickBite+1","sneckomod:UnknownClassGUARDIAN+1","sneckomod:WideSting+1"],"relics":["sneckomod:SneckoSoul","Ring of Panic","Ring of Fury","Potion Belt","Slimebound:StickyStick","downfall:HeartBlessingRed","infinitespire:WardingShard","energizedSpire:HugeHouse","aspiration:RitualStick","downfall:RedIOU","downfall:HeartBlessingBlue"],"acts_visited":["Exordium","TheCity"],"potions_floor_usage":[16,16,16,16],"damage_taken":[{"damage":7,"enemies":"Jaw Worm","floor":2,"turns":4},{"damage":18,"enemies":"Small Slimes","floor":4,"turns":4},{"damage":0,"enemies":"downfall:FleeingMerchant","floor":5,"turns":4},{"damage":0,"enemies":"Cultist","floor":6,"turns":2},{"damage":6,"enemies":"downfall:FleeingMerchant","floor":11,"turns":4},{"damage":3,"enemies":"Replay:BlueRogue","floor":14,"turns":4},{"damage":0,"enemies":"Large Slime","floor":15,"turns":2},{"damage":17,"enemies":"IC_STATUS_ARCHETYPE","floor":16,"turns":5},{"damage":24,"enemies":"Shell Parasite","floor":19,"turns":4},{"damage":18,"enemies":"Sentry and Sphere","floor":21,"turns":5},{"damage":0,"enemies":"Snake Plant","floor":23,"turns":1},{"damage":10,"enemies":"Snecko","floor":25,"turns":3},{"damage":34,"enemies":"Centurion and Healer","floor":28,"turns":4},{"damage":5,"enemies":"downfall:FleeingMerchant","floor":29,"turns":4},{"damage":26,"enemies":"Sentry and Sphere","floor":31,"turns":7},{"damage":16,"enemies":"Snake Plant","floor":32,"turns":1}],"seed_played":"-9099331544660503804","potions_obtained":[{"floor":2,"key":"bronze:BurnAndBuffPotion"},{"floor":4,"key":"Dexterity Potion"},{"floor":14,"key":"DistilledChaos"},{"floor":15,"key":"Toxic Potion"},{"floor":16,"key":"Dexterity Potion"},{"floor":31,"key":"LiquidBronze"}],"is_trial":false,"path_per_floor":["R","M","?","M","$","M","T","?","?","R","$","?","R","E","M","B",null,"R","M","?","M","?","M","T","M","?","?","M","$","R","M","M"],"character_chosen":"THE_SNECKO","items_purchased":["sneckomod:UnknownStrike+1"],"campfire_rested":3,"item_purchase_floors":[5],"current_hp_per_floor":[90,83,83,65,65,65,65,65,58,85,79,79,90,87,87,70,81,81,57,40,22,53,53,53,43,43,43,9,4,42,16,0,0,0],"gold":38,"neow_bonus":"RANDOM_COMMON_RELIC","is_daily":false,"chose_seed":false,"campfire_upgraded":1,"win_rate":0.0,"timestamp":1613093798,"path_taken":["R","M","?","M","$","M","T","?","?","R","?","?","R","E","M","BOSS","R","M","?","M","?","M","T","M","?","?","M","?","R","?","M"],"items_purchased_type":["Card"],"build_version":"2020-12-22","purchased_purges":0,"victory":false,"max_hp_per_floor":[90,90,90,90,90,90,90,90,90,90,90,90,90,90,90,90,85,85,85,85,85,85,85,85,85,85,85,85,85,95,95,95,95,95],"card_choices":[{"not_picked":["sneckomod:UnknownUncommonSkill","sneckomod:Unknown1Cost"],"picked":"sneckomod:UnknownClassINFINITE_BLACK","floor":2},{"not_picked":["sneckomod:UnknownClassINFINITE_BLACK","sneckomod:UnknownClassJESTER_ORANGE"],"picked":"sneckomod:IronFang","floor":4},{"not_picked":["sneckomod:SoulDraw","sneckomod:UnknownUncommonSkill"],"picked":"sneckomod:UnknownClassCULL_RED_COLOR","floor":5},{"not_picked":["sneckomod:Unknown1Cost","sneckomod:UnknownClassGREEN"],"picked":"sneckomod:UnlimitedRolls","floor":6},{"not_picked":["sneckomod:UnknownClassCHRONO_GOLD","sneckomod:UnknownClassTHE_BRONZE_AUTOMATON"],"picked":"sneckomod:UnknownUncommonPower","floor":11},{"not_picked":["sneckomod:SoulRoll","sneckomod:DefensiveFlair"],"picked":"sneckomod:ImprovisedGuard","floor":14},{"not_picked":["sneckomod:IronFang","sneckomod:UnknownStrength"],"picked":"sneckomod:SerpentIdol","floor":15},{"not_picked":["sneckomod:Cheat","sneckomod:UnlimitedRolls"],"picked":"sneckomod:SerpentMind","floor":16},{"not_picked":["sneckomod:SoulDraw","sneckomod:UnknownClassHEXA_GHOST_PURPLE"],"picked":"sneckomod:QuickMove","floor":19},{"not_picked":["sneckomod:UnknownClassJESTER_ORANGE","sneckomod:UnknownColorless"],"picked":"sneckomod:SlitherStrike+1","floor":21},{"not_picked":["sneckomod:UnknownWeak","sneckomod:Rotation"],"picked":"sneckomod:UnknownClassMARISA_COLOR+1","floor":23},{"not_picked":["sneckomod:UnknownClassSLIMEBOUND","sneckomod:CheapStock"],"picked":"sneckomod:UnknownClassBLUE+1","floor":25},{"not_picked":["sneckomod:UnknownClassFIREFLY_COLOR","sneckomod:GlitteringGambit"],"picked":"sneckomod:QuickBite+1","floor":28},{"not_picked":["sneckomod:UnknownStrike","sneckomod:PureSnecko"],"picked":"sneckomod:UnknownClassGUARDIAN+1","floor":29},{"not_picked":["sneckomod:UnknownBlock","sneckomod:TrashToTreasure"],"picked":"sneckomod:WideSting+1","floor":31}],"player_experience":636297,"relics_obtained":[{"floor":3,"key":"Ring of Panic"},{"floor":3,"key":"Ring of Fury"},{"floor":7,"key":"Potion Belt"},{"floor":14,"key":"infinitespire:WardingShard"}],"event_choices":[{"damage_healed":0,"gold_gain":0,"player_choice":"Success","damage_taken":7,"relics_obtained":["Slimebound:StickyStick"],"max_hp_gain":0,"max_hp_loss":0,"event_name":"Scrap Ooze","floor":9,"gold_loss":0},{"damage_healed":0,"gold_gain":0,"player_choice":"Grow","damage_taken":0,"max_hp_gain":0,"max_hp_loss":0,"event_name":"Living Wall","floor":12,"gold_loss":0,"cards_upgraded":["sneckomod:SnekBite"]}],"is_beta":false,"boss_relics":[{"not_picked":["hubris:GrandSneckoEye","Philosopher\u0027s Stone"],"picked":"energizedSpire:HugeHouse"}],"items_purged_floors":[],"is_endless":false,"potions_floor_spawned":[2,4,14,15,16,31],"killed_by":"Snake Plant","ascension_level":5}}