{"host":"85rg8sallz0lemh6","time":1613111930,"event":{"mods":["BaseMod","Bestiary","Colored Powertips","Highlight Path","Minty Spire (QoL Compilation)","Quick Restart"],"gold_per_floor":[111,111,41,216,25,56,76,111,136,136,149,149,168,118,118,214,214,224,235,246,246,246,246],"floor_reached":22,"language":"ENG","playtime":464,"items_purged":[],"score":252,"play_id":"d42e1990-7f90-4bf3-97a6-7fa4ea64984d","local_time":"20210212003850","is_ascension_mode":true,"campfire_choices":[{"data":"Apotheosis","floor":10,"key":"SMITH"},{"data":"Loop","floor":15,"key":"SMITH"}],"circlet_count":0,"master_deck":["Strike_B","Strike_B","Strike_B","Strike_B","Defend_B","Defend_B","Defend_B","Defend_B","Zap","Dualcast","BootSequence","Glacier","Apotheosis+1","Loop+1","Melter","Sweeping Beam","Electrodynamics","Ball Lightning"],"relics":["Cracked Core","NeowsBlessing","Dream Catcher","Bottled Tornado","Regal Pillow","Inserter"],"acts_visited":["Exordium","TheCity"],"potions_floor_usage":[],"damage_taken":[{"damage":0,"enemies":"Jaw Worm","floor":1,"turns":1},{"damage":0,"enemies":"3 Sentries","floor":6,"turns":1},{"damage":0,"enemies":"2 Louse","floor":7,"turns":1},{"damage":36,"enemies":"Gremlin Nob","floor":8,"turns":4},{"damage":0,"enemies":"Cultist","floor":11,"turns":3},{"damage":0,"enemies":"Looter","floor":13,"turns":4},{"damage":25,"enemies":"The Guardian","floor":16,"turns":13},{"damage":16,"enemies":"Chosen","floor":18,"turns":5},{"damage":30,"enemies":"2 Thieves","floor":19,"turns":4},{"damage":17,"enemies":"Centurion and Healer","floor":20,"turns":4},{"damage":18,"enemies":"Sentry and Sphere","floor":22,"turns":3}],"seed_played":"-6420889103569116960","potions_obtained":[{"floor":8,"key":"SpeedPotion"},{"floor":11,"key":"PotionOfCapacity"},{"floor":13,"key":"AttackPotion"},{"floor":16,"key":"Energy Potion"}],"is_trial":false,"path_per_floor":["M","?","$","?","$","E","M","E","T","R","M","?","M","?","R","B",null,"M","M","M","$","M"],"character_chosen":"DEFECT","items_purchased":["Glacier","Apotheosis"],"campfire_rested":0,"item_purchase_floors":[3,5],"current_hp_per_floor":[75,80,80,80,80,80,80,44,44,44,44,44,44,44,44,19,80,64,34,17,17,0,0],"gold":246,"neow_bonus":"THREE_ENEMY_KILL","is_daily":false,"chose_seed":false,"campfire_upgraded":2,"win_rate":0.0,"timestamp":1613111930,"path_taken":["M","?","$","?","$","E","M","E","T","R","M","?","?","?","R","BOSS","M","M","M","$","M"],"items_purchased_type":["Card","Card"],"build_version":"2020-12-22","purchased_purges":0,"victory":false,"max_hp_per_floor":[75,80,80,80,80,80,80,80,80,80,80,80,80,80,80,80,80,80,80,80,80,80,80],"card_choices":[{"not_picked":["Barrage","Go for the Eyes"],"picked":"BootSequence","floor":1},{"not_picked":["Go for the Eyes","Barrage","Beam Cell"],"picked":"SKIP","floor":6},{"not_picked":["Turbo","Cold Snap"],"picked":"Loop","floor":7},{"not_picked":["Gash","All For One"],"picked":"Melter","floor":8},{"not_picked":["Stack","Turbo","Streamline"],"picked":"SKIP","floor":11},{"not_picked":["Aggregate","Rip and Tear"],"picked":"Sweeping Beam","floor":13},{"not_picked":["Amplify","Core Surge"],"picked":"Electrodynamics","floor":16},{"not_picked":["Rebound","Compile Driver","Go for the Eyes+1"],"picked":"SKIP","floor":18},{"not_picked":["Streamline","Blizzard+1"],"picked":"Ball Lightning","floor":19},{"not_picked":["Rebound","Hello World","Genetic Algorithm"],"picked":"SKIP","floor":20}],"player_experience":98370,"relics_obtained":[{"floor":6,"key":"Dream Catcher"},{"floor":8,"key":"Bottled Tornado"},{"floor":9,"key":"Regal Pillow"}],"event_choices":[{"damage_healed":0,"gold_gain":0,"player_choice":"Donut","damage_taken":0,"max_hp_gain":5,"max_hp_loss":0,"event_name":"Big Fish","floor":2,"gold_loss":0},{"damage_healed":0,"gold_gain":175,"player_choice":"AGREE","damage_taken":0,"max_hp_gain":0,"max_hp_loss":0,"event_name":"Liars Game","floor":4,"gold_loss":0,"cards_obtained":["Doubt"]},{"damage_healed":0,"gold_gain":0,"player_choice":"0 cards matched","damage_taken":0,"max_hp_gain":0,"max_hp_loss":0,"event_name":"Match and Keep!","floor":12,"gold_loss":0,"cards_obtained":[]},{"cards_removed":["Doubt"],"damage_healed":0,"gold_gain":0,"player_choice":"Card Removal","damage_taken":0,"max_hp_gain":0,"max_hp_loss":0,"event_name":"The Cleric","floor":14,"gold_loss":50}],"is_beta":false,"boss_relics":[{"not_picked":["Tiny House","Velvet Choker"],"picked":"Inserter"}],"items_purged_floors":[],"is_endless":false,"potions_floor_spawned":[8,11,13,16,19],"killed_by":"Sentry and Sphere","ascension_level":3}}