{"host":"4ge9z8h6k0ioij78","time":1613151593,"event":{"mods":["AchievementEnabler","BaseMod","Colored Map","Colored Powertips","Custom Start","DeckTracker","Faster Ascension Climbing","Filter the Spire","Minty Spire (QoL Compilation)","SuperFastMode"],"gold_per_floor":[109,129,54,54,54,95,95,110,133,177,190,190,190,233,233,358,358,372,297,297,297,317,357,357,398,451,451,451],"floor_reached":27,"language":"KOR","playtime":1455,"items_purged":["Bash"],"score":307,"play_id":"3be4031b-719b-4e14-b501-8ef455407391","local_time":"20210213023953","is_ascension_mode":true,"campfire_choices":[{"data":"Rampage","floor":15.0,"key":"SMITH"},{"data":"Demon Form","floor":24,"key":"SMITH"}],"circlet_count":0,"master_deck":["Heavy Blade+1","Armaments","Pummel+1","Demon Form+1","Pommel Strike","Double Tap","Shrug It Off","Rampage+1"],"relics":["Pandora\u0027s Box","Golden Idol","Anchor","PreservedInsect","Paper Frog","Letter Opener","Philosopher\u0027s Stone","Turnip","Prayer Wheel","Regal Pillow"],"acts_visited":["Exordium","TheCity"],"potions_floor_usage":[25],"damage_taken":[{"damage":0.0,"enemies":"2 Louse","floor":1.0,"turns":2.0},{"damage":0.0,"enemies":"Small Slimes","floor":2.0,"turns":3.0},{"damage":5.0,"enemies":"Lagavulin","floor":6.0,"turns":5.0},{"damage":1.0,"enemies":"Jaw Worm","floor":8.0,"turns":2.0},{"damage":13.0,"enemies":"3 Sentries","floor":10.0,"turns":4.0},{"damage":0.0,"enemies":"Gremlin Gang","floor":11.0,"turns":4.0},{"damage":0.0,"enemies":"Lagavulin","floor":14.0,"turns":4.0},{"damage":14.0,"enemies":"The Guardian","floor":16.0,"turns":7.0},{"damage":20.0,"enemies":"3 Byrds","floor":18.0,"turns":4.0},{"damage":0.0,"enemies":"2 Thieves","floor":22.0,"turns":3.0},{"damage":17,"enemies":"Gremlin Leader","floor":23,"turns":4},{"damage":28,"enemies":"Slavers","floor":25,"turns":4}],"seed_played":"8951549087126826265","potions_obtained":[{"floor":2.0,"key":"LiquidBronze"},{"floor":10.0,"key":"Strength Potion"},{"floor":14.0,"key":"SpeedPotion"},{"floor":23,"key":"Fruit Juice"},{"floor":25,"key":"DistilledChaos"}],"is_trial":false,"path_per_floor":["M","M","$","?","?","E","$","M","T","E","M","?","?","E","R","B",null,"M","?","?","?","M","E","R","E","T","$"],"character_chosen":"IRONCLAD","items_purchased":[],"campfire_rested":0,"item_purchase_floors":[],"current_hp_per_floor":[80,80,80,60,44,39,39,38,38,25,25,51,51,51,51,37,80,60,60,60,60,60,43,43,20,20,20,20],"gold":451,"neow_bonus":"BOSS_RELIC","is_daily":false,"chose_seed":false,"campfire_upgraded":2,"win_rate":0.0,"timestamp":1613151593,"path_taken":["M","M","$","?","?","E","?","?","T","E","M","?","?","E","R","BOSS","M","?","?","?","M","E","R","E","T","$"],"items_purchased_type":[],"build_version":"2020-12-22","purchased_purges":1,"victory":false,"max_hp_per_floor":[80,80,80,80,80,80,80,80,80,80,80,80,80,80,80,80,80,80,80,80,80,80,80,80,85,85,85,85],"card_choices":[{"not_picked":["Clash","Sword Boomerang","Armaments"],"picked":"SKIP","floor":1.0},{"not_picked":["Perfected Strike","Flex","Pommel Strike"],"picked":"SKIP","floor":2.0},{"not_picked":["True Grit","Twin Strike","Havoc"],"picked":"SKIP","floor":6.0},{"not_picked":["Havoc","Clothesline","True Grit"],"picked":"SKIP","floor":8.0},{"not_picked":["Second Wind","Headbutt","Flex"],"picked":"SKIP","floor":10.0},{"not_picked":["Heavy Blade","Rupture","Cleave"],"picked":"SKIP","floor":11.0},{"not_picked":["Intimidate","Searing Blow","Armaments"],"picked":"SKIP","floor":14.0},{"not_picked":["Carnage","Cleave","Sword Boomerang+1"],"picked":"SKIP","floor":18.0},{"not_picked":["Clash","Flex","Warcry+1"],"picked":"SKIP","floor":22.0},{"not_picked":["Carnage","Anger","True Grit+1"],"picked":"SKIP","floor":23},{"not_picked":["Cleave","Dark Embrace","Havoc"],"picked":"SKIP","floor":25}],"player_experience":1337698,"relics_obtained":[{"floor":6.0,"key":"Anchor"},{"floor":9.0,"key":"PreservedInsect"},{"floor":10.0,"key":"Paper Frog"},{"floor":14.0,"key":"Letter Opener"},{"floor":23,"key":"Turnip"},{"floor":25,"key":"Prayer Wheel"},{"floor":26,"key":"Regal Pillow"}],"event_choices":[{"damage_healed":0.0,"max_hp_gain":0.0,"max_hp_loss":0.0,"gold_gain":0.0,"event_name":"Golden Idol","player_choice":"Take Damage","floor":4.0,"gold_loss":0.0,"damage_taken":20.0,"relics_obtained":["Golden Idol"]},{"damage_healed":0.0,"max_hp_gain":0.0,"max_hp_loss":0.0,"gold_gain":0.0,"event_name":"Shining Light","player_choice":"Entered Light","floor":5.0,"gold_loss":0.0,"damage_taken":16.0,"cards_upgraded":["Heavy Blade","Pummel"]},{"damage_healed":26.0,"max_hp_gain":0.0,"max_hp_loss":0.0,"gold_gain":0.0,"event_name":"Big Fish","player_choice":"Banana","floor":12.0,"gold_loss":0.0,"damage_taken":0.0},{"damage_healed":0.0,"max_hp_gain":0.0,"max_hp_loss":0.0,"gold_gain":0.0,"event_name":"NoteForYourself","player_choice":"Ignored","floor":13.0,"gold_loss":0.0,"damage_taken":0.0},{"cards_removed":["Blood for Blood"],"damage_healed":0.0,"max_hp_gain":0.0,"max_hp_loss":0.0,"gold_gain":0.0,"event_name":"Beggar","player_choice":"Gave Gold","floor":19.0,"gold_loss":75.0,"damage_taken":0.0},{"damage_healed":0.0,"max_hp_gain":0.0,"max_hp_loss":0.0,"gold_gain":0.0,"event_name":"The Mausoleum","player_choice":"Ignored","floor":20.0,"gold_loss":0.0,"damage_taken":0.0},{"damage_healed":0.0,"max_hp_gain":0.0,"max_hp_loss":0.0,"gold_gain":0.0,"event_name":"Match and Keep!","player_choice":"0 cards matched","floor":21.0,"gold_loss":0.0,"damage_taken":0.0,"cards_obtained":[]}],"is_beta":false,"boss_relics":[{"not_picked":["Tiny House","SlaversCollar"],"picked":"Philosopher\u0027s Stone"}],"items_purged_floors":[3],"is_endless":false,"potions_floor_spawned":[2,10,14,23,25],"ascension_level":1}}