{"host":"cijhj3091wf4aho3","time":1613096933,"event":{"mods":["BaseMod","Colored Map","Colored Powertips","Downfall","Friendly Minions","GifTheSpireLib","Highlight Path","Minty Spire (QoL Compilation)","Permanent Neow","Random Character Button","Relic Sorter","Relic Stats","StSLib","everything is the same but u backflip on backflip","slay the spire mod where everything is the same but ironclad has a cowboy hat"],"gold_per_floor":[99,118,129,129,129,163,188,213,113,113,128,128,157,67,78,180,180,80,93,78,91,105,140,165,165,199,216,216,291,308,327,338,438,438,438,448,448,448,498,373,445,345,345,361,392,423,435,474,500,512,524,568,129,129,129,129],"floor_reached":57,"language":"ENG","playtime":3512,"items_purged":["bronze:Strike","bronze:Strike","bronze:Strike","bronze:Defend"],"score":1571,"play_id":"256c5074-bef0-4bad-9524-b6e020e3a11d","local_time":"20210211182853","is_ascension_mode":true,"campfire_choices":[{"data":"bronze:Replicate","floor":1.0,"key":"SMITH"},{"data":"bronze:Goto","floor":9.0,"key":"SMITH"},{"floor":12.0,"key":"RECALL"},{"data":"bronze:NullPointer","floor":18.0,"key":"SMITH"},{"data":"bronze:DazingPulse","floor":25.0,"key":"SMITH"},{"data":"bronze:DarkDash","floor":28.0,"key":"SMITH"},{"data":"bronze:TinkerersToolbox","floor":35.0,"key":"SMITH"},{"data":"bronze:Iterate","floor":42.0,"key":"SMITH"},{"data":"bronze:Shell","floor":47.0,"key":"SMITH"},{"data":"bronze:Defend","floor":54.0,"key":"SMITH"}],"circlet_count":0,"master_deck":["bronze:Defend+1","bronze:Defend","bronze:Defend","bronze:Replicate+1","bronze:Goto+1","bronze:DarkDash+1","bronze:Shell+1","bronze:DazingPulse+1","bronze:Iterate+1","bronze:NullPointer+1","bronze:TinkerersToolbox+1","bronze:FineTuning+1","bronze:Refactor+1","bronze:Terminator","bronze:Boost+1","expansioncontent:PrepareCrush"],"relics":["bronze:BronzeCore","Vajra","Orichalcum","bronze:BronzeIdol","HornCleat","downfall:HeartBlessingGreen","Oddly Smooth Stone","Guardian:PocketSentry","Coffee Dripper","downfall:HeartBlessingRed","Akabeko","Happy Flower","Lantern","Boot","Runic Pyramid","Ginger","downfall:HeartBlessingBlue","MawBank","Regal Pillow","Sundial","TungstenRod"],"acts_visited":["Exordium","TheCity","TheBeyond","TheEnding"],"potions_floor_usage":[56,56,56],"damage_taken":[{"damage":0.0,"enemies":"2 Louse","floor":2.0,"turns":2.0},{"damage":0.0,"enemies":"Small Slimes","floor":3.0,"turns":2.0},{"damage":0.0,"enemies":"Small Slimes","floor":4.0,"turns":2.0},{"damage":4.0,"enemies":"Lagavulin","floor":6.0,"turns":7.0},{"damage":12.0,"enemies":"3 Sentries","floor":8.0,"turns":9.0},{"damage":0.0,"enemies":"Jaw Worm","floor":11.0,"turns":2.0},{"damage":16.0,"enemies":"Lagavulin","floor":13.0,"turns":7.0},{"damage":0.0,"enemies":"downfall:FleeingMerchant","floor":14.0,"turns":4.0},{"damage":0.0,"enemies":"Exordium Thugs","floor":15.0,"turns":4.0},{"damage":0.0,"enemies":"SI_SHIV_ARCHETYPE","floor":16.0,"turns":5.0},{"damage":0.0,"enemies":"3 Byrds","floor":19.0,"turns":4.0},{"damage":0.0,"enemies":"downfall:FleeingMerchant","floor":20.0,"turns":4.0},{"damage":0.0,"enemies":"Shell Parasite","floor":21.0,"turns":3.0},{"damage":0.0,"enemies":"Cultist and Chosen","floor":22.0,"turns":4.0},{"damage":0.0,"enemies":"Book of Stabbing","floor":23.0,"turns":4.0},{"damage":0.0,"enemies":"Slavers","floor":26.0,"turns":3.0},{"damage":11.0,"enemies":"Shelled Parasite and Fungi","floor":27.0,"turns":2.0},{"damage":0.0,"enemies":"downfall:FleeingMerchant","floor":29.0,"turns":4.0},{"damage":0.0,"enemies":"Centurion and Healer","floor":30.0,"turns":4.0},{"damage":0.0,"enemies":"Snecko","floor":31.0,"turns":2.0},{"damage":0.0,"enemies":"Sentry and Sphere","floor":32.0,"turns":4.0},{"damage":7.0,"enemies":"IC_MUSHROOM_ARCHETYPE","floor":33.0,"turns":4.0},{"damage":0.0,"enemies":"Orb Walker","floor":36.0,"turns":1.0},{"damage":0.0,"enemies":"Orb Walker","floor":39.0,"turns":3.0},{"damage":0.0,"enemies":"3 Darklings","floor":44.0,"turns":5.0},{"damage":0.0,"enemies":"Giant Head","floor":45.0,"turns":6.0},{"damage":0.0,"enemies":"Transient","floor":46.0,"turns":5.0},{"damage":0.0,"enemies":"4 Shapes","floor":49.0,"turns":3.0},{"damage":0.0,"enemies":"WA_ARCHETYPE_DIVINITY","floor":50.0,"turns":6.0},{"damage":6.0,"enemies":"downfall:CharBossMerchant","floor":52.0,"turns":6.0},{"damage":0,"enemies":"downfall:NeowBoss","floor":55,"turns":7},{"damage":23,"enemies":"downfall:NeowBossFinal","floor":56,"turns":6}],"seed_played":"-467782154699161108","potions_obtained":[{"floor":2.0,"key":"Ancient Potion"},{"floor":3.0,"key":"Swift Potion"},{"floor":8.0,"key":"Guardian:BlockOnCardUsePotion"},{"floor":15.0,"key":"FearPotion"},{"floor":21.0,"key":"Swift Potion"},{"floor":23.0,"key":"DuplicationPotion"},{"floor":26.0,"key":"CultistPotion"},{"floor":44.0,"key":"bronze:CleanCodePotion"}],"is_trial":false,"path_per_floor":["R","M","M","?","?","E","T","E","R","T","M","R","E","$","M","B",null,"R","M","$","M","M","E","T","R","E","M","R","$","M","M","M","B",null,"R","M","?","?","?","?","T","R","?","M","E","M","R","T","M","B",null,"E","$","R","B","B",null],"character_chosen":"THE_AUTOMATON","items_purchased":["Boot","TungstenRod"],"campfire_rested":0,"item_purchase_floors":[29,53],"current_hp_per_floor":[70,70,70,70,70,66,66,54,54,54,54,54,38,38,38,38,70,70,70,70,70,70,70,70,70,70,59,59,59,59,59,59,52,70,70,70,60,60,60,60,60,70,70,70,70,70,70,70,70,70,80,74,74,74,74,51],"gold":129,"neow_bonus":"RANDOM_COMMON_RELIC","is_daily":false,"chose_seed":false,"campfire_upgraded":9,"win_rate":0.0,"timestamp":1613096933,"path_taken":["R","M","M","?","?","E","T","E","R","?","?","R","E","$","M","BOSS","R","M","$","M","M","E","T","R","E","M","R","$","M","M","M","BOSS","R","M","?","?","?","?","T","R","?","?","E","M","R","?","M","BOSS","E","$","R","BOSS","BOSS"],"items_purchased_type":["Relic","Relic"],"build_version":"2020-12-22","purchased_purges":4,"victory":true,"max_hp_per_floor":[70,70,70,70,70,70,70,70,70,70,70,70,70,70,70,70,70,70,70,70,70,70,70,70,70,70,70,70,70,70,70,70,70,70,70,70,70,70,70,70,70,80,80,80,80,80,80,80,80,80,80,80,80,80,80,80],"relic_stats":{"Regal Pillow":0,"Happy Flower":[23],"counters":[32,133],"Sundial":[16],"Ginger":[18],"Orichalcum":[36],"Boot":[62],"MawBank":96,"obtain_stats":[{"Lantern":26,"Regal Pillow":48,"bronze:BronzeCore":0,"downfall:HeartBlessingRed":18,"Happy Flower":24,"Vajra":0,"Oddly Smooth Stone":10,"downfall:HeartBlessingGreen":9,"Guardian:PocketSentry":13,"Ginger":39,"Orichalcum":6,"Boot":29,"MawBank":45,"Akabeko":23,"bronze:BronzeIdol":7,"HornCleat":8,"downfall:HeartBlessingBlue":42,"Sundial":52,"Coffee Dripper":17,"TungstenRod":53,"Runic Pyramid":34},{"Lantern":16,"Regal Pillow":27,"bronze:BronzeCore":0,"downfall:HeartBlessingRed":10,"Happy Flower":15,"Vajra":0,"Oddly Smooth Stone":5,"downfall:HeartBlessingGreen":5,"Guardian:PocketSentry":7,"Ginger":24,"Orichalcum":4,"Boot":18,"MawBank":26,"Akabeko":15,"bronze:BronzeIdol":4,"HornCleat":5,"downfall:HeartBlessingBlue":24,"Sundial":30,"Coffee Dripper":10,"TungstenRod":30,"Runic Pyramid":22},{"Lantern":65,"Regal Pillow":105,"bronze:BronzeCore":0,"downfall:HeartBlessingRed":43,"Happy Flower":62,"Vajra":0,"Oddly Smooth Stone":22,"downfall:HeartBlessingGreen":22,"Guardian:PocketSentry":31,"Ginger":89,"Orichalcum":13,"Boot":71,"MawBank":100,"Akabeko":62,"bronze:BronzeIdol":13,"HornCleat":22,"downfall:HeartBlessingBlue":89,"Sundial":120,"Coffee Dripper":43,"TungstenRod":120,"Runic Pyramid":85}],"TungstenRod":3},"card_choices":[{"not_picked":["bronze:CloningBeam","bronze:Frontload"],"picked":"bronze:DarkDash","floor":2.0},{"not_picked":["bronze:Shield","bronze:Invalidate"],"picked":"bronze:Shell","floor":3.0},{"not_picked":[],"picked":"bronze:DazingPulse","floor":4.0},{"not_picked":["bronze:GetLatest","bronze:BugBarrage"],"picked":"bronze:Overheat","floor":6.0},{"not_picked":["bronze:BuggyMess","bronze:Safeguard","bronze:ShipIt"],"picked":"SKIP","floor":8.0},{"not_picked":["bronze:DelayedSlice","bronze:Separator","bronze:Overheat"],"picked":"SKIP","floor":11.0},{"not_picked":["bronze:FineTuning","bronze:BuggyMess"],"picked":"bronze:NullPointer","floor":13.0},{"not_picked":["bronze:DelayedSlice","bronze:Repulsor","bronze:CloningBeam"],"picked":"SKIP","floor":14.0},{"not_picked":["bronze:DelayedSlice","bronze:BuggyMess","bronze:BugBarrage"],"picked":"SKIP","floor":15.0},{"not_picked":["bronze:Assembly","bronze:RecursiveStrike"],"picked":"bronze:TinkerersToolbox","floor":16.0},{"not_picked":["bronze:Repulsor","bronze:BuggyMess","bronze:DarkDash"],"picked":"SKIP","floor":19.0},{"not_picked":["bronze:Turbo","bronze:Invalidate","bronze:Iterate"],"picked":"SKIP","floor":20.0},{"not_picked":["bronze:Iterate","bronze:Flail","bronze:Overload"],"picked":"SKIP","floor":21.0},{"not_picked":["bronze:BuggyMess","bronze:BitShift"],"picked":"bronze:FineTuning+1","floor":22.0},{"not_picked":["bronze:CloningBeam","bronze:WhirlingStrike","bronze:Turbo"],"picked":"SKIP","floor":23.0},{"not_picked":["bronze:CutThrough","bronze:Overload+1"],"picked":"bronze:Refactor+1","floor":26.0},{"not_picked":["bronze:FindAndReplace","bronze:Fortify","bronze:Boost"],"picked":"SKIP","floor":27.0},{"not_picked":["bronze:BuggyMess","bronze:Branch"],"picked":"bronze:Terminator","floor":29.0},{"not_picked":["bronze:Iterate+1","bronze:Deprecate+1","bronze:WhirlingStrike"],"picked":"SKIP","floor":30.0},{"not_picked":["bronze:Shield+1","bronze:CutThrough","bronze:Branch"],"picked":"SKIP","floor":31.0},{"not_picked":["bronze:DelayedSlice","bronze:BitShift+1","bronze:ForceShield"],"picked":"SKIP","floor":32.0},{"not_picked":["bronze:Iterate+1","bronze:Repulsor+1"],"picked":"bronze:Boost+1","floor":36.0},{"not_picked":["expansioncontent:Hexaburn","expansioncontent:GuardianWhirl"],"picked":"expansioncontent:PrepareCrush","floor":37.0},{"not_picked":["bronze:OilSpill","bronze:Backtrace","bronze:SpaghettiCode"],"picked":"SKIP","floor":44.0},{"not_picked":["bronze:WhirlingStrike","bronze:ItsAFeature+1","bronze:OilSpill"],"picked":"SKIP","floor":45.0},{"not_picked":["bronze:OilSpill+1","bronze:NullPointer+1","bronze:Turbo+1"],"picked":"SKIP","floor":46.0},{"not_picked":["bronze:WhirlingStrike+1","bronze:Repulsor+1","bronze:WildBeam+1"],"picked":"SKIP","floor":49.0},{"not_picked":["bronze:Frontload+1","bronze:Flail","bronze:Shield+1"],"picked":"SKIP","floor":52.0}],"player_experience":582374,"relics_obtained":[{"floor":6.0,"key":"Orichalcum"},{"floor":7.0,"key":"bronze:BronzeIdol"},{"floor":8.0,"key":"HornCleat"},{"floor":10.0,"key":"Oddly Smooth Stone"},{"floor":13.0,"key":"Guardian:PocketSentry"},{"floor":23.0,"key":"Akabeko"},{"floor":24.0,"key":"Happy Flower"},{"floor":26.0,"key":"Lantern"},{"floor":39.0,"key":"Ginger"},{"floor":45.0,"key":"MawBank"},{"floor":48.0,"key":"Regal Pillow"},{"floor":52.0,"key":"Sundial"}],"event_choices":[{"cards_removed":["bronze:Overheat"],"damage_healed":0.0,"max_hp_gain":0.0,"max_hp_loss":0.0,"gold_gain":0.0,"event_name":"Falling","player_choice":"Removed Attack","floor":38.0,"gold_loss":0.0,"damage_taken":0.0}],"is_beta":false,"boss_relics":[{"not_picked":["SacredBark","Sozu"],"picked":"Coffee Dripper"},{"not_picked":["Tiny House","SlaversCollar"],"picked":"Runic Pyramid"}],"items_purged_floors":[14,29,40,53],"is_endless":false,"potions_floor_spawned":[2,3,8,15,16,21,22,23,26,30,32,39,44,49],"ascension_level":1}}