{"host":"bavx0eibpuvdy04q","time":1613119311,"event":{"mods":["BaseMod","BetterRewards","Friendly Minions","Hermit","Hubris","Infinite Spire","KinomotoSakuraMod(????)","Kiyohime????","Koishi","LagranYue(???·?)","Marisa????????","Minty Spire (QoL Compilation)","Prisma Mod","Remilia??????","Replay The Spire","StSLib","The Administrix","The Alterego","The Animator","The Construct","The Cursed","The Disciple","The Hierophant","The Mystic","The Necromancer","The Runesmith","The Senshi","The Servant 0.9.4","Yakumo Yukari mod","Yuri Mod"],"gold_per_floor":[132,132,55,4,24,53,64,64,64,64,83,102,131,147,147,246,246,256,256,256,272,272,272,306,306,375,409,409,409,421,421,421,517,517,530,530,530,530,530],"floor_reached":38,"language":"ENG","playtime":2873,"items_purged":[],"score":520,"play_id":"fbcf60fc-10c4-4144-b899-9c5c2a31dde0","local_time":"20210212014151","is_ascension_mode":false,"campfire_choices":[{"data":"Charmbait_purple","floor":8,"key":"SMITH"},{"floor":15,"key":"REST"},{"data":"Know_ledgeAbilityRealm_purple","floor":23,"key":"SMITH"},{"data":"Anti_communist_purple","floor":25,"key":"SMITH"},{"floor":32,"key":"REST"}],"circlet_count":0,"master_deck":["AT_purpleEX","AT_purpleEX","AT_purpleEX","AT_purpleEX","Defend_purpleEX","Defend_purpleEX","Defend_purpleEX","Defend_purpleEX","Observe_purple_1","Observe_purple_2","Fantasy_PerpetualMotionMachine_purple","StretchesForeverDream_purple","Charmbait_purple+1","ButterflyHabitatTemple_purple","Anti_communist_purple","RealityDreamConfluencek_purple","CommonSense_AntiCommonSense_purple+1","Anti_communist_purple+1","Know_ledgeAbilityRealm_purple+1","Shallow_ocean_purpleEX","DarkRealmRedLine_purple+1","PositiveMatter_Antimatter_Universe_purple","Boundary_DynamicStaticEquilibrium_purple","MonsterNeedle_purple","BarrageBoundary_PipeDream_purple","WingOfChimera_purple"],"relics":["Boundary_crack","Memoryfragments_purpleEX","LagranYue:RandomDrawCardRelic","NeowsBlessing","Toy Ornithopter","hubris:64BitClover","Replay:Ringing Soul","Lizard Tail","Snecko Eye","hubris:Icosahedron","Omamori","Shovel","Question Card","Juzu Bracelet","hubris:HollowSoul"],"acts_visited":["Exordium","TheCity","TheBeyond"],"potions_floor_usage":[13,13,16,18,18,27,30,35],"damage_taken":[{"damage":0,"enemies":"Small Slimes","floor":1,"turns":1},{"damage":0,"enemies":"Cultist","floor":5,"turns":1},{"damage":21,"enemies":"Gremlin Nob","floor":6,"turns":1},{"damage":4,"enemies":"Jaw Worm","floor":7,"turns":5},{"damage":8,"enemies":"Blue Slaver","floor":11,"turns":4},{"damage":8,"enemies":"Lots of Slimes","floor":12,"turns":2},{"damage":38,"enemies":"3 Sentries","floor":13,"turns":9},{"damage":18,"enemies":"Red Slaver","floor":14,"turns":5},{"damage":24,"enemies":"Hexaghost","floor":16,"turns":9},{"damage":30,"enemies":"2 Thieves","floor":18,"turns":4},{"damage":13,"enemies":"Shell Parasite","floor":21,"turns":5},{"damage":42,"enemies":"Replay:Snechameleon","floor":24,"turns":6},{"damage":62,"enemies":"Nightmare","floor":27,"turns":8},{"damage":33,"enemies":"Snake Plant","floor":30,"turns":6},{"damage":62,"enemies":"Champ","floor":33,"turns":13},{"damage":79,"enemies":"3 Darklings","floor":35,"turns":7},{"damage":30,"enemies":"Orb Walker","floor":38,"turns":3}],"seed_played":"12951477284420348","potions_obtained":[{"floor":6,"key":"Regen Potion"},{"floor":7,"key":"AttackPotion"},{"floor":14,"key":"ColorlessPotion"},{"floor":16,"key":"DuplicationPotion"},{"floor":18,"key":"Toxic Potion"},{"floor":21,"key":"ColorlessPotion"},{"floor":27,"key":"construct:ShiftPotion"},{"floor":33,"key":"Strength Potion"}],"is_trial":false,"path_per_floor":["M","?","$","$","M","E","M","R","T","?","M","M","E","M","R","B",null,"M","?","AVR","M","$","R","E","R","T","NM","?","?","M","?","R","B",null,"M","?","?","M"],"character_chosen":"Youkari","items_purchased":["Fantasy_PerpetualMotionMachine_purple","Block Potion"],"campfire_rested":2,"item_purchase_floors":[3,4],"current_hp_per_floor":[70,70,70,70,70,49,47,47,47,50,47,44,34,22,47,32,88,65,65,65,91,91,91,56,56,56,12,12,12,40,43,73,24,106,36,33,33,0,0],"gold":530,"neow_bonus":"THREE_ENEMY_KILL","is_daily":false,"chose_seed":false,"campfire_upgraded":3,"win_rate":0.0,"timestamp":1613119311,"path_taken":["M","?","?","$","M","E","M","R","T","?","?","?","E","M","R","BOSS","M","?","AVR","M","$","R","E","R","T","NM","?","?","M","?","R","BOSS","M","?","?","M"],"items_purchased_type":["Card","Potion"],"build_version":"2020-12-22","purchased_purges":0,"victory":false,"max_hp_per_floor":[70,70,70,70,70,70,70,70,70,73,76,79,82,85,85,88,88,91,91,91,94,94,94,97,97,97,100,100,100,100,103,103,106,106,109,109,109,109,109],"card_choices":[{"not_picked":["Mirror_WaveAndshot_purple","Line_surface_state_purple"],"picked":"Anti_communist_purple","floor":1},{"not_picked":["RuleDissolution_purple","Shallow_ocean_purpleEX"],"picked":"StretchesForeverDream_purple","floor":5},{"not_picked":["Worldmountain_purple","AdvanceAttack_purple"],"picked":"Boundary_LightAndDark_purple","floor":6},{"not_picked":["StateErode_purple","AdvanceAttack_purple"],"picked":"Charmbait_purple","floor":7},{"not_picked":["Bait_Toxicbait_purple","WatchEChange_purple"],"picked":"Anti_communist_purple","floor":11},{"not_picked":["StateDuplicate_purple","Worldmountain_purple"],"picked":"RealityDreamConfluencek_purple","floor":12},{"not_picked":["RuleDissolution_purple","Erosivefilter_purple"],"picked":"CommonSense_AntiCommonSense_purple","floor":13},{"not_picked":["OpenedBox_purple","Shallow_ocean_purpleEX"],"picked":"Anti_communist_purple","floor":14},{"not_picked":["LoveAcrossDimensions_purple","WangLiang_OokamiKakushi_purple"],"picked":"Know_ledgeAbilityRealm_purple","floor":16},{"not_picked":["MeetDecomposer_purple+1","Mirror_FormAndEmptin_purple"],"picked":"Shallow_ocean_purpleEX","floor":18},{"not_picked":["MNeedle_purple+1","StateErode_purple"],"picked":"DarkRealmRedLine_purple+1","floor":21},{"not_picked":["Monsters_DoubleDeathButterfly_purple","OmniscientAndOmnipotent_Monster_purple"],"picked":"PositiveMatter_Antimatter_Universe_purple","floor":24},{"not_picked":["CommonSense_AntiCommonSense_purple","StretchesForeverDream_purple","Fantasy_PerpetualMotionMachine_purple"],"picked":"Boundary_DynamicStaticEquilibrium_purple","floor":27},{"not_picked":["SharpContractionReality_purple+1","MNeedle_purple","OmniscientAndOmnipotent_Monster_purple","StateDuplicate_purple"],"picked":"SKIP","floor":30},{"not_picked":["Know_ledgeAbilityRealm_purple","Human_Monster_Realm_purple","LoveAcrossDimensions_purple"],"picked":"BarrageBoundary_PipeDream_purple","floor":33},{"not_picked":["MeetDecomposer_purple+1","Line_surface_state_purple","OmniscientAndOmnipotent_Monster_purple+1"],"picked":"WingOfChimera_purple","floor":35}],"player_experience":113317,"relics_obtained":[{"floor":6,"key":"hubris:64BitClover"},{"floor":9,"key":"Replay:Ringing Soul"},{"floor":13,"key":"Lizard Tail"},{"floor":21,"key":"Omamori"},{"floor":24,"key":"Shovel"},{"floor":26,"key":"Question Card"},{"floor":27,"key":"Juzu Bracelet"}],"event_choices":[{"cards_removed":["Anti_communist_purple"],"damage_healed":0,"gold_gain":0,"player_choice":"Gave Card","damage_taken":0,"relics_obtained":["Toy Ornithopter"],"max_hp_gain":0,"max_hp_loss":0,"event_name":"WeMeetAgain","floor":2,"gold_loss":0},{"damage_healed":0,"gold_gain":0,"cards_transformed":["Boundary_LightAndDark_purple"],"player_choice":"Change","damage_taken":0,"max_hp_gain":0,"max_hp_loss":0,"event_name":"Living Wall","floor":10,"gold_loss":0,"cards_obtained":["ButterflyHabitatTemple_purple"]},{"damage_healed":0,"gold_gain":0,"player_choice":"Upgraded","damage_taken":0,"max_hp_gain":0,"max_hp_loss":0,"event_name":"Upgrade Shrine","floor":29,"gold_loss":0,"cards_upgraded":["CommonSense_AntiCommonSense_purple"]},{"damage_healed":0,"gold_gain":0,"player_choice":"Punched","damage_taken":3,"max_hp_gain":0,"max_hp_loss":0,"event_name":"Designer","floor":36,"gold_loss":0}],"is_beta":false,"boss_relics":[{"not_picked":["Philosopher\u0027s Stone","Tiny House"],"picked":"Snecko Eye"},{"not_picked":["Replay:Grab Bag","Velvet Choker"],"picked":"hubris:HollowSoul"}],"items_purged_floors":[],"is_endless":true,"potions_floor_spawned":[6,7,12,14,16,18,21,27,33],"killed_by":"Orb Walker","ascension_level":0}}