{"host":"no5f9c6q31porkj5","time":1613150764,"event":{"mods":["BaseMod","Marisa£¨Ùöéë¡¡Øª×âÞÞ£©","Minty Spire (QoL Compilation)","StSLib","Td1madao Mod","The Cursed","The Gatherer","The Runesmith"],"gold_per_floor":[111,122,34,34,45,45,61,61,85,115,115,115,134,148,148,247,247,258,111,125,50,50,50,62,62,86,86,102,102,116,116,116,216,216,226,172,172,191,191,191],"floor_reached":39,"language":"KOR","playtime":1767,"items_purged":["Bash"],"score":381,"play_id":"f3e945d1-06ff-44e7-87c0-034eaa5bae60","local_time":"20210213022604","is_ascension_mode":false,"campfire_choices":[{"data":"Metallicize","floor":6,"key":"SMITH"},{"data":"Defend_R","floor":8,"key":"SMITH"},{"data":"Metallicize","floor":12,"key":"SMITH"},{"data":"Defend_R","floor":15,"key":"SMITH"},{"data":"Defend_R","floor":23,"key":"SMITH"},{"data":"Rage","floor":25,"key":"SMITH"},{"data":"Finesse","floor":27,"key":"SMITH"},{"floor":32,"key":"REST"}],"circlet_count":0,"master_deck":["Strike_R","Strike_R","Strike_R","Strike_R","Strike_R","Defend_R+1","Defend_R+1","Defend_R+1","Defend_R+1","Metallicize+1","Finesse+1","Battle Trance","Metallicize+1","Body Slam","Juggernaut","Rage+1","Shrug It Off","Metallicize"],"relics":["Burning Blood","Blood Vial","Ancient Tea Set","SlaversCollar","TheAbacus","Nunchaku","PreservedInsect","MutagenicStrength","CaptainsWheel","Empty Cage"],"acts_visited":["Exordium","TheCity","TheBeyond"],"potions_floor_usage":[16,16,33,33],"damage_taken":[{"damage":5,"enemies":"Small Slimes","floor":1,"turns":4},{"damage":2,"enemies":"Jaw Worm","floor":2,"turns":6},{"damage":0,"enemies":"Cultist","floor":5,"turns":5},{"damage":4,"enemies":"2 Fungi Beasts","floor":7,"turns":5},{"damage":34,"enemies":"Gremlin Nob","floor":10,"turns":6},{"damage":3,"enemies":"Blue Slaver","floor":13,"turns":5},{"damage":2,"enemies":"Exordium Thugs","floor":14,"turns":7},{"damage":23,"enemies":"The Guardian","floor":16,"turns":20},{"damage":10,"enemies":"Spheric Guardian","floor":18,"turns":8},{"damage":0,"enemies":"Chosen","floor":20,"turns":8},{"damage":34,"enemies":"Snake Plant","floor":24,"turns":5},{"damage":24,"enemies":"3 Cultists","floor":28,"turns":6},{"damage":12,"enemies":"Cultist and Chosen","floor":30,"turns":7},{"damage":30,"enemies":"Automaton","floor":33,"turns":11},{"damage":37,"enemies":"3 Shapes","floor":35,"turns":3},{"damage":2,"enemies":"3 Darklings","floor":38,"turns":9},{"damage":67,"enemies":"Orin","floor":39,"turns":7}],"seed_played":"1038134629822000980","potions_obtained":[{"floor":1,"key":"EssenceOfSteel"},{"floor":10,"key":"SpeedPotion"},{"floor":13,"key":"Swift Potion"},{"floor":14,"key":"Energy Potion"},{"floor":28,"key":"Ancient Potion"},{"floor":30,"key":"ColorlessPotion"}],"is_trial":false,"path_per_floor":["M","M","$","?","M","R","M","R","T","E","?","R","M","M","R","B",null,"M","$","M","$","?","R","M","R","T","R","M","?","M","T","R","B",null,"M","$","?","M","?"],"character_chosen":"IRONCLAD","items_purchased":["Finesse","TheAbacus","Shrug It Off"],"campfire_rested":1,"item_purchase_floors":[3,19,36],"current_hp_per_floor":[88,88,88,88,88,88,88,88,88,60,60,60,65,71,71,56,88,84,84,88,88,88,88,60,60,60,60,44,44,40,40,66,44,88,57,57,57,63,0,0],"gold":191,"neow_bonus":"TEN_PERCENT_HP_BONUS","is_daily":false,"chose_seed":false,"campfire_upgraded":7,"win_rate":0.0,"timestamp":1613150764,"path_taken":["M","M","$","?","M","R","M","R","T","E","?","R","?","M","R","BOSS","M","$","M","$","?","R","M","R","T","R","M","?","M","?","R","BOSS","M","$","?","M","?"],"items_purchased_type":["Card","Relic","Card"],"build_version":"2020-12-22","purchased_purges":1,"victory":false,"max_hp_per_floor":[88,88,88,88,88,88,88,88,88,88,88,88,88,88,88,88,88,88,88,88,88,88,88,88,88,88,88,88,88,88,88,88,88,88,88,88,88,88,88,88],"card_choices":[{"not_picked":["Cleave","Second Wind","Spot Weakness"],"picked":"SKIP","floor":1},{"not_picked":["Pommel Strike","Perfected Strike"],"picked":"Metallicize","floor":2},{"not_picked":["Dropkick","Sword Boomerang"],"picked":"Battle Trance","floor":5},{"not_picked":["Perfected Strike","Dropkick","Anger"],"picked":"SKIP","floor":7},{"not_picked":["Cleave","Clash"],"picked":"Metallicize","floor":10},{"not_picked":["Infernal Blade","Shockwave"],"picked":"Body Slam","floor":13},{"not_picked":["True Grit","Armaments","Corruption"],"picked":"SKIP","floor":14},{"not_picked":["Offering","Bludgeon"],"picked":"Juggernaut","floor":16},{"not_picked":["Reckless Charge","Perfected Strike","Anger"],"picked":"SKIP","floor":18},{"not_picked":["Thunderclap+1","Spot Weakness","Anger"],"picked":"SKIP","floor":20},{"not_picked":["Hemokinesis+1","Pommel Strike"],"picked":"Rage","floor":24},{"not_picked":["Shockwave","Headbutt","Warcry"],"picked":"SKIP","floor":28},{"not_picked":["Pommel Strike","Infernal Blade","Clothesline+1"],"picked":"SKIP","floor":30},{"not_picked":["Limit Break","Brutality"],"picked":"Impervious","floor":33},{"not_picked":["Burning Pact+1","Uppercut","Clothesline"],"picked":"SKIP","floor":35},{"not_picked":["Entrench+1","Feel No Pain+1"],"picked":"Metallicize","floor":38}],"player_experience":122399,"relics_obtained":[{"floor":9,"key":"Blood Vial"},{"floor":10,"key":"Ancient Tea Set"},{"floor":26,"key":"PreservedInsect"},{"floor":31,"key":"CaptainsWheel"}],"event_choices":[{"damage_healed":0,"gold_gain":0,"player_choice":"Grow","damage_taken":0,"max_hp_gain":0,"max_hp_loss":0,"event_name":"Living Wall","floor":4,"gold_loss":0,"cards_upgraded":["Defend_R"]},{"damage_healed":0,"gold_gain":0,"player_choice":"Bought 0 Potions","damage_taken":0,"max_hp_gain":0,"max_hp_loss":0,"event_name":"The Woman in Blue","floor":11,"gold_loss":0},{"damage_healed":0,"gold_gain":0,"player_choice":"Stole Relic","damage_taken":0,"relics_obtained":["Nunchaku"],"max_hp_gain":0,"max_hp_loss":0,"event_name":"Addict","floor":22,"gold_loss":0,"cards_obtained":["Shame"]},{"damage_healed":0,"gold_gain":0,"player_choice":"Inject Mutagens","damage_taken":0,"relics_obtained":["MutagenicStrength"],"max_hp_gain":0,"max_hp_loss":0,"event_name":"Drug Dealer","floor":29,"gold_loss":0},{"damage_healed":0,"gold_gain":0,"player_choice":"Ignored","damage_taken":0,"max_hp_gain":0,"max_hp_loss":0,"event_name":"Mysterious Sphere","floor":37,"gold_loss":0},{"damage_healed":0,"gold_gain":0,"player_choice":"Fight","damage_taken":0,"max_hp_gain":0,"max_hp_loss":0,"event_name":"OrinTheCat","floor":39,"gold_loss":0}],"is_beta":false,"boss_relics":[{"not_picked":["Runesmith:UraniumAnvil","Ectoplasm"],"picked":"SlaversCollar"},{"not_picked":["Cursed Key","SacredBark"],"picked":"Empty Cage"}],"items_purged_floors":[21],"is_endless":false,"potions_floor_spawned":[1,10,13,14,28,30],"killed_by":"Orin","ascension_level":0}}