{"host":"8lgo2trwv2o0qyml","time":1613168673,"event":{"mods":["BaseMod","Colored Map","Colored Powertips","DeckTracker","Highlight Path","Hubris","Infinite Spire","Minty Spire (QoL Compilation)","Quick Restart","Random Character Button","Relic Sorter","Replay The Spire","StSLib","SuperFastMode","Synergy Search"],"gold_per_floor":[218,230,6,19,19,59,83,83,83,83,83,97,97,97],"floor_reached":13,"playtime":630,"items_purged":[],"score":85,"play_id":"465cb996-a62d-4eb7-8171-fe31bade6b6a","local_time":"20210212172433","is_ascension_mode":false,"campfire_choices":[{"floor":8,"key":"REST"},{"data":"MentalFortress","floor":10,"key":"SMITH"}],"circlet_count":0,"master_deck":["Strike_P","Strike_P","Strike_P","Defend_P","Defend_P","Defend_P","Eruption","Vigilance","Halt","FlurryOfBlows","Nirvana","Adaptation","Injury","MentalFortress+1","FlyingSleeves","ForeignInfluence","Steam","Tantrum"],"relics":["PureWater","Strange Spoon","Golden Idol","Golden Egg","hubris:OldNail"],"acts_visited":["Exordium"],"potions_floor_usage":[6,12],"damage_taken":[{"damage":0,"enemies":"2 Louse","floor":1,"turns":2},{"damage":0,"enemies":"Small Slimes","floor":2,"turns":4},{"damage":0,"enemies":"Cultist","floor":4,"turns":2},{"damage":27,"enemies":"Lagavulin","floor":6,"turns":8},{"damage":22,"enemies":"Large Slime","floor":7,"turns":8},{"damage":38,"enemies":"Lots of Slimes","floor":12,"turns":4},{"damage":10,"enemies":"Replay:BlueRogue","floor":13,"turns":3}],"seed_played":"2316774859118000178","potions_obtained":[{"floor":1,"key":"Swift Potion"},{"floor":7,"key":"Weak Potion"}],"is_trial":false,"path_per_floor":["M","M","$","M","?","E","M","R","T","R","?","M","E"],"character_chosen":"WATCHER","items_purchased":["Strange Spoon","Nirvana"],"campfire_rested":1,"item_purchase_floors":[3,3],"current_hp_per_floor":[72,72,72,72,72,45,23,44,44,44,44,6,0,0],"gold":97,"neow_bonus":"HUNDRED_GOLD","is_daily":false,"chose_seed":false,"campfire_upgraded":1,"win_rate":0.0,"timestamp":1613168673,"path_taken":["M","M","$","M","?","E","M","R","T","R","?","M","E"],"items_purchased_type":["Relic","Card"],"build_version":"2020-12-22","purchased_purges":0,"victory":false,"max_hp_per_floor":[72,72,72,72,72,72,72,72,72,72,72,72,72,72],"card_choices":[{"not_picked":["Sanctity","CarveReality"],"picked":"Halt","floor":1},{"not_picked":["EmptyFist","Crescendo"],"picked":"FlurryOfBlows","floor":2},{"not_picked":["Protect","ThirdEye"],"picked":"Adaptation","floor":4},{"not_picked":["Fasting2","DeusExMachina"],"picked":"MentalFortress","floor":6},{"not_picked":["FearNoEvil","EmptyMind"],"picked":"FlyingSleeves","floor":7},{"not_picked":["Protect","Consecrate"],"picked":"Tantrum","floor":12}],"player_experience":134273,"relics_obtained":[{"floor":6,"key":"Golden Egg"},{"floor":9,"key":"hubris:OldNail"}],"event_choices":[{"damage_healed":0,"gold_gain":0,"player_choice":"Take Wound","damage_taken":0,"relics_obtained":["Golden Idol"],"max_hp_gain":0,"max_hp_loss":0,"event_name":"Golden Idol","floor":5,"gold_loss":0,"cards_obtained":["Injury"]}],"is_beta":false,"boss_relics":[],"items_purged_floors":[],"is_endless":false,"potions_floor_spawned":[1,7],"killed_by":"Replay:BlueRogue","ascension_level":0}}