{"host":"1vy6j31128f61x2z","time":1613088324,"event":{"mods":["AchievementEnabler","BaseMod","Colored Powertips","Minty Spire (QoL Compilation)","Permanent Neow"],"gold_per_floor":[112,62,79,79,96,122,138,138,138],"floor_reached":8,"language":"ENG","playtime":367,"items_purged":[],"score":70,"play_id":"d605ef5a-654f-40fd-9163-257152a267f6","local_time":"20210211190524","is_ascension_mode":true,"campfire_choices":[],"circlet_count":0,"master_deck":["Strike_P+1","Strike_P","Strike_P","Strike_P+1","Defend_P+1","Defend_P","Defend_P","Eruption","Vigilance+1","Normality","LessonLearned","ClearTheMind","ReachHeaven+1","Evaluate+1","Consecrate","CutThroughFate"],"relics":["PureWater","Shovel","Blue Candle"],"acts_visited":["Exordium"],"potions_floor_usage":[8],"damage_taken":[{"damage":0,"enemies":"Jaw Worm","floor":1,"turns":3},{"damage":0,"enemies":"Small Slimes","floor":3,"turns":3},{"damage":0,"enemies":"Cultist","floor":5,"turns":2},{"damage":48,"enemies":"Gremlin Nob","floor":6,"turns":4},{"damage":2,"enemies":"3 Louse","floor":7,"turns":5},{"damage":24,"enemies":"3 Sentries","floor":8,"turns":4}],"seed_played":"-5947539276209936570","potions_obtained":[{"floor":6,"key":"Regen Potion"}],"is_trial":false,"path_per_floor":["M","?","M","?","M","E","M","E"],"character_chosen":"WATCHER","items_purchased":[],"campfire_rested":0,"item_purchase_floors":[],"current_hp_per_floor":[72,72,72,60,60,12,10,0,0],"gold":138,"neow_bonus":"THREE_RARE_CARDS","is_daily":false,"chose_seed":false,"campfire_upgraded":0,"win_rate":0.0,"timestamp":1613088324,"path_taken":["M","?","M","?","M","E","M","E"],"items_purchased_type":[],"build_version":"2020-12-22","purchased_purges":0,"victory":false,"max_hp_per_floor":[72,72,72,72,72,72,72,72,72],"card_choices":[{"not_picked":["Brilliance","Wish"],"picked":"LessonLearned","floor":0},{"not_picked":["Prostrate","SignatureMove"],"picked":"ClearTheMind","floor":1},{"not_picked":["JustLucky","Collect"],"picked":"ReachHeaven","floor":3},{"not_picked":["WindmillStrike","ClearTheMind"],"picked":"Evaluate","floor":5},{"not_picked":["Study","PathToVictory"],"picked":"Consecrate","floor":6},{"not_picked":["Consecrate","ThirdEye"],"picked":"CutThroughFate","floor":7}],"player_experience":59174,"relics_obtained":[{"floor":6,"key":"Blue Candle"}],"event_choices":[{"cards_removed":["Defend_P"],"damage_healed":0,"gold_gain":0,"player_choice":"Card Removal","damage_taken":0,"max_hp_gain":0,"max_hp_loss":0,"event_name":"The Cleric","floor":2,"gold_loss":50},{"damage_healed":0,"gold_gain":0,"player_choice":"Success","damage_taken":12,"relics_obtained":["Shovel"],"max_hp_gain":0,"max_hp_loss":0,"event_name":"Scrap Ooze","floor":4,"gold_loss":0}],"is_beta":false,"boss_relics":[],"items_purged_floors":[],"is_endless":false,"potions_floor_spawned":[6],"killed_by":"3 Sentries","ascension_level":4}}