{"host":"baymyijz6sxaqj5s","time":1613115224,"event":{"mods":["AchievementEnabler","BaseMod","Colored Map","Colored Powertips","DeckTracker","Highlight Path","KOR Keyword Fix","Keyboard Shortcuts","Minty Spire (QoL Compilation)","StSLib","SuperFastMode","everything is the same but u backflip on backflip"],"gold_per_floor":[115,115,131,131,95,95,108,108,178,197,211,211,229,179,179,276,276,292,292,292],"floor_reached":19,"language":"KOR","playtime":545,"items_purged":[],"score":183,"play_id":"4a980df4-16f8-4a83-9782-b4055e902c80","local_time":"20210212163344","is_ascension_mode":true,"campfire_choices":[{"data":"Body Slam","floor":6,"key":"SMITH"},{"data":"Seeing Red","floor":8,"key":"SMITH"},{"data":"Armaments","floor":12,"key":"SMITH"},{"data":"Shrug It Off","floor":15,"key":"SMITH"}],"circlet_count":0,"master_deck":["Strike_R","Strike_R","Strike_R","Defend_R","Defend_R","Defend_R","Defend_R","Bash","Body Slam+1","Infernal Blade","Seeing Red+1","Armaments+1","Battle Trance","Shrug It Off+1","Shrug It Off","Reaper"],"relics":["Burning Blood","Matryoshka","Black Star"],"acts_visited":["Exordium","TheCity"],"potions_floor_usage":[16,16,16],"damage_taken":[{"damage":8,"enemies":"Jaw Worm","floor":1,"turns":4},{"damage":10,"enemies":"2 Louse","floor":3,"turns":3},{"damage":6,"enemies":"Cultist","floor":7,"turns":3},{"damage":0,"enemies":"Exordium Wildlife","floor":10,"turns":3},{"damage":15,"enemies":"Red Slaver","floor":11,"turns":5},{"damage":6,"enemies":"Looter","floor":13,"turns":3},{"damage":2,"enemies":"The Guardian","floor":16,"turns":12},{"damage":31,"enemies":"Spheric Guardian","floor":18,"turns":8},{"damage":35,"enemies":"3 Byrds","floor":19,"turns":3}],"seed_played":"-247626814603157441","potions_obtained":[{"floor":7,"key":"Block Potion"},{"floor":10,"key":"HeartOfIron"},{"floor":13,"key":"LiquidMemories"}],"is_trial":false,"path_per_floor":["M","?","M","?","$","R","M","R","T","M","M","R","M","?","R","B",null,"M","M"],"character_chosen":"IRONCLAD","items_purchased":["Seeing Red"],"campfire_rested":0,"item_purchase_floors":[5],"current_hp_per_floor":[86,86,82,82,82,82,82,82,82,88,79,79,79,79,79,83,88,63,34,34],"gold":292,"neow_bonus":"TEN_PERCENT_HP_BONUS","is_daily":false,"chose_seed":false,"campfire_upgraded":4,"win_rate":0.0,"timestamp":1613115224,"path_taken":["M","?","M","?","$","R","M","R","T","M","?","R","M","?","R","BOSS","M","M"],"items_purchased_type":["Card"],"build_version":"2020-12-22","purchased_purges":0,"victory":false,"max_hp_per_floor":[88,88,88,88,88,88,88,88,88,88,88,88,88,88,88,88,88,88,88,88],"card_choices":[{"not_picked":["Anger","Searing Blow","Twin Strike"],"picked":"SKIP","floor":1},{"not_picked":["Entrench","Disarm"],"picked":"Body Slam","floor":3},{"not_picked":["Wild Strike","Thunderclap"],"picked":"Armaments","floor":7},{"not_picked":["Carnage","Rage"],"picked":"Battle Trance","floor":10},{"not_picked":["Exhume","Cleave"],"picked":"Shrug It Off","floor":11},{"not_picked":["True Grit","Iron Wave"],"picked":"Shrug It Off","floor":13},{"not_picked":["Feed","Bludgeon"],"picked":"Reaper","floor":16},{"not_picked":["Rampage","Wild Strike","Thunderclap"],"picked":"SKIP","floor":18}],"player_experience":81074,"relics_obtained":[{"floor":9,"key":"Matryoshka"}],"event_choices":[{"damage_healed":0,"gold_gain":0,"player_choice":"Ignored","damage_taken":0,"max_hp_gain":0,"max_hp_loss":0,"event_name":"Golden Idol","floor":2,"gold_loss":0},{"damage_healed":0,"gold_gain":0,"cards_transformed":["Strike_R"],"player_choice":"Transformed","damage_taken":0,"max_hp_gain":0,"max_hp_loss":0,"event_name":"Transmorgrifier","floor":4,"gold_loss":0,"cards_obtained":["Infernal Blade"]},{"cards_removed":["Strike_R"],"damage_healed":0,"gold_gain":0,"player_choice":"Card Removal","damage_taken":0,"max_hp_gain":0,"max_hp_loss":0,"event_name":"The Cleric","floor":14,"gold_loss":50}],"is_beta":false,"boss_relics":[{"not_picked":["Ectoplasm","Mark of Pain"],"picked":"Black Star"}],"items_purged_floors":[],"is_endless":false,"potions_floor_spawned":[7,10,13],"killed_by":"3 Byrds","ascension_level":3}}