{"host":"prxrhpgaxnj4om9r","time":1613122106,"event":{"mods":["AchievementEnabler","BaseMod","DeckTracker","Keyboard Shortcuts","Minty Spire (QoL Compilation)"],"gold_per_floor":[212,222,236,253,268,298,298,298,298,473,473,499,509,528,528,630,630,641,651,566,581,67,97,115,146,192,192,192,207,207,207,207,207,207],"floor_reached":33,"language":"KOR","playtime":1690,"items_purged":["Doubt"],"score":304,"play_id":"943a1a65-101b-4f59-8dcd-3069c7c206c0","local_time":"20210212182826","is_ascension_mode":false,"campfire_choices":[{"data":"Venomology","floor":7,"key":"SMITH"},{"floor":15,"key":"REST"},{"floor":27,"key":"REST"},{"floor":30,"key":"RECALL"},{"data":"1","floor":32,"key":"LIFT"}],"circlet_count":0,"master_deck":["Strike_G","Strike_G","Strike_G","Strike_G","Strike_G","Defend_G","Defend_G","Defend_G","Defend_G","Survivor","Neutralize","Crippling Poison","Masterful Stab","Skewer","Flying Knee","PiercingWail","Venomology+1","Night Terror","Cloak And Dagger","Dagger Throw","Caltrops","After Image","Escape Plan","Dagger Spray","Distraction","Tactician","Flying Knee+1","Distraction","Prepared+1","Writhe"],"relics":["Ring of the Snake","Happy Flower","Tingsha","Eternal Feather","SacredBark","Girya","Bronze Scales","Letter Opener","Pear","Red Mask","Calipers"],"acts_visited":["Exordium","TheCity"],"potions_floor_usage":[6,6,12,14,16,16,18,21,23,23,23,23,25,25,25,33,33],"damage_taken":[{"damage":0,"enemies":"Cultist","floor":1,"turns":4},{"damage":0,"enemies":"2 Louse","floor":2,"turns":3},{"damage":5,"enemies":"Jaw Worm","floor":3,"turns":4},{"damage":0,"enemies":"3 Louse","floor":4,"turns":4},{"damage":7,"enemies":"Blue Slaver","floor":5,"turns":4},{"damage":18,"enemies":"Gremlin Nob","floor":6,"turns":4},{"damage":30,"enemies":"Lagavulin","floor":12,"turns":8},{"damage":5,"enemies":"2 Fungi Beasts","floor":13,"turns":3},{"damage":3,"enemies":"Large Slime","floor":14,"turns":2},{"damage":40,"enemies":"Hexaghost","floor":16,"turns":9},{"damage":26,"enemies":"Spheric Guardian","floor":18,"turns":6},{"damage":5,"enemies":"3 Byrds","floor":19,"turns":3},{"damage":12,"enemies":"Snecko","floor":21,"turns":6},{"damage":1,"enemies":"Slavers","floor":23,"turns":4},{"damage":8,"enemies":"Centurion and Healer","floor":24,"turns":4},{"damage":19,"enemies":"Masked Bandits","floor":25,"turns":4},{"damage":23,"enemies":"3 Cultists","floor":29,"turns":5},{"damage":72,"enemies":"Champ","floor":33,"turns":9}],"seed_played":"7455294484583545997","potions_obtained":[{"floor":1,"key":"LiquidMemories"},{"floor":2,"key":"CultistPotion"},{"floor":13,"key":"EssenceOfSteel"},{"floor":16,"key":"SpeedPotion"},{"floor":19,"key":"Fire Potion"},{"floor":21,"key":"PowerPotion"},{"floor":24,"key":"SpeedPotion"}],"is_trial":false,"path_per_floor":["M","M","M","M","M","E","R","?","T","?","?","E","M","M","R","B",null,"M","M","?","M","$","E","M","?","T","R","?","M","R","?","R","B"],"character_chosen":"THE_SILENT","items_purchased":["Bronze Scales","Letter Opener","Tactician"],"campfire_rested":2,"item_purchase_floors":[22,22,22],"current_hp_per_floor":[70,70,65,65,58,40,40,40,40,40,45,15,10,7,41,1,75,49,44,44,32,32,41,33,14,14,54,54,31,46,46,64,0,0],"gold":207,"neow_bonus":"HUNDRED_GOLD","is_daily":false,"chose_seed":false,"campfire_upgraded":1,"win_rate":0.0,"timestamp":1613122106,"path_taken":["M","M","M","?","M","E","R","?","T","?","?","E","M","M","R","BOSS","M","M","?","M","$","E","M","?","T","R","?","M","R","?","R","BOSS"],"items_purchased_type":["Relic","Relic","Card"],"build_version":"2020-12-22","purchased_purges":1,"victory":false,"max_hp_per_floor":[70,70,70,70,70,70,70,70,70,70,75,75,75,75,75,75,75,75,75,75,75,75,85,85,85,85,85,85,85,85,85,85,85,85],"card_choices":[{"not_picked":["Footwork","Poisoned Stab"],"picked":"Crippling Poison","floor":1},{"not_picked":["Dagger Throw","Sucker Punch"],"picked":"Masterful Stab","floor":2},{"not_picked":["Slice","Cloak And Dagger"],"picked":"Skewer","floor":3},{"not_picked":["Blade Dance","Slice"],"picked":"Flying Knee","floor":4},{"not_picked":["Sucker Punch","Infinite Blades"],"picked":"PiercingWail","floor":5},{"not_picked":["Endless Agony","Blade Dance"],"picked":"Venomology","floor":6},{"not_picked":["Finisher","Night Terror"],"picked":"Cloak And Dagger","floor":12},{"not_picked":["PiercingWail","Deadly Poison"],"picked":"Dagger Throw","floor":13},{"not_picked":["Deadly Poison","Deflect"],"picked":"Caltrops","floor":14},{"not_picked":["Envenom","Malaise"],"picked":"After Image","floor":16},{"not_picked":["Acrobatics","Dagger Throw"],"picked":"Escape Plan","floor":18},{"not_picked":["Blade Dance+1","Deflect"],"picked":"Dagger Spray","floor":19},{"not_picked":["Concentrate","Underhanded Strike"],"picked":"Distraction","floor":21},{"not_picked":["Blade Dance","Prepared"],"picked":"Flying Knee+1","floor":23},{"not_picked":["Prepared","Reflex","Outmaneuver"],"picked":"SKIP","floor":24},{"not_picked":["Deadly Poison","Crippling Poison"],"picked":"Distraction","floor":25},{"not_picked":["Bouncing Flask","Malaise"],"picked":"Prepared+1","floor":29}],"player_experience":404000,"relics_obtained":[{"floor":6,"key":"Happy Flower"},{"floor":9,"key":"Tingsha"},{"floor":12,"key":"Eternal Feather"},{"floor":23,"key":"Pear"},{"floor":25,"key":"Red Mask"}],"event_choices":[{"damage_healed":0,"gold_gain":0,"cards_transformed":["Defend_G"],"player_choice":"Change","damage_taken":0,"max_hp_gain":0,"max_hp_loss":0,"event_name":"Living Wall","floor":8,"gold_loss":0,"cards_obtained":["Night Terror"]},{"damage_healed":0,"gold_gain":175,"player_choice":"AGREE","damage_taken":0,"max_hp_gain":0,"max_hp_loss":0,"event_name":"Liars Game","floor":10,"gold_loss":0,"cards_obtained":["Doubt"]},{"damage_healed":0,"gold_gain":0,"player_choice":"Donut","damage_taken":0,"max_hp_gain":5,"max_hp_loss":0,"event_name":"Big Fish","floor":11,"gold_loss":0},{"damage_healed":0,"gold_gain":0,"player_choice":"Obtained Relic","damage_taken":0,"relics_obtained":["Girya"],"max_hp_gain":0,"max_hp_loss":0,"event_name":"Addict","floor":20,"gold_loss":85},{"damage_healed":0,"gold_gain":0,"player_choice":"Fought Bandits","damage_taken":0,"max_hp_gain":0,"max_hp_loss":0,"event_name":"Masked Bandits","floor":25,"gold_loss":0},{"damage_healed":0,"gold_gain":0,"player_choice":"Ignored","damage_taken":0,"max_hp_gain":0,"max_hp_loss":0,"event_name":"Beggar","floor":28,"gold_loss":0},{"damage_healed":0,"gold_gain":0,"player_choice":"Opened","damage_taken":0,"relics_obtained":["Calipers"],"max_hp_gain":0,"max_hp_loss":0,"event_name":"The Mausoleum","floor":31,"gold_loss":0,"cards_obtained":["Writhe"]}],"is_beta":false,"boss_relics":[{"not_picked":["Runic Pyramid","Philosopher\u0027s Stone"],"picked":"SacredBark"}],"items_purged_floors":[22],"is_endless":false,"potions_floor_spawned":[1,2,13,16,19,21,24],"killed_by":"Champ","ascension_level":0}}