{"host":"9l4jcdn1v1hb3xgl","time":1613120458,"event":{"mods":["BaseMod","Colored Map","Colored Powertips","DeckTracker","Highlight Path","Marisa????????","Minty Spire (QoL Compilation)","Quick Restart","StSLib","The Cursed","The Servant 0.9.4"],"gold_per_floor":[110,110,128,128,128,128,158,170,170,170,187,36,36,50,50,151,151,170,184,184,283,283,315,57,69,69,86,97,125,136,170,182,291,303,325,354,366,389,137,168,182,217,217,233,14,34,59,71,71,71],"floor_reached":51,"language":"ENG","playtime":2774,"items_purged":["Defend_S"],"score":826,"play_id":"87ab0837-e122-4adb-bfa3-47f1c5c5d60c","local_time":"20210212170058","is_ascension_mode":false,"campfire_choices":[{"data":"Luminosity","floor":6.0,"key":"SMITH"},{"data":"Exchange","floor":13.0,"key":"SMITH"},{"floor":15.0,"key":"REST"},{"data":"MurderousAura","floor":32,"key":"SMITH"},{"floor":49,"key":"REST"}],"circlet_count":0,"master_deck":["Strike_S+1","Strike_S+1","Strike_S+1","Strike_S+1","Defend_S+1","Defend_S+1","Defend_S+1","KidneyShot+1","Exchange+1","ShiftingGears","Luminosity+1","Starlight","Misdirection","Rearm","Misdirection","ShatteredReality","MurderousAura+1","Starlight","GearUp","Injury","SilverBlades","Luminosity","Dilation","SilverBlades","SurpressingFire","SilverBlades","Potential+1","SurpressingFire","GearUp+1"],"relics":["Uniform","NeowsBlessing","Regal Pillow","HornCleat","White Beast Statue","Meat on the Bone","Cursed Key","MutagenicStrength","Kunai","Mummified Hand","Pear","Omamori","MawBank","Velvet Choker","Lantern","InkBottle","Centennial Puzzle","Oddly Smooth Stone","Membership Card","Dream Catcher"],"acts_visited":["Exordium","TheCity","TheBeyond"],"potions_floor_usage":[30,31,33,35,40,40,50,50,50],"damage_taken":[{"damage":0.0,"enemies":"Jaw Worm","floor":1.0,"turns":1.0},{"damage":0.0,"enemies":"2 Louse","floor":3.0,"turns":2.0},{"damage":0.0,"enemies":"Lagavulin","floor":7.0,"turns":1.0},{"damage":0.0,"enemies":"Cultist","floor":8.0,"turns":3.0},{"damage":6.0,"enemies":"Exordium Thugs","floor":11.0,"turns":6.0},{"damage":4.0,"enemies":"Large Slime","floor":14.0,"turns":4.0},{"damage":40.0,"enemies":"Slime Boss","floor":16.0,"turns":11.0},{"damage":0.0,"enemies":"3 Byrds","floor":18.0,"turns":4.0},{"damage":0.0,"enemies":"Chosen","floor":19.0,"turns":4.0},{"damage":15.0,"enemies":"Slavers","floor":23.0,"turns":5.0},{"damage":12.0,"enemies":"3 Cultists","floor":25.0,"turns":4.0},{"damage":0.0,"enemies":"Snake Plant","floor":27.0,"turns":3.0},{"damage":0.0,"enemies":"Snecko","floor":28.0,"turns":5.0},{"damage":15,"enemies":"Gremlin Leader","floor":29,"turns":6},{"damage":12,"enemies":"Centurion and Healer","floor":30,"turns":7},{"damage":0,"enemies":"Book of Stabbing","floor":31,"turns":4},{"damage":20,"enemies":"Champ","floor":33,"turns":11},{"damage":17,"enemies":"3 Shapes","floor":35,"turns":5},{"damage":4,"enemies":"3 Darklings","floor":36,"turns":5},{"damage":14,"enemies":"Writhing Mass","floor":38,"turns":6},{"damage":27,"enemies":"Reptomancer","floor":40,"turns":7},{"damage":13,"enemies":"Sphere and 2 Shapes","floor":41,"turns":6},{"damage":13,"enemies":"Giant Head","floor":42,"turns":8},{"damage":51,"enemies":"4 Shapes","floor":44,"turns":8},{"damage":0,"enemies":"3 Darklings","floor":46,"turns":4},{"damage":6,"enemies":"Reptomancer","floor":47,"turns":8},{"damage":0,"enemies":"Maw","floor":48,"turns":7},{"damage":30,"enemies":"Donu and Deca","floor":50,"turns":11}],"seed_played":"-7028410111821026852","potions_obtained":[{"floor":1.0,"key":"Weak Potion"},{"floor":7.0,"key":"Explosive Potion"},{"floor":8.0,"key":"SteroidPotion"},{"floor":10.0,"key":"PowerPotion"},{"floor":10.0,"key":"Block Potion"},{"floor":16.0,"key":"AttackPotion"},{"floor":18.0,"key":"Explosive Potion"},{"floor":19.0,"key":"Explosive Potion"},{"floor":23.0,"key":"Weak Potion"},{"floor":25.0,"key":"DistilledChaos"},{"floor":27.0,"key":"FearPotion"},{"floor":28.0,"key":"SkillPotion"},{"floor":29,"key":"Block Potion"},{"floor":30,"key":"Strength Potion"},{"floor":31,"key":"Block Potion"},{"floor":33,"key":"SpeedPotion"},{"floor":35,"key":"SpeedPotion"},{"floor":36,"key":"Block Potion"},{"floor":40,"key":"SteroidPotion"},{"floor":41,"key":"FairyPotion"},{"floor":44,"key":"AttackPotion"},{"floor":46,"key":"LiquidMemories"}],"is_trial":false,"path_per_floor":["M","?","M","?","T","R","E","M","T","?","M","$","R","M","R","B",null,"M","M","?","?","?","E","$","M","T","M","M","E","M","E","R","B",null,"M","M","?","M","$","E","M","E","T","M","$","M","E","M","R","B",null],"character_chosen":"THE_SERVANT","items_purchased":["Misdirection","Mummified Hand","SurpressingFire","Lantern","Regen Potion","Membership Card","Fire Potion","SurpressingFire"],"campfire_rested":2,"item_purchase_floors":[12,24,39,39,39,45,45,45],"current_hp_per_floor":[65,58,58,45,45,45,45,45,45,45,39,39,39,35,65,37,65,65,65,65,65,65,50,50,38,48,48,48,45,45,45,45,37,75,58,54,54,40,40,40,39,38,38,34,34,46,40,40,75,45],"gold":71,"neow_bonus":"THREE_ENEMY_KILL","is_daily":false,"chose_seed":false,"campfire_upgraded":3,"win_rate":0.0,"timestamp":1613120458,"path_taken":["M","?","M","?","?","R","E","M","T","?","M","$","R","M","R","BOSS","M","?","?","?","?","E","$","M","T","M","M","E","M","E","R","BOSS","M","M","?","M","$","E","M","E","T","M","$","?","E","M","R","BOSS"],"items_purchased_type":["Card","Relic","Card","Relic","Potion","Relic","Potion","Card"],"build_version":"2020-12-22","purchased_purges":1,"victory":true,"max_hp_per_floor":[65,65,65,65,65,65,65,65,65,65,65,65,65,65,65,65,65,65,65,65,65,65,65,65,65,75,75,75,75,75,75,75,75,75,75,75,75,75,75,75,75,75,75,75,75,75,75,75,75,75],"card_choices":[{"not_picked":["ReturningBlade","Revamp"],"picked":"ShiftingGears","floor":1.0},{"not_picked":["DoubleEdge","Moonlight"],"picked":"Luminosity","floor":3.0},{"not_picked":["Spin","Unruled"],"picked":"Starlight","floor":7.0},{"not_picked":["Alleviate","Unruled"],"picked":"Misdirection","floor":8.0},{"not_picked":["DoubleEdge","DualDimension"],"picked":"Rearm","floor":11.0},{"not_picked":["TheWorld","Replace"],"picked":"ShatteredReality","floor":14.0},{"not_picked":["SoulSculpture","Dilation"],"picked":"MurderousAura","floor":16.0},{"not_picked":["Rewind","Replace"],"picked":"Starlight","floor":18.0},{"not_picked":["Hightail+1","Rearm","Spin"],"picked":"SKIP","floor":19.0},{"not_picked":["TimeWarp+1","DoubleEdge+1"],"picked":"GearUp","floor":23.0},{"not_picked":["Comet","Spin","Starlight"],"picked":"SKIP","floor":25.0},{"not_picked":["BottledTime","Revamp"],"picked":"SilverBlades","floor":27.0},{"not_picked":["BottledTime+1","Revamp"],"picked":"Luminosity","floor":28.0},{"not_picked":["Moonlight","FastForward","DoubleEdge"],"picked":"SKIP","floor":29},{"not_picked":["Reset","RealityMarble+1","Potential"],"picked":"SKIP","floor":30},{"not_picked":["Initiator","Foresight","DualDimension"],"picked":"SKIP","floor":31},{"not_picked":["PendulumOfEternity","TheWorld"],"picked":"Dilation","floor":33},{"not_picked":["RealityMarble+1","Rearm+1","TimeWarp"],"picked":"SKIP","floor":35},{"not_picked":["SpecialFormula+1","Alleviate+1"],"picked":"SilverBlades","floor":36},{"not_picked":["Ricochet","Defy","FastForward"],"picked":"SKIP","floor":38},{"not_picked":["TimeWarp+1","Spin","Shuttle+1"],"picked":"SKIP","floor":40},{"not_picked":["TimeWarp","TheWorld"],"picked":"SilverBlades","floor":41},{"not_picked":["Duplication","Rearm+1","GearUp"],"picked":"SKIP","floor":42},{"not_picked":["Defy","ReturningBlade+1"],"picked":"Potential+1","floor":44},{"not_picked":["Replace","Unruled+1"],"picked":"GearUp+1","floor":46},{"not_picked":["Sabotage+1","WasteNot","Alleviate"],"picked":"SKIP","floor":47},{"not_picked":["SpecialFormula+1","FastForward","LightFlow"],"picked":"SKIP","floor":48}],"player_experience":110010,"relics_obtained":[{"floor":5.0,"key":"HornCleat"},{"floor":7.0,"key":"White Beast Statue"},{"floor":9.0,"key":"Meat on the Bone"},{"floor":23.0,"key":"Kunai"},{"floor":26.0,"key":"Pear"},{"floor":29,"key":"Omamori"},{"floor":31,"key":"MawBank"},{"floor":40,"key":"InkBottle"},{"floor":42,"key":"Centennial Puzzle"},{"floor":43,"key":"Oddly Smooth Stone"},{"floor":47,"key":"Dream Catcher"}],"event_choices":[{"damage_healed":0.0,"max_hp_gain":0.0,"max_hp_loss":0.0,"gold_gain":0.0,"event_name":"Scrap Ooze","player_choice":"Success","floor":2.0,"gold_loss":0.0,"damage_taken":7.0,"relics_obtained":["Regal Pillow"]},{"damage_healed":0.0,"max_hp_gain":0.0,"max_hp_loss":0.0,"gold_gain":0.0,"event_name":"Shining Light","player_choice":"Entered Light","floor":4.0,"gold_loss":0.0,"damage_taken":13.0,"cards_upgraded":["Strike_S","KidneyShot"]},{"damage_healed":0.0,"max_hp_gain":0.0,"max_hp_loss":0.0,"gold_gain":0.0,"event_name":"Lab","player_choice":"Got Potions","floor":10.0,"gold_loss":0.0,"damage_taken":0.0},{"damage_healed":0.0,"max_hp_gain":0.0,"max_hp_loss":0.0,"gold_gain":0.0,"event_name":"Back to Basics","player_choice":"Simplicity","floor":20.0,"gold_loss":0.0,"damage_taken":0.0,"cards_upgraded":["Strike_S","Strike_S","Strike_S","Defend_S","Defend_S","Defend_S"]},{"damage_healed":0.0,"max_hp_gain":0.0,"max_hp_loss":0.0,"gold_gain":99.0,"event_name":"Nest","player_choice":"Stole From Cult","floor":21.0,"gold_loss":0.0,"damage_taken":0.0},{"damage_healed":0.0,"max_hp_gain":0.0,"max_hp_loss":0.0,"gold_gain":0.0,"event_name":"Drug Dealer","player_choice":"Inject Mutagens","floor":22.0,"gold_loss":0.0,"damage_taken":0.0,"relics_obtained":["MutagenicStrength"]},{"damage_healed":0,"gold_gain":0,"player_choice":"Ignored","damage_taken":0,"max_hp_gain":0,"max_hp_loss":0,"event_name":"NoteForYourself","floor":37,"gold_loss":0}],"is_beta":false,"boss_relics":[{"not_picked":["Runic Dome","Sozu"],"picked":"Cursed Key"},{"not_picked":["Pandora\u0027s Box","Coffee Dripper"],"picked":"Velvet Choker"}],"items_purged_floors":[12],"is_endless":false,"potions_floor_spawned":[1,7,8,11,14,16,18,19,23,25,27,28,29,30,31,33,35,36,38,40,41,42,44,46,47,48],"ascension_level":0}}