{"host":"qq27suot6m8koe0b","time":1613129868,"event":{"mods":["Act Like it!","BaseMod","CapriCore","Downfall","GifTheSpireLib","Minty Spire (QoL Compilation)","StSLib"],"gold_per_floor":[99,99,99,31,31,31,76,102,2,22,40,40,57,57,69,168,168,68,82,82,82,94,94,142,158,58,85,85,98,116,141,160,265,265,265,315,333,349,180,180,207,207,241,241,241,73,101,120,133,133,133,164,13,13,13,13,13,13],"floor_reached":56,"language":"ZHS","playtime":3564,"items_purged":["Pain"],"score":848,"play_id":"286ec243-8e82-452e-95d2-ecaee8b56704","local_time":"20210212193748","is_ascension_mode":false,"campfire_choices":[{"floor":1,"key":"RECALL"},{"data":"Slimebound:AcidTongue","floor":6,"key":"SMITH"},{"data":"Slimebound:Split","floor":9,"key":"SMITH"},{"data":"Slimebound:SlimeSlap","floor":18,"key":"SMITH"},{"data":"1","floor":23,"key":"LIFT"},{"data":"2","floor":26,"key":"LIFT"},{"data":"3","floor":28,"key":"LIFT"},{"data":"Slimebound:Gluttony","floor":35,"key":"SMITH"},{"data":"Slimebound:TagTeam","floor":42,"key":"SMITH"},{"data":"Slimebound:SpikyOuterGoop","floor":45,"key":"SMITH"},{"floor":54,"key":"REST"}],"circlet_count":0,"master_deck":["Slimebound:Strike_Slimebound","Slimebound:Strike_Slimebound","Slimebound:Defend_Slimebound","Slimebound:Defend_Slimebound","Slimebound:Split+1","Slimebound:CorrosiveSpit","Slimebound:LeechEnergy","Slimebound:GoopSpray+1","Slimebound:AcidTongue+1","Slimebound:Recollect","Slimebound:SpikyOuterGoop+1","Slimebound:LeechEnergy","Slimebound:SamplingLick","Slimebound:SlimeSlap+1","Slimebound:SamplingLick+1","Slimebound:SlimeSpikes","Slimebound:Gluttony+1","Slimebound:GoopSpray+1","Slimebound:DuplicatedForm+1","Slimebound:GoopSpray+1","Slimebound:AcidTongue+1","Slimebound:Schlurp+1","Slimebound:TagTeam+1","expansioncontent:YouAreMine"],"relics":["Slimebound:AbsorbEndCombat","downfall:HeartsMalice","MealTicket","Girya","downfall:HeartBlessingRed","WarpedTongs","Busted Crown","downfall:HeartBlessingGreen","Calipers","Orichalcum","downfall:HeartBlessingBlue","Potion Belt","Bag of Preparation","Astrolabe","Prayer Wheel","Ancient Tea Set","Toy Ornithopter","Nunchaku","Akabeko","StrikeDummy"],"acts_visited":["Exordium","TheCity","TheBeyond","TheEnding"],"potions_floor_usage":[19,22,25,30,33,49,52,56,56,56,56],"damage_taken":[{"damage":0,"enemies":"Small Slimes","floor":2,"turns":1},{"damage":0,"enemies":"downfall:FleeingMerchant","floor":4,"turns":1},{"damage":0,"enemies":"Cultist","floor":5,"turns":1},{"damage":21,"enemies":"Lagavulin","floor":8,"turns":7},{"damage":0,"enemies":"Jaw Worm","floor":10,"turns":5},{"damage":2,"enemies":"Blue Slaver","floor":11,"turns":4},{"damage":1,"enemies":"Red Slaver","floor":13,"turns":4},{"damage":0,"enemies":"3 Louse","floor":15,"turns":2},{"damage":15,"enemies":"WA_ARCHETYPE_RETAIN","floor":16,"turns":9},{"damage":4,"enemies":"Chosen","floor":19,"turns":6},{"damage":21,"enemies":"Spheric Guardian","floor":22,"turns":5},{"damage":11,"enemies":"Snecko","floor":25,"turns":5},{"damage":14,"enemies":"Cultist and Chosen","floor":29,"turns":6},{"damage":8,"enemies":"3 Cultists","floor":30,"turns":4},{"damage":26,"enemies":"Slavers","floor":31,"turns":6},{"damage":3,"enemies":"Snake Plant","floor":32,"turns":3},{"damage":11,"enemies":"DF_ARCHETYPE_CLAW","floor":33,"turns":8},{"damage":4,"enemies":"DF_ARCHETYPE_CLAW","floor":36,"turns":5},{"damage":18,"enemies":"3 Darklings","floor":37,"turns":4},{"damage":6,"enemies":"Orb Walker","floor":38,"turns":3},{"damage":7,"enemies":"downfall:FleeingMerchant","floor":39,"turns":4},{"damage":36,"enemies":"Nemesis","floor":43,"turns":7},{"damage":1,"enemies":"downfall:FleeingMerchant","floor":46,"turns":4},{"damage":0,"enemies":"Reptomancer","floor":47,"turns":6},{"damage":0,"enemies":"Writhing Mass","floor":48,"turns":4},{"damage":21,"enemies":"Spire Growth","floor":49,"turns":5},{"damage":10,"enemies":"SI_POISON_ARCHETYPE","floor":50,"turns":10},{"damage":40,"enemies":"downfall:CharBossMerchant","floor":52,"turns":8},{"damage":31,"enemies":"downfall:NeowBoss","floor":55,"turns":14},{"damage":103,"enemies":"downfall:NeowBossFinal","floor":56,"turns":14}],"seed_played":"-2511571286022855172","potions_obtained":[{"floor":8,"key":"SpeedPotion"},{"floor":11,"key":"DuplicationPotion"},{"floor":15,"key":"Explosive Potion"},{"floor":16,"key":"Weak Potion"},{"floor":22,"key":"SkillPotion"},{"floor":30,"key":"Weak Potion"},{"floor":31,"key":"Explosive Potion"},{"floor":37,"key":"champ:CounterPotion"},{"floor":43,"key":"Fire Potion"},{"floor":47,"key":"Guardian:BlockOnCardUsePotion"}],"is_trial":false,"path_per_floor":["R","M","?","$","M","R","T","E","R","M","M","?","M","?","M","B",null,"R","M","T","T","M","R","T","M","R","T","R","M","M","E","M","B",null,"R","?","M","M","$","?","T","R","E","?","R","$","E","M","M","B",null,"E","$","R","B","B"],"character_chosen":"SLIMEBOUND","items_purchased":["Slimebound:AcidTongue","Slimebound:TagTeam","Nunchaku","Regen Potion","DuplicationPotion"],"campfire_rested":1,"item_purchase_floors":[4,39,46,53,53],"current_hp_per_floor":[65,65,65,65,65,65,65,48,48,52,58,58,65,65,65,54,65,65,63,63,63,48,48,48,43,53,53,53,47,47,29,34,31,75,75,75,63,65,73,73,73,73,56,56,56,75,75,75,58,56,75,40,55,75,59,0,0,0],"gold":13,"neow_bonus":"THREE_ENEMY_KILL","is_daily":false,"chose_seed":false,"campfire_upgraded":6,"win_rate":0.0,"timestamp":1613129868,"path_taken":["R","M","?","?","M","R","T","E","R","M","?","?","M","?","M","BOSS","R","M","?","?","M","R","T","M","R","?","R","M","M","E","M","BOSS","R","?","M","M","$","?","T","R","E","?","R","$","E","M","M","BOSS","E","$","R","BOSS","BOSS"],"items_purchased_type":["Card","Card","Relic","Potion","Potion"],"build_version":"2020-12-22","purchased_purges":1,"victory":false,"max_hp_per_floor":[65,65,65,65,65,65,65,65,65,65,65,65,65,65,65,65,65,65,65,65,65,65,65,65,65,75,75,75,75,75,75,75,75,75,75,75,75,75,75,75,75,75,75,75,75,75,75,75,75,75,75,75,75,75,75,75,75,75],"card_choices":[{"not_picked":["Slimebound:SplitMire","Slimebound:ItLooksTasty"],"picked":"Slimebound:LeechEnergy","floor":2},{"not_picked":["Slimebound:ViciousTackle","Slimebound:SlimeTap"],"picked":"Slimebound:GoopSpray","floor":4},{"not_picked":["Slimebound:ComboTackle","Slimebound:Prepare"],"picked":"Slimebound:SlimeSpikes","floor":5},{"not_picked":["Slimebound:ViciousTackle","Slimebound:SplitAcid"],"picked":"Slimebound:Recollect","floor":8},{"not_picked":["Slimebound:ItLooksTasty","Slimebound:PrepareCrush"],"picked":"Slimebound:SpikyOuterGoop","floor":10},{"not_picked":["Slimebound:ItLooksTasty","Slimebound:GrowthPunch"],"picked":"Slimebound:LeechEnergy","floor":11},{"not_picked":["Slimebound:SplitMire","Slimebound:ComboTackle"],"picked":"Slimebound:SamplingLick","floor":13},{"not_picked":["Slimebound:FinishingTackle","Slimebound:HauntingLick","Slimebound:SplitAcid"],"picked":"SKIP","floor":15},{"not_picked":["Slimebound:SelfFormingGoo","Slimebound:TagTeam"],"picked":"Slimebound:SlimeSlap","floor":16},{"not_picked":[],"picked":"Slimebound:SamplingLick+1","floor":19},{"not_picked":[],"picked":"Slimebound:SlimeSpikes","floor":22},{"not_picked":[],"picked":"Slimebound:Gluttony","floor":25},{"not_picked":[],"picked":"Slimebound:GoopSpray+1","floor":29},{"not_picked":["Slimebound:LivingWall"],"picked":"SKIP","floor":30},{"not_picked":["Slimebound:ServeAndProtect+1"],"picked":"SKIP","floor":31},{"not_picked":["Slimebound:RejuvenatingLick"],"picked":"SKIP","floor":32},{"not_picked":[],"picked":"Slimebound:Schlurp+1","floor":37},{"not_picked":["Slimebound:SplitAcid+1"],"picked":"SKIP","floor":37},{"not_picked":["Slimebound:PressTheAttack"],"picked":"SKIP","floor":38},{"not_picked":["Slimebound:SlimeTap+1"],"picked":"SKIP","floor":38},{"not_picked":["Slimebound:ItLooksTasty+1"],"picked":"SKIP","floor":39},{"not_picked":["expansioncontent:Chronoboost","expansioncontent:GuardianWhirl"],"picked":"expansioncontent:YouAreMine","floor":40},{"not_picked":["Slimebound:SamplingLick"],"picked":"SKIP","floor":43},{"not_picked":["Slimebound:SplitLeeching"],"picked":"SKIP","floor":46},{"not_picked":["Slimebound:Grow+1"],"picked":"SKIP","floor":47},{"not_picked":["Slimebound:SplitMire"],"picked":"SKIP","floor":48},{"not_picked":["Slimebound:FinishingTackle"],"picked":"SKIP","floor":48},{"not_picked":["Slimebound:SamplingLick"],"picked":"SKIP","floor":49},{"not_picked":["Slimebound:FlameTackle"],"picked":"SKIP","floor":49},{"not_picked":["Slimebound:ProtectTheBoss"],"picked":"SKIP","floor":52}],"player_experience":379954,"relics_obtained":[{"floor":7,"key":"MealTicket"},{"floor":8,"key":"Girya"},{"floor":20,"key":"Calipers"},{"floor":24,"key":"Orichalcum"},{"floor":27,"key":"Potion Belt"},{"floor":31,"key":"Bag of Preparation"},{"floor":36,"key":"Prayer Wheel"},{"floor":41,"key":"Ancient Tea Set"},{"floor":43,"key":"Toy Ornithopter"},{"floor":47,"key":"Akabeko"},{"floor":52,"key":"StrikeDummy"}],"event_choices":[{"damage_healed":0,"gold_gain":0,"player_choice":"Grow","damage_taken":0,"max_hp_gain":0,"max_hp_loss":0,"event_name":"Living Wall","floor":12,"gold_loss":0,"cards_upgraded":["Slimebound:GoopSpray"]},{"damage_healed":0,"gold_gain":0,"player_choice":"Rummage","damage_taken":0,"relics_obtained":["WarpedTongs"],"max_hp_gain":0,"max_hp_loss":0,"event_name":"Accursed Blacksmith","floor":14,"gold_loss":0,"cards_obtained":["Pain"]},{"cards_removed":["Slimebound:SlimeSpikes"],"damage_healed":0,"gold_gain":0,"player_choice":"Removed Skill","damage_taken":0,"max_hp_gain":0,"max_hp_loss":0,"event_name":"Falling","floor":44,"gold_loss":0}],"is_beta":false,"boss_relics":[{"not_picked":["Pandora\u0027s Box","Snecko Eye"],"picked":"Busted Crown"},{"not_picked":["Runic Pyramid","Slimebound:TarBlob"],"picked":"Astrolabe"}],"items_purged_floors":[39],"is_endless":false,"potions_floor_spawned":[8,11,15,16,22,30,31,37,43,47],"killed_by":"downfall:NeowBossFinal","ascension_level":0}}