{"host":"a57oumegxze0vmhs","time":1613146355,"event":{"mods":["AchievementEnabler","BaseMod","Colored Powertips","Minty Spire (QoL Compilation)","Relic Stats"],"gold_per_floor":[216,170,170,170,189,189,118,148,171,196,196,296,314,330,330,431,431,446,446,446],"floor_reached":19,"language":"ENG","playtime":540,"items_purged":[],"score":236,"play_id":"d626829d-8131-483e-a2fb-b92bf9167f0a","local_time":"20210212181235","is_ascension_mode":true,"campfire_choices":[{"data":"Zap","floor":6,"key":"SMITH"},{"floor":15,"key":"REST"}],"circlet_count":0,"master_deck":["Strike_B","Strike_B","Strike_B","Strike_B","Defend_B","Defend_B","Defend_B","Defend_B","Zap+1","Dualcast","Streamline","Gash","Compile Driver","Defragment","Coolheaded","Conserve Battery","Loop","Sweeping Beam","Buffer","Leap"],"relics":["Cracked Core","InkBottle","Bag of Preparation","Smiling Mask","Girya","Inserter"],"acts_visited":["Exordium","TheCity"],"potions_floor_usage":[16],"damage_taken":[{"damage":1,"enemies":"Cultist","floor":1,"turns":3},{"damage":0,"enemies":"Small Slimes","floor":5,"turns":3},{"damage":25,"enemies":"3 Sentries","floor":8,"turns":6},{"damage":26,"enemies":"Gremlin Nob","floor":10,"turns":4},{"damage":2,"enemies":"Jaw Worm","floor":13,"turns":3},{"damage":1,"enemies":"Blue Slaver","floor":14,"turns":3},{"damage":21,"enemies":"Hexaghost","floor":16,"turns":9},{"damage":23,"enemies":"Chosen","floor":18,"turns":6},{"damage":1,"enemies":"3 Byrds","floor":19,"turns":2}],"seed_played":"3645974794613335677","potions_obtained":[{"floor":5,"key":"EssenceOfSteel"},{"floor":8,"key":"BlessingOfTheForge"},{"floor":16,"key":"ColorlessPotion"},{"floor":18,"key":"FearPotion"}],"is_trial":false,"path_per_floor":["M","$","?","$","M","R","$","E","T","E","T","?","M","M","R","B",null,"M","M"],"character_chosen":"DEFECT","items_purchased":["Gash","Defragment"],"campfire_rested":1,"item_purchase_floors":[2,7],"current_hp_per_floor":[67,67,72,72,72,72,72,47,47,21,21,21,19,18,42,21,65,42,41,41],"gold":446,"neow_bonus":"HUNDRED_GOLD","is_daily":false,"chose_seed":false,"campfire_upgraded":1,"win_rate":0.0,"timestamp":1613146355,"path_taken":["M","?","?","?","M","R","$","E","T","E","?","?","M","M","R","BOSS","M","M"],"items_purchased_type":["Card","Card"],"build_version":"2020-12-22","purchased_purges":0,"victory":false,"max_hp_per_floor":[75,75,80,80,80,80,80,80,80,80,80,80,80,80,80,80,80,80,80,80],"relic_stats":{"Inserter":[4],"counters":[9,39],"Bag of Preparation":[12],"Smiling Mask":0,"obtain_stats":[{"Girya":11,"Inserter":17,"Bag of Preparation":9,"Cracked Core":0,"Smiling Mask":10,"InkBottle":8},{"Girya":4,"Inserter":7,"Bag of Preparation":3,"Cracked Core":0,"Smiling Mask":4,"InkBottle":3},{"Girya":16,"Inserter":31,"Bag of Preparation":12,"Cracked Core":0,"Smiling Mask":16,"InkBottle":12}],"InkBottle":[8]},"card_choices":[{"not_picked":["Storm","Turbo"],"picked":"Streamline","floor":1},{"not_picked":["Rebound","Doom and Gloom"],"picked":"Compile Driver","floor":5},{"not_picked":["Blizzard","Stack"],"picked":"Coolheaded","floor":8},{"not_picked":["Beam Cell","Barrage"],"picked":"Conserve Battery","floor":10},{"not_picked":["Go for the Eyes","Ball Lightning"],"picked":"Loop","floor":13},{"not_picked":["Leap","Compile Driver"],"picked":"Sweeping Beam","floor":14},{"not_picked":["Reboot","Multi-Cast"],"picked":"Buffer","floor":16},{"not_picked":["Beam Cell","Hologram"],"picked":"Leap","floor":18}],"player_experience":434769,"relics_obtained":[{"floor":8,"key":"InkBottle"},{"floor":9,"key":"Bag of Preparation"},{"floor":10,"key":"Smiling Mask"},{"floor":11,"key":"Girya"}],"event_choices":[{"damage_healed":0,"gold_gain":0,"player_choice":"Donut","damage_taken":0,"max_hp_gain":5,"max_hp_loss":0,"event_name":"Big Fish","floor":3,"gold_loss":0},{"damage_healed":0,"gold_gain":100,"player_choice":"Pray","damage_taken":0,"max_hp_gain":0,"max_hp_loss":0,"event_name":"Golden Shrine","floor":12,"gold_loss":0}],"is_beta":false,"boss_relics":[{"not_picked":["Sozu","Busted Crown"],"picked":"Inserter"}],"items_purged_floors":[],"is_endless":false,"potions_floor_spawned":[5,8,16,18],"killed_by":"3 Byrds","ascension_level":7}}