{"host":"m9osufisr3agwk96","time":1613126419,"event":{"mods":["AchievementEnabler","Aspiration","BaseMod","Colored Map","Colored Powertips","Downfall","Friendly Minions","Hermit","Highlight Path","Hubris","Minty Spire (QoL Compilation)","Rare Cards Sparkle","Reliquary","Replay The Spire","Shop Mod","StSLib"],"gold_per_floor":[99,99,99,99,99,99,150,150,150,150,164,164,164,178,195,293,293,293,303,319,319,319,319,344,363,51,63,83,96,96,96,115,215,215,215,232,74,74,93,112,112,123,123,123,123,123,142,142,156,156,156,156],"floor_reached":50,"language":"ENG","playtime":2267,"items_purged":[],"score":457,"play_id":"5a3f8375-b6e8-47ae-a61d-6795d132dec1","local_time":"20210212024019","is_ascension_mode":false,"campfire_choices":[{"data":"hexamod:Float","floor":1,"key":"SMITH"},{"data":"hexamod:Sear","floor":8,"key":"SMITH"},{"data":"hexamod:RainOfEmbers","floor":10,"key":"SMITH"},{"data":"hexamod:HeatMetal","floor":13,"key":"SMITH"},{"data":"hexamod:Hexaguard","floor":18,"key":"SMITH"},{"floor":23,"key":"REST"},{"data":"hexamod:HeatMetal","floor":30,"key":"SMITH"},{"data":"hexamod:RecurringNightmare","floor":35,"key":"SMITH"},{"floor":43,"key":"REST"},{"floor":46,"key":"REST"}],"circlet_count":0,"master_deck":["hexamod:Strike","hexamod:Strike","hexamod:Strike","hexamod:Strike","hexamod:Defend","hexamod:Defend","hexamod:Defend","hexamod:Sear+1","hexamod:Float+1","hexamod:RainOfEmbers+1","hexamod:PhantomFireball+1","hexamod:SpectersWail","hexamod:PowerFromBeyond","hexamod:HeatMetal+1","hexamod:FirstSeal","hexamod:Hexaguard+1","hexamod:VolcanoVisage","hexamod:GhostLash+1","hexamod:FlamesFromBeyond+1","hexamod:GhostLash+1","hexamod:SpectralSpark+1","hexamod:HeatMetal+1","hexamod:ThermalTransfer+1","hexamod:RecurringNightmare+1","hexamod:AdvancingGuard","hexamod:FifthSeal","hexamod:ThermalTransfer+1","hexamod:ForkedFlame","hexamod:SpectersWail+1","hexamod:SuperheatedStrike","hexamod:FirstSeal","hexamod:Haunt+1","hexamod:ThermalTransfer+1"],"relics":["hexamod:SpiritBrand","downfall:HeartsMalice","hubris:Icosahedron","hexamod:MatchstickCase","aspiration:AnachronicSnailShell","reliquary:Knoch","Replay:Rubber Ducky","Potion Belt","reliquary:KinkedSpring","hubris:EmptyBottle","hubris:Towel","hubris:BottledRain"],"acts_visited":["Exordium","TheCity","TheBeyond"],"potions_floor_usage":[16,27,32,33,33,33,40,40,42,50,50,50,50,50],"damage_taken":[{"damage":0,"enemies":"Jaw Worm","floor":2,"turns":1},{"damage":0,"enemies":"2 Louse","floor":6,"turns":1},{"damage":0,"enemies":"downfall:FleeingMerchant","floor":9,"turns":1},{"damage":5,"enemies":"Small Slimes","floor":11,"turns":3},{"damage":1,"enemies":"Blue Slaver","floor":14,"turns":2},{"damage":3,"enemies":"Large Slime","floor":15,"turns":4},{"damage":8,"enemies":"IC_STATUS_ARCHETYPE","floor":16,"turns":4},{"damage":8,"enemies":"Spheric Guardian","floor":19,"turns":4},{"damage":17,"enemies":"Centurion and Healer","floor":20,"turns":5},{"damage":0,"enemies":"Snecko","floor":25,"turns":3},{"damage":3,"enemies":"downfall:FleeingMerchant","floor":26,"turns":4},{"damage":6,"enemies":"Snake Plant","floor":27,"turns":3},{"damage":5,"enemies":"Cultist and Chosen","floor":28,"turns":4},{"damage":7,"enemies":"Centurion and Healer","floor":29,"turns":5},{"damage":2,"enemies":"Snecko","floor":32,"turns":3},{"damage":50,"enemies":"DF_ARCHETYPE_CLAW","floor":33,"turns":7},{"damage":12,"enemies":"3 Shapes","floor":36,"turns":4},{"damage":0,"enemies":"downfall:FleeingMerchant","floor":37,"turns":4},{"damage":11,"enemies":"3 Darklings","floor":39,"turns":5},{"damage":7,"enemies":"Maw","floor":40,"turns":6},{"damage":37,"enemies":"Sphere and 2 Shapes","floor":42,"turns":6},{"damage":45,"enemies":"4 Shapes","floor":47,"turns":4},{"damage":13,"enemies":"3 Darklings","floor":49,"turns":5},{"damage":100,"enemies":"SI_POISON_ARCHETYPE","floor":50,"turns":5}],"seed_played":"-1312228702702188637","potions_obtained":[{"floor":11,"key":"hexamod:EctoCoolerPotion"},{"floor":15,"key":"Cursed Concoction"},{"floor":20,"key":"hexamod:SoulburnPotion"},{"floor":27,"key":"Reflective Coating"},{"floor":29,"key":"Ancient Potion"},{"floor":32,"key":"Cursed Concoction"},{"floor":39,"key":"PowerPotion"},{"floor":40,"key":"FearPotion"},{"floor":47,"key":"Energy Potion"},{"floor":49,"key":"FearPotion"}],"is_trial":false,"path_per_floor":["R","M","?","?","?","M","T","R","$","R","M","T","R","M","M","B",null,"R","M","M","?","?","R","T","M","$","M","M","M","R","?","M","B",null,"R","M","$","?","M","M","T","M","R","?","?","R","M","?","M","B"],"character_chosen":"THE_SPIRIT","items_purchased":["Replay:Rubber Ducky","Potion Belt","hubris:EmptyBottle"],"campfire_rested":3,"item_purchase_floors":[26,26,37],"current_hp_per_floor":[70,70,70,70,70,70,70,70,70,70,65,65,65,64,68,67,70,70,69,52,52,52,70,70,70,70,70,65,65,65,65,70,20,70,70,65,70,70,59,59,59,29,50,50,50,70,32,32,33,0,0,0],"gold":156,"neow_bonus":"THREE_ENEMY_KILL","is_daily":false,"chose_seed":false,"campfire_upgraded":7,"win_rate":0.0,"timestamp":1613126419,"path_taken":["R","M","?","?","?","M","T","R","$","R","M","?","R","M","M","BOSS","R","M","M","?","?","R","T","M","$","M","M","M","R","?","M","BOSS","R","M","$","?","M","M","T","M","R","?","?","R","M","?","M","BOSS"],"items_purchased_type":["Relic","Relic","Relic"],"build_version":"2020-12-22","purchased_purges":0,"victory":false,"max_hp_per_floor":[70,70,70,70,70,70,70,70,70,70,70,70,70,70,70,70,70,70,70,70,70,70,70,70,70,70,70,70,70,70,70,70,70,70,70,70,70,70,70,70,70,70,70,70,70,70,70,70,70,70,70,70],"card_choices":[{"not_picked":["hexamod:GhostShield","hexamod:GhostLash"],"picked":"hexamod:RainOfEmbers","floor":2},{"not_picked":["hexamod:BacktrackSmack","hexamod:Firestarter"],"picked":"hexamod:SpectersWail","floor":6},{"not_picked":["hexamod:SwordOfDarkness","hexamod:SpectralAdrenaline"],"picked":"hexamod:PowerFromBeyond","floor":9},{"not_picked":["hexamod:ShieldOfDarkness","hexamod:NightmareStrike"],"picked":"hexamod:HeatMetal","floor":11},{"not_picked":["hexamod:TimeWarp","hexamod:PhantomFireball"],"picked":"hexamod:FirstSeal","floor":14},{"not_picked":["hexamod:InspiringFlames","hexamod:StepThrough"],"picked":"hexamod:Hexaguard","floor":15},{"not_picked":["hexamod:GhostOfSpirePresent","hexamod:TurnItUp"],"picked":"hexamod:VolcanoVisage","floor":16},{"not_picked":["hexamod:AdvancingGuard+1","hexamod:HauntingEcho"],"picked":"hexamod:GhostLash+1","floor":19},{"not_picked":["hexamod:Incineration","hexamod:SpectralAdrenaline"],"picked":"hexamod:FlamesFromBeyond","floor":20},{"not_picked":["hexamod:NightmareStrike+1","hexamod:GhostflameBarrier"],"picked":"hexamod:GhostLash+1","floor":25},{"not_picked":["hexamod:AdvancingGuard","hexamod:Incineration"],"picked":"hexamod:SpectralSpark+1","floor":26},{"not_picked":["hexamod:SpectersWail","hexamod:Hexaguard"],"picked":"hexamod:HeatMetal","floor":27},{"not_picked":["hexamod:SecondSeal","hexamod:HauntingEcho+1"],"picked":"hexamod:ThermalTransfer+1","floor":28},{"not_picked":["hexamod:BurningTouch","hexamod:FastForward"],"picked":"hexamod:RecurringNightmare","floor":29},{"not_picked":["hexamod:HeatCrush","hexamod:PhantomCloak"],"picked":"hexamod:AdvancingGuard","floor":32},{"not_picked":["hexamod:VolcanoVisage","hexamod:HexaLevel"],"picked":"hexamod:FifthSeal","floor":33},{"not_picked":["hexamod:RetreatToShadows+1","hexamod:HeatCrush+1"],"picked":"hexamod:ThermalTransfer+1","floor":36},{"not_picked":["hexamod:HexaLevel","hexamod:SuperheatedStrike+1"],"picked":"hexamod:ForkedFlame","floor":37},{"not_picked":["hexamod:RadiantFlame+1","hexamod:FastForward"],"picked":"hexamod:SpectersWail+1","floor":39},{"not_picked":["hexamod:SwordOfDarkness+1","hexamod:ChargedBarrage"],"picked":"hexamod:SuperheatedStrike","floor":40},{"not_picked":["hexamod:EtherealExpedition","hexamod:ShieldOfDarkness+1"],"picked":"hexamod:FirstSeal","floor":42},{"not_picked":["hexamod:GhostOfSpirePresent","hexamod:RadiantFlame+1"],"picked":"hexamod:Haunt+1","floor":47},{"not_picked":["hexamod:PhantomCloak","hexamod:ParanormalForm"],"picked":"hexamod:ThermalTransfer+1","floor":49}],"player_experience":462488,"relics_obtained":[{"floor":7,"key":"hexamod:MatchstickCase"},{"floor":12,"key":"aspiration:AnachronicSnailShell"},{"floor":24,"key":"reliquary:Knoch"},{"floor":41,"key":"hubris:BottledRain"}],"event_choices":[{"damage_healed":0,"gold_gain":0,"player_choice":"Ignored","damage_taken":0,"max_hp_gain":0,"max_hp_loss":0,"event_name":"NoteForYourself","floor":48,"gold_loss":0}],"is_beta":false,"boss_relics":[{"not_picked":["Abe\u0027s Treasure","Replay:Bronze Core","aspiration:RunicSpoon"]},{"not_picked":["Empty Cage","hubris:BlackHole"],"picked":"reliquary:KinkedSpring"}],"items_purged_floors":[],"is_endless":false,"potions_floor_spawned":[11,15,20,27,29,32,39,40,47,49],"killed_by":"SI_POISON_ARCHETYPE","ascension_level":0}}