{"host":"uepavsqu1c22e081","time":1613163319,"event":{"mods":["Aspiration","BaseMod","Beaked The Cultist","Chen","Colored Map","Colored Powertips","Conspire","Custom Start","Downfall","Energized Spire","Friendly Minions","GifTheSpireLib","Glutton Mod","Halation","Highlight Path","Hubris","Infinite Spire","Jedi Mod","Minty Spire (QoL Compilation)","Pikachu Mod","Quick Restart","RatMod","Replay The Spire","Ruin Mod","RumiaBox-????????","SOS???????","Spikes Relics","StSLib","Stuff the Spire","SuperFastMode","The Construct","The Cursed","The Disciple","The Elementalist","The Exordian Avenger","The Necromancer","The Servant 0.9.4","The Vixen","The Witch","Unceasing Turn Reminder"],"gold_per_floor":[110,110,122,72,92,92,108,108,108,17,27,27,27,27,302,315,315,417,417,430,473,484,115,115,115,126,126,179,193,193,204,204,219,219,322,322,340,300,300,300,300,300,319,338,338,353,353,366,366,376,376,376],"floor_reached":53,"language":"ENG","playtime":2493,"items_purged":["Regret"],"score":551,"play_id":"f210a030-8f7f-40a7-9779-2605228b00e3","local_time":"20210212155519","is_ascension_mode":false,"campfire_choices":[{"data":"Unruled","floor":6,"key":"SMITH"},{"data":"DoubleEdge","floor":8,"key":"SMITH"},{"data":"Defy","floor":14,"key":"SMITH"},{"data":"Unruled","floor":17,"key":"SMITH"},{"data":"MurderousAura","floor":25,"key":"SMITH"},{"data":"Spin","floor":27,"key":"SMITH"},{"floor":30,"key":"REST"},{"data":"Amnesia","floor":34,"key":"PURGE"},{"data":"Duplication","floor":39,"key":"SMITH"},{"data":"Duplication","floor":42,"key":"SMITH"},{"data":"Unruled","floor":47,"key":"SMITH"},{"data":"Spin","floor":49,"key":"SMITH"},{"data":"Spin","floor":51,"key":"SMITH"}],"circlet_count":0,"master_deck":["Strike_S+1","Strike_S+1","Strike_S+1","Defend_S+1","Defend_S+1","Defend_S+1","Defend_S+1","KidneyShot","Exchange","DoubleEdge+1","Unruled+1","DoubleEdge+1","Defy+1","Unruled+1","MurderousAura+1","Spin+1","FastForward+1","Spin+1","DoubleEdge","Unruled+1","Duplication+1","Defy+1","Duplication+1","DoubleEdge","Spin+1"],"relics":["Uniform","NeowsBlessing","Potion Belt","conspire:SeveredTorchhead","ReplayTheSpireMod:TigerMarble","jedi:arcanewood","Bronze Scales","aspiration:EmptySkull","ReplayTheSpireMod:Ring of Addiction","Ring of Peace","Toy Ornithopter","hubris:EmptyBottle","energizedSpire:DeadBattery","halation:YellowSoulGem","StuffTheSpire:GrapeVine","StuffTheSpire:CocoNut"],"acts_visited":["Exordium","TheCity","TheBeyond"],"potions_floor_usage":[18,33,35,46,48],"damage_taken":[{"damage":0,"enemies":"conspire:RoseBush","floor":1,"turns":1},{"damage":0,"enemies":"Cultist","floor":3,"turns":1},{"damage":0,"enemies":"Small Slimes","floor":5,"turns":1},{"damage":7,"enemies":"Red Slaver","floor":7,"turns":3},{"damage":6,"enemies":"Exordium Wildlife","floor":11,"turns":3},{"damage":0,"enemies":"Blue Slaver","floor":16,"turns":1},{"damage":34,"enemies":"Hexaghost","floor":18,"turns":7},{"damage":5,"enemies":"Chosen","floor":20,"turns":2},{"damage":2,"enemies":"conspire:FuzzyDice","floor":22,"turns":5},{"damage":10,"enemies":"Chosen and Byrds","floor":26,"turns":3},{"damage":11,"enemies":"Shelled Parasite and Fungi","floor":29,"turns":2},{"damage":2,"enemies":"3 Cultists","floor":31,"turns":3},{"damage":5,"enemies":"Cultist and Chosen","floor":33,"turns":3},{"damage":21,"enemies":"hubris:MusketHawk","floor":35,"turns":5},{"damage":0,"enemies":"Orb Walker","floor":37,"turns":3},{"damage":24,"enemies":"3 Darklings","floor":43,"turns":3},{"damage":0,"enemies":"Writhing Mass","floor":44,"turns":1},{"damage":0,"enemies":"Sphere and 2 Shapes","floor":46,"turns":3},{"damage":0,"enemies":"Transient","floor":48,"turns":4},{"damage":0,"enemies":"3 Darklings","floor":50,"turns":3},{"damage":0,"enemies":"Replay:Hell Engine","floor":52,"turns":1}],"seed_played":"940867579716718381","potions_obtained":[{"floor":3,"key":"Block Potion"},{"floor":5,"key":"Energy Potion"},{"floor":7,"key":"construct:ShiftPotion"},{"floor":21,"key":"Cursed Concoction"},{"floor":29,"key":"Strength Potion"},{"floor":32,"key":"Strength Potion"},{"floor":32,"key":"Energy Potion"},{"floor":32,"key":"Flashbang"},{"floor":37,"key":"SpeedPotion"},{"floor":50,"key":"Weak Potion"}],"is_trial":false,"path_per_floor":["M","?","M","?","M","R","M","R","T","$","M","PTL","PTL","R","?","M","R","B",null,"M","?","M","$","?","R","M","R","T","M","R","M","?","M","R_BF","B",null,"M","?","R","?","T","R","M","M","T","M","R","M","R","M","R","B",null],"character_chosen":"THE_SERVANT","items_purchased":["Defy","Unruled","jedi:arcanewood","Bronze Scales"],"campfire_rested":1,"item_purchase_floors":[10,10,23,23],"current_hp_per_floor":[65,65,65,65,65,65,58,58,58,58,52,52,52,52,52,52,52,18,65,60,60,58,58,58,58,48,48,48,37,56,54,54,59,59,43,65,65,65,63,63,63,61,37,37,44,49,49,54,54,54,54,54],"gold":376,"neow_bonus":"THREE_ENEMY_KILL","is_daily":false,"chose_seed":false,"campfire_upgraded":11,"win_rate":0.0,"timestamp":1613163319,"path_taken":["M","?","?","?","M","R","M","R","T","$","M","PTL","PTL","R","?","?","R","BOSS","M","?","M","$","?","R","?","R","T","M","R","M","?","M","R_BF","BOSS","M","?","?","?","?","R","M","M","T","M","R","M","R","M","R","BOSS"],"items_purchased_type":["Card","Card","Relic","Relic"],"build_version":"2020-12-22","purchased_purges":1,"victory":true,"max_hp_per_floor":[65,65,65,65,65,65,65,65,65,65,65,65,65,65,65,65,65,65,65,65,65,65,65,65,65,65,65,65,65,65,65,65,65,65,65,65,65,65,63,63,63,61,61,61,66,66,66,66,66,66,66,64],"card_choices":[{"not_picked":["Reset","Alleviate"],"picked":"DoubleEdge","floor":1},{"not_picked":["FastForward","Collapse"],"picked":"Unruled","floor":3},{"not_picked":["Orbit","FanOfKnives"],"picked":"DoubleEdge","floor":5},{"not_picked":["TimeWarp","Rewind","Ricochet"],"picked":"SKIP","floor":7},{"not_picked":["Rewind","Sunlight","FanOfKnives"],"picked":"SKIP","floor":11},{"not_picked":["TimeWarp","InstantArmor","StarChef"],"picked":"SKIP","floor":16},{"not_picked":["SilverMatrix","FloweringNight"],"picked":"MurderousAura","floor":18},{"not_picked":["Potential","RealityMarble","Rewind"],"picked":"SKIP","floor":20},{"not_picked":["Potential","Shuttle"],"picked":"Spin","floor":21},{"not_picked":["TimeWarp","Replace"],"picked":"FastForward","floor":21},{"not_picked":["Alleviate","FanOfKnives"],"picked":"Spin","floor":22},{"not_picked":["Rewind+1","BottledTime"],"picked":"DoubleEdge","floor":26},{"not_picked":["Replace","FastForward"],"picked":"Unruled","floor":29},{"not_picked":["FastForward","ShatteredReality"],"picked":"Duplication","floor":31},{"not_picked":["TimeWarp+1","Reset"],"picked":"Defy+1","floor":33},{"not_picked":["ForgedInTime","SoulSculpture"],"picked":"Duplication","floor":35},{"not_picked":["DualDimension","ShatteredReality","WasteNot+1"],"picked":"SKIP","floor":37},{"not_picked":["Sabotage+1","ShatteredReality","WasteNot+1"],"picked":"SKIP","floor":43},{"not_picked":["InstantArmor+1","ReturningBlade+1"],"picked":"DoubleEdge","floor":44},{"not_picked":["Read","BottledTime"],"picked":"Spin","floor":46},{"not_picked":["Revamp+1","Rewind+1","Advance"],"picked":"SKIP","floor":48},{"not_picked":["Initiator","Misdirection","Manipulate+1"],"picked":"SKIP","floor":50}],"player_experience":406767,"relics_obtained":[{"floor":9,"key":"Potion Belt"},{"floor":21,"key":"ReplayTheSpireMod:TigerMarble"},{"floor":28,"key":"aspiration:EmptySkull"},{"floor":32,"key":"ReplayTheSpireMod:Ring of Addiction"},{"floor":32,"key":"Ring of Peace"},{"floor":32,"key":"Toy Ornithopter"},{"floor":32,"key":"hubris:EmptyBottle"},{"floor":41,"key":"StuffTheSpire:GrapeVine"},{"floor":45,"key":"StuffTheSpire:CocoNut"}],"event_choices":[{"damage_healed":0,"gold_gain":0,"player_choice":"Ignored","damage_taken":0,"max_hp_gain":0,"max_hp_loss":0,"event_name":"NoteForYourself","floor":2,"gold_loss":0},{"cards_removed":["Strike_S"],"damage_healed":0,"gold_gain":0,"player_choice":"Card Removal","damage_taken":0,"max_hp_gain":0,"max_hp_loss":0,"event_name":"The Cleric","floor":4,"gold_loss":50},{"damage_healed":0,"gold_gain":275,"player_choice":"Desecrate","damage_taken":0,"max_hp_gain":0,"max_hp_loss":0,"event_name":"Golden Shrine","floor":15,"gold_loss":0,"cards_obtained":["Regret"]},{"damage_healed":0,"gold_gain":0,"player_choice":"Simplicity","damage_taken":0,"max_hp_gain":0,"max_hp_loss":0,"event_name":"Back to Basics","floor":24,"gold_loss":0,"cards_upgraded":["Strike_S","Strike_S","Strike_S","Defend_S","Defend_S","Defend_S","Defend_S"]},{"damage_healed":0,"gold_gain":0,"player_choice":"Upgraded Two","damage_taken":0,"max_hp_gain":0,"max_hp_loss":0,"event_name":"Designer","floor":38,"gold_loss":40,"cards_upgraded":["DoubleEdge","FastForward"]}],"is_beta":false,"boss_relics":[{"not_picked":["hubris:GrandSneckoEye","beaked:MawFillet"],"picked":"conspire:SeveredTorchhead"},{"not_picked":["aspiration:SilentSkillbook","SacredBark"],"picked":"energizedSpire:DeadBattery"}],"items_purged_floors":[23],"is_endless":false,"potions_floor_spawned":[3,5,7,29,33,37,43,50],"ascension_level":0}}