{"host":"xltl1aroowo69o4n","time":1613112066,"event":{"mods":["BaseMod","Colored Map","Colored Powertips","Downfall","Marisa????????","Minty Spire (QoL Compilation)","Replay The Spire","StSLib","The Cursed","The Hierophant","The Mystic","The Necromancer","The Servant 0.9.4"],"gold_per_floor":[115,115,140,151,165,165,165,165,165,198,213,225,243,254,254,356,356,366,366,382,396,415,415,0,0,24,34,53,53,73,88,88,186,186,197,215,125,125,125],"floor_reached":38,"language":"ENG","playtime":2239,"items_purged":[],"score":384,"play_id":"28209a47-3580-4a23-b934-b86b4bb48d07","local_time":"20210212014106","is_ascension_mode":false,"campfire_choices":[{"data":"mysticmod:EarthenWall","floor":6,"key":"SMITH"},{"floor":8,"key":"REST"},{"floor":23,"key":"REST"},{"floor":29,"key":"REST"},{"floor":32,"key":"REST"}],"circlet_count":0,"master_deck":["mysticmod:Strike_Mystic","mysticmod:Strike_Mystic","mysticmod:Defend_Mystic","mysticmod:Defend_Mystic+1","mysticmod:Defend_Mystic+1","mysticmod:ArcaneDodge","mysticmod:ShockingGrasp","mysticmod:EarthenWall+1","mysticmod:MagicMissile+1","mysticmod:MagicWeapon","mysticmod:HeavyStrike","mysticmod:PowerSlash","mysticmod:KeenEdge","mysticmod:Probe","mysticmod:FiveFootStep+1","mysticmod:SpontaneousCaster","mysticmod:GreaterInvisibility","mysticmod:ChargedParry+1","mysticmod:BulkUp+1","mysticmod:Stoneskin+1","mysticmod:Grapple","mysticmod:CureLightWounds","Metamorphosis","mysticmod:TomeOfSpells+1","mysticmod:StyleChange+1","mysticmod:PowerSlash","mysticmod:BladeMaster","mysticmod:MysticalShield","AbeCurse","mysticmod:CorrosiveTouch+1","mysticmod:ComponentsPouch+1"],"relics":["mysticmod:SpellBook","Bronze Scales","Replay:Bottled Snecko","Replay:WaspNest","Snecko Heart","Vajra","Ginger","PreservedInsect","Replay:Grab Bag","ReplayTheSpireMod:DimensionalGlitch","Abe\u0027s Treasure","SlaversCollar"],"acts_visited":["Exordium","TheCity","TheBeyond"],"potions_floor_usage":[22,30,33,33,33,33,33,33,35],"damage_taken":[{"damage":4,"enemies":"Cultist","floor":1,"turns":4},{"damage":1,"enemies":"Jaw Worm","floor":4,"turns":4},{"damage":2,"enemies":"Small Slimes","floor":5,"turns":3},{"damage":21,"enemies":"3 Sentries","floor":10,"turns":10},{"damage":3,"enemies":"Looter","floor":11,"turns":2},{"damage":0,"enemies":"Lots of Slimes","floor":12,"turns":3},{"damage":0,"enemies":"3 Louse","floor":13,"turns":3},{"damage":0,"enemies":"Looter","floor":14,"turns":2},{"damage":15,"enemies":"The Guardian","floor":16,"turns":6},{"damage":17,"enemies":"Shell Parasite","floor":18,"turns":5},{"damage":1,"enemies":"2 Thieves","floor":20,"turns":3},{"damage":26,"enemies":"Snecko","floor":21,"turns":5},{"damage":16,"enemies":"Shelled Parasite and Fungi","floor":22,"turns":5},{"damage":8,"enemies":"Centurion and Healer","floor":27,"turns":4},{"damage":0,"enemies":"Chosen and Byrds","floor":28,"turns":3},{"damage":6,"enemies":"Snecko","floor":30,"turns":4},{"damage":0,"enemies":"Snake Plant","floor":31,"turns":4},{"damage":62,"enemies":"Automaton","floor":33,"turns":12},{"damage":43,"enemies":"3 Darklings","floor":35,"turns":5},{"damage":33,"enemies":"3 Shapes","floor":36,"turns":4},{"damage":6,"enemies":"Maw","floor":38,"turns":2}],"seed_played":"-7748683523771814846","potions_obtained":[{"floor":0,"key":"Milkshake"},{"floor":0,"key":"Elixir"},{"floor":0,"key":"Weak Potion"},{"floor":4,"key":"Venom Potion"},{"floor":5,"key":"Reflective Coating"},{"floor":27,"key":"SteroidPotion"},{"floor":28,"key":"EntropicBrew"},{"floor":30,"key":"SmokeBomb"},{"floor":31,"key":"Block Potion"},{"floor":33,"key":"Block Potion"}],"is_trial":false,"path_per_floor":["M","?","T","M","M","R","?","R","T","E","M","M","M","M","R_BF","B",null,"M","?","M","M","M","R","$","?","T","M","M","R","M","M","R","B",null,"M","M","?","M"],"character_chosen":"MYSTIC_CLASS","items_purchased":["mysticmod:CureLightWounds","Vajra","Metamorphosis"],"campfire_rested":4,"item_purchase_floors":[24,24,24],"current_hp_per_floor":[73,73,73,72,70,70,55,77,77,56,53,53,53,53,76,61,77,60,60,59,33,17,40,40,40,40,34,34,57,51,54,77,18,77,36,5,5,0,0],"gold":125,"neow_bonus":"THREE_SMALL_POTIONS","is_daily":false,"chose_seed":false,"campfire_upgraded":1,"win_rate":0.0,"timestamp":1613112066,"path_taken":["M","?","?","M","M","R","?","R","T","E","M","M","M","M","R_BF","BOSS","M","?","M","?","M","R","$","?","T","M","M","R","M","M","R","BOSS","M","M","?","?"],"items_purchased_type":["Card","Relic","Card"],"build_version":"2020-12-13","purchased_purges":0,"victory":false,"max_hp_per_floor":[77,77,77,77,77,77,77,77,77,77,77,77,77,77,77,77,77,77,77,77,77,77,77,77,77,77,77,77,77,77,77,77,77,77,77,77,77,77,77],"card_choices":[{"not_picked":["mysticmod:Snowball","mysticmod:DiviningBlow"],"picked":"mysticmod:EarthenWall","floor":1},{"not_picked":["mysticmod:PreparedCaster","mysticmod:Flurry"],"picked":"mysticmod:MagicWeapon","floor":4},{"not_picked":["mysticmod:PowerSlash","mysticmod:EarthenWall"],"picked":"mysticmod:HeavyStrike","floor":5},{"not_picked":["mysticmod:Disengage","mysticmod:PureInstinct"],"picked":"mysticmod:PowerSlash","floor":10},{"not_picked":["mysticmod:PureInstinct","mysticmod:DiviningBlow"],"picked":"mysticmod:KeenEdge","floor":11},{"not_picked":["mysticmod:SuddenClarity","mysticmod:Daze"],"picked":"mysticmod:Probe","floor":12},{"not_picked":["mysticmod:HunkerDown","mysticmod:Probe"],"picked":"mysticmod:FiveFootStep","floor":13},{"not_picked":["mysticmod:LightningBolt","mysticmod:HunkerDown"],"picked":"mysticmod:SpontaneousCaster","floor":14},{"not_picked":["mysticmod:Haste","mysticmod:ClosingBarrage"],"picked":"mysticmod:GreaterInvisibility","floor":16},{"not_picked":["mysticmod:BulkUp+1","mysticmod:Probe+1"],"picked":"mysticmod:ChargedParry+1","floor":18},{"not_picked":["mysticmod:LightningBolt","mysticmod:DiviningBlow"],"picked":"mysticmod:BulkUp+1","floor":20},{"not_picked":["mysticmod:PowerSlash+1","mysticmod:BulkUp"],"picked":"mysticmod:Stoneskin","floor":21},{"not_picked":["mysticmod:Spellstrike","mysticmod:HunkerDown"],"picked":"mysticmod:Grapple","floor":22},{"not_picked":["mysticmod:CorrosiveTouch","mysticmod:Probe"],"picked":"mysticmod:TomeOfSpells+1","floor":27},{"not_picked":["mysticmod:MightyMagic","mysticmod:TomeOfSpells"],"picked":"mysticmod:StyleChange+1","floor":28},{"not_picked":["mysticmod:BulkUp+1","mysticmod:ArcaneAccuracy"],"picked":"mysticmod:PowerSlash","floor":30},{"not_picked":["mysticmod:EnergizedRift","mysticmod:BulkUp+1"],"picked":"mysticmod:BladeMaster","floor":31},{"not_picked":["mysticmod:SpontaneousCaster","mysticmod:KnowledgePool"],"picked":"mysticmod:MysticalShield","floor":33},{"not_picked":["mysticmod:Probe","mysticmod:HunkerDown+1"],"picked":"mysticmod:CorrosiveTouch+1","floor":35},{"not_picked":["mysticmod:Daze+1","mysticmod:IllusionOfCalm+1"],"picked":"mysticmod:ComponentsPouch+1","floor":36}],"player_experience":186179,"relics_obtained":[{"floor":3,"key":"Bronze Scales"},{"floor":9,"key":"Replay:Bottled Snecko"},{"floor":10,"key":"Replay:WaspNest"},{"floor":26,"key":"PreservedInsect"}],"event_choices":[{"damage_healed":0,"gold_gain":0,"player_choice":"Entered Light","damage_taken":15,"max_hp_gain":0,"max_hp_loss":0,"event_name":"Shining Light","floor":7,"gold_loss":0,"cards_upgraded":["mysticmod:Defend_Mystic","mysticmod:Defend_Mystic"]},{"cards_removed":["mysticmod:Strike_Mystic"],"damage_healed":0,"gold_gain":0,"player_choice":"Purged","damage_taken":0,"max_hp_gain":0,"max_hp_loss":0,"event_name":"Purifier","floor":19,"gold_loss":0},{"cards_removed":["mysticmod:Strike_Mystic"],"damage_healed":0,"gold_gain":0,"player_choice":"Upgrade and Remove","damage_taken":0,"max_hp_gain":0,"max_hp_loss":0,"event_name":"Designer","floor":37,"gold_loss":90,"cards_upgraded":["mysticmod:Stoneskin"]}],"is_beta":false,"boss_relics":[{"not_picked":["Philosopher\u0027s Stone","Sozu"],"picked":"Snecko Heart"},{"not_picked":["Cursed Key","Busted Crown"],"picked":"Replay:Grab Bag"},{"not_picked":["Coffee Dripper","ReplayTheSpireMod:Onyx Gauntlets"],"picked":"ReplayTheSpireMod:DimensionalGlitch"},{"not_picked":["Replay:Wanted Poster","Runic Dome"],"picked":"Abe\u0027s Treasure"},{"not_picked":["Replay:Drink Me","Black Star"],"picked":"SlaversCollar"}],"items_purged_floors":[],"is_endless":false,"potions_floor_spawned":[4,5,10,12,20,27,28,30,31,33],"killed_by":"Maw","ascension_level":0}}