{"host":"z8k0b1oqxoiri7b9","time":1613137328,"event":{"mods":["AchievementEnabler","BaseMod","Downfall","Minty Spire (QoL Compilation)","StSLib"],"gold_per_floor":[99,549,564,638,653,371,371,371,51,67,78,91,91,107,123,226,276,276,291,151,251,262,273,273,292,292,310,322,322,322,322],"floor_reached":29,"language":"ENG","playtime":2037,"items_purged":["downfall:Icky","downfall:Icky","downfall:Icky"],"score":246,"play_id":"812fd8c5-34fa-4d09-8c4b-5a5d694b059f","local_time":"20210212214208","is_ascension_mode":false,"campfire_choices":[],"circlet_count":0,"master_deck":["sneckomod:Strike","sneckomod:Strike","sneckomod:Strike","sneckomod:Defend","sneckomod:Defend","sneckomod:Defend","sneckomod:TailWhip","sneckomod:SnekBite","BootSequence","sneckomod:QuickMove","sneckomod:Nope","sneckomod:SnakeSap","sneckomod:SoulDraw","expansioncontent:QuickStudy","sneckomod:QuickBite+1","Offering","Glacier","sneckomod:Unknown0Cost","sneckomod:UnknownDraw","sneckomod:Unknown0Cost"],"relics":["sneckomod:SneckoSoul","Blue Candle","Shuriken","Tiny House","Turnip","Bottled Lightning","HornCleat"],"acts_visited":["Exordium","TheCity"],"potions_floor_usage":[15,28,29,29],"damage_taken":[{"damage":4,"enemies":"2 Louse","floor":3,"turns":3},{"damage":0,"enemies":"Jaw Worm","floor":5,"turns":4},{"damage":0,"enemies":"downfall:FleeingMerchant","floor":6,"turns":4},{"damage":6,"enemies":"downfall:FleeingMerchant","floor":9,"turns":4},{"damage":0,"enemies":"Small Slimes","floor":10,"turns":2},{"damage":0,"enemies":"Blue Slaver","floor":11,"turns":2},{"damage":0,"enemies":"Exordium Wildlife","floor":12,"turns":3},{"damage":7,"enemies":"Exordium Thugs","floor":14,"turns":3},{"damage":8,"enemies":"Blue Slaver","floor":15,"turns":3},{"damage":60,"enemies":"IC_STATUS_ARCHETYPE","floor":16,"turns":9},{"damage":11,"enemies":"Spheric Guardian","floor":19,"turns":6},{"damage":12,"enemies":"downfall:FleeingMerchant","floor":20,"turns":4},{"damage":14,"enemies":"WA_ARCHETYPE_RETAIN","floor":21,"turns":7},{"damage":6,"enemies":"3 Byrds","floor":22,"turns":4},{"damage":12,"enemies":"Snecko","floor":23,"turns":3},{"damage":6,"enemies":"3 Cultists","floor":25,"turns":4},{"damage":12,"enemies":"Centurion and Healer","floor":27,"turns":5},{"damage":17,"enemies":"Cultist and Chosen","floor":28,"turns":6},{"damage":55,"enemies":"Book of Stabbing","floor":29,"turns":8}],"seed_played":"-601652483113049044","potions_obtained":[{"floor":3,"key":"Guardian:BlockOnCardUsePotion"},{"floor":12,"key":"SteroidPotion"},{"floor":15,"key":"Fruit Juice"},{"floor":17,"key":"Slimebound:ThreeZeroPotion"},{"floor":21,"key":"sneckomod:OffclassReductionPotion"}],"is_trial":false,"path_per_floor":["R","?","M","T","M","$","T","?","$","M","M","M","R","M","M","B",null,"R","M","$","?","M","M","T","M","T","M","M","E"],"character_chosen":"THE_SNECKO","items_purchased":["sneckomod:Unknown0Cost","sneckomod:SnakeSap","sneckomod:SoulDraw","expansioncontent:QuickStudy","sneckomod:QuickBite"],"campfire_rested":0,"item_purchase_floors":[6,6,6,9,9],"current_hp_per_floor":[99,99,95,95,95,95,95,100,94,94,94,94,94,87,84,24,114,114,103,91,77,71,59,59,53,53,41,24,0,0,0],"gold":322,"neow_bonus":"TEN_PERCENT_HP_BONUS","is_daily":false,"chose_seed":false,"campfire_upgraded":0,"win_rate":0.0,"timestamp":1613137328,"path_taken":["R","?","M","?","M","$","T","?","?","M","?","M","R","M","M","BOSS","R","M","$","?","M","M","T","M","?","M","M","E"],"items_purchased_type":["Card","Card","Card","Card","Card"],"build_version":"2020-12-22","purchased_purges":3,"victory":false,"max_hp_per_floor":[99,99,99,99,99,99,99,104,104,104,104,104,104,104,109,109,114,114,114,114,114,114,114,114,114,114,114,114,114,114,114],"card_choices":[{"not_picked":["sneckomod:UnknownWeak","sneckomod:SnekBeam"],"picked":"sneckomod:QuickMove","floor":3},{"not_picked":["sneckomod:UnknownVulnerable","sneckomod:MasterEye","sneckomod:SoulRoll"],"picked":"SKIP","floor":5},{"not_picked":["sneckomod:ImprovisedAttack","sneckomod:SoulRoll"],"picked":"sneckomod:Nope","floor":6},{"not_picked":["sneckomod:QuickMove","sneckomod:UnknownUncommonAttack","sneckomod:Nope"],"picked":"SKIP","floor":9},{"not_picked":["sneckomod:UnknownUncommonPower","sneckomod:UnknownBlock","sneckomod:WideSting"],"picked":"SKIP","floor":10},{"not_picked":["sneckomod:DangerNoodle","sneckomod:SerpentIdol","sneckomod:Nope"],"picked":"SKIP","floor":11},{"not_picked":["sneckomod:DiceBlock","sneckomod:IronFang","sneckomod:UnknownUncommonSkill"],"picked":"SKIP","floor":12},{"not_picked":["sneckomod:SoulDraw","sneckomod:UnknownExhaust","sneckomod:SoulCleanse"],"picked":"SKIP","floor":14},{"not_picked":["sneckomod:UnknownStrike","sneckomod:DiceBoulder","sneckomod:UnknownWeak"],"picked":"SKIP","floor":15},{"not_picked":["sneckomod:RainOfDice","sneckomod:UnknownVulnerable","sneckomod:UnknownUncommonAttack"],"picked":"SKIP","floor":19},{"not_picked":["sneckomod:UnknownX","sneckomod:Unknown1Cost","sneckomod:DiceBoulder"],"picked":"SKIP","floor":20},{"not_picked":["sneckomod:DiceCrush","sneckomod:UnknownWeak+1"],"picked":"sneckomod:Unknown0Cost","floor":21},{"not_picked":["sneckomod:SoulDraw","sneckomod:Nope+1","sneckomod:UnknownCommonSkill"],"picked":"SKIP","floor":22},{"not_picked":["sneckomod:UnknownVulnerable","sneckomod:UnknownX","sneckomod:ImprovisedAttack+1"],"picked":"SKIP","floor":23},{"not_picked":["sneckomod:UnknownWeak","sneckomod:SoulRoll","sneckomod:DiceCrush"],"picked":"SKIP","floor":25},{"not_picked":["sneckomod:UnknownClassGREEN","sneckomod:Unknown1Cost"],"picked":"sneckomod:UnknownDraw","floor":27},{"not_picked":["sneckomod:SoulRoll","sneckomod:TrashToTreasure+1"],"picked":"sneckomod:Unknown0Cost","floor":28}],"player_experience":185627,"relics_obtained":[{"floor":4,"key":"Blue Candle"},{"floor":7,"key":"Shuriken"},{"floor":21,"key":"Turnip"},{"floor":21,"key":"Bottled Lightning"},{"floor":26,"key":"HornCleat"}],"event_choices":[{"damage_healed":0,"gold_gain":0,"player_choice":"Donut","damage_taken":0,"max_hp_gain":5,"max_hp_loss":0,"event_name":"Big Fish","floor":8,"gold_loss":0}],"is_beta":false,"boss_relics":[{"not_picked":["Cursed Key","SlaversCollar"],"picked":"Tiny House"}],"items_purged_floors":[6,9,20],"is_endless":false,"potions_floor_spawned":[3,12,15,21,22,23,25],"killed_by":"Book of Stabbing","ascension_level":0}}