{"host":"prxrhpgaxnj4om9r","time":1613139013,"event":{"mods":["AchievementEnabler","BaseMod","DeckTracker","Keyboard Shortcuts","Minty Spire (QoL Compilation)"],"gold_per_floor":[14,28,28,28,28,28,59,59,59,73,101,121,133,133,133,133,133],"floor_reached":16,"language":"KOR","playtime":611,"items_purged":[],"score":132,"play_id":"ba3cc263-84f0-4760-98c7-2772381e9b1a","local_time":"20210212231013","is_ascension_mode":true,"campfire_choices":[{"floor":6,"key":"REST"},{"floor":8,"key":"REST"},{"floor":15,"key":"REST"}],"circlet_count":0,"master_deck":["Strike_P","Strike_P","Strike_P","Strike_P","Defend_P","Defend_P","Defend_P","Defend_P","Eruption+1","Vigilance","Consecrate","Wireheading","ClearTheMind","Halt","CutThroughFate","Pray","Injury"],"relics":["PureWater","StoneCalendar","Bird Faced Urn","Oddly Smooth Stone","Pear","InkBottle","Golden Idol"],"acts_visited":["Exordium"],"potions_floor_usage":[11,12,16],"damage_taken":[{"damage":24,"enemies":"Jaw Worm","floor":1,"turns":2},{"damage":1,"enemies":"2 Louse","floor":2,"turns":2},{"damage":53,"enemies":"Gremlin Nob","floor":7,"turns":5},{"damage":2,"enemies":"Small Slimes","floor":10,"turns":4},{"damage":13,"enemies":"3 Sentries","floor":11,"turns":7},{"damage":6,"enemies":"2 Fungi Beasts","floor":12,"turns":3},{"damage":22,"enemies":"Exordium Thugs","floor":13,"turns":3},{"damage":36,"enemies":"Hexaghost","floor":16,"turns":4}],"seed_played":"5667192003817638785","potions_obtained":[{"floor":10,"key":"Weak Potion"},{"floor":11,"key":"PowerPotion"},{"floor":13,"key":"EssenceOfSteel"}],"is_trial":false,"path_per_floor":["M","M","?","?","$","R","E","R","T","M","E","M","M","?","R","B"],"character_chosen":"WATCHER","items_purchased":[],"campfire_rested":3,"item_purchase_floors":[],"current_hp_per_floor":[48,47,47,44,44,65,14,35,45,45,34,30,8,8,32,0,0],"gold":133,"neow_bonus":"ONE_RARE_RELIC","is_daily":false,"chose_seed":false,"campfire_upgraded":0,"win_rate":0.0,"timestamp":1613139013,"path_taken":["M","M","?","?","$","R","E","R","T","?","E","M","M","?","R","BOSS"],"items_purchased_type":[],"build_version":"2020-12-22","purchased_purges":0,"victory":false,"max_hp_per_floor":[72,72,72,72,72,72,72,72,82,82,82,82,82,82,82,82,82],"card_choices":[{"not_picked":["EmptyBody","Protect"],"picked":"Consecrate","floor":1},{"not_picked":["Swivel","ThirdEye"],"picked":"Wireheading","floor":2},{"not_picked":["PathToVictory","Collect"],"picked":"ClearTheMind","floor":7},{"not_picked":["Pray","CutThroughFate"],"picked":"Halt","floor":10},{"not_picked":["Meditate","Crescendo"],"picked":"CutThroughFate","floor":11},{"not_picked":["Weave","ThirdEye","PathToVictory"],"picked":"SKIP","floor":12},{"not_picked":["Establishment","SashWhip"],"picked":"Pray","floor":13}],"player_experience":409731,"relics_obtained":[{"floor":7,"key":"Oddly Smooth Stone"},{"floor":9,"key":"Pear"},{"floor":11,"key":"InkBottle"}],"event_choices":[{"damage_healed":0,"gold_gain":0,"player_choice":"Grow","damage_taken":0,"max_hp_gain":0,"max_hp_loss":0,"event_name":"Living Wall","floor":3,"gold_loss":0,"cards_upgraded":["Eruption"]},{"damage_healed":0,"gold_gain":0,"player_choice":"Success","damage_taken":3,"relics_obtained":["Bird Faced Urn"],"max_hp_gain":0,"max_hp_loss":0,"event_name":"Scrap Ooze","floor":4,"gold_loss":0},{"damage_healed":0,"gold_gain":0,"player_choice":"Take Wound","damage_taken":0,"relics_obtained":["Golden Idol"],"max_hp_gain":0,"max_hp_loss":0,"event_name":"Golden Idol","floor":14,"gold_loss":0,"cards_obtained":["Injury"]}],"is_beta":false,"boss_relics":[],"items_purged_floors":[],"is_endless":false,"potions_floor_spawned":[10,11,13],"killed_by":"Hexaghost","ascension_level":4}}