{"host":"s24sb66hw4a4sfft","time":1613117671,"event":{"mods":["AchievementEnabler","BaseMod","Colored Map","Colored Powertips","Googly Eyes","Hermit","Hubris","Minty Spire (QoL Compilation)","Quick Restart","Shop Mod","StSLib"],"gold_per_floor":[119,133,145,320,337,337,337],"floor_reached":6,"language":"ENG","playtime":185,"items_purged":[],"score":38,"play_id":"1db277cc-dfe7-41b6-aeb6-55af54ed208c","local_time":"20210212031431","is_ascension_mode":false,"campfire_choices":[],"circlet_count":0,"master_deck":["hermit:Strike_Hermit","hermit:Strike_Hermit","hermit:Strike_Hermit","hermit:Strike_Hermit","hermit:Defend_Hermit","hermit:Defend_Hermit","hermit:Defend_Hermit","hermit:Defend_Hermit","hermit:Snapshot","hermit:Covet","hermit:Quickdraw","hermit:SprayPray","hermit:Glare","Doubt","hermit:Horror"],"relics":["hermit:Momento","NeowsBlessing"],"acts_visited":["Exordium"],"potions_floor_usage":[],"damage_taken":[{"damage":0,"enemies":"Jaw Worm","floor":1,"turns":1},{"damage":0,"enemies":"Small Slimes","floor":2,"turns":1},{"damage":0,"enemies":"2 Louse","floor":3,"turns":1},{"damage":4,"enemies":"Blue Slaver","floor":5,"turns":4},{"damage":80,"enemies":"Gremlin Nob","floor":6,"turns":5}],"seed_played":"7899490066439397569","potions_obtained":[{"floor":5,"key":"GamblersBrew"}],"is_trial":false,"path_per_floor":["M","M","M","?","M","E"],"character_chosen":"HERMIT","items_purchased":[],"campfire_rested":0,"item_purchase_floors":[],"current_hp_per_floor":[75,75,75,75,71,0,0],"gold":337,"neow_bonus":"THREE_ENEMY_KILL","is_daily":false,"chose_seed":false,"campfire_upgraded":0,"win_rate":0.0,"timestamp":1613117671,"path_taken":["M","M","M","?","M","E"],"items_purchased_type":[],"build_version":"2020-12-22","purchased_purges":0,"victory":false,"max_hp_per_floor":[75,75,75,75,75,75,75],"card_choices":[{"not_picked":["hermit:Misfire","hermit:CalledShot"],"picked":"hermit:Quickdraw","floor":1},{"not_picked":["hermit:HighCaliber","hermit:CalledShot"],"picked":"hermit:SprayPray","floor":2},{"not_picked":["hermit:TakeCover","hermit:Horror"],"picked":"hermit:Glare","floor":3},{"not_picked":["hermit:Vantage","hermit:Misfire"],"picked":"hermit:Horror","floor":5}],"player_experience":628928,"relics_obtained":[],"event_choices":[{"damage_healed":0,"gold_gain":175,"player_choice":"AGREE","damage_taken":0,"max_hp_gain":0,"max_hp_loss":0,"event_name":"Liars Game","floor":4,"gold_loss":0,"cards_obtained":["Doubt"]}],"is_beta":false,"boss_relics":[],"items_purged_floors":[],"is_endless":false,"potions_floor_spawned":[5],"killed_by":"Gremlin Nob","ascension_level":0}}