{"host":"17xjy7b7ubl548g2","time":1613117497,"event":{"mods":["2.2 Compatiblity","Act Like it!","Aspiration","Astrologer","Bard","BaseMod","Challenge The Spire","ChefMod","Colored Map","Colored Powertips","Conspire","Elementarium","Energized Spire","Gensokyo","GifTheSpireLib","Halation","Hallownest","Hermit","Hubris","Infinite Spire","Jedi Mod","Jorbs\u0027s Wanderer Trilogy","Marisa（霧雨　魔理沙）","Marked Mod","Menagerie","Minty Spire (QoL Compilation)","Permanent Neow","Reliquary","Replay The Spire","Robot Space Explorer","Spicy Shops","Spire Arcade","StSLib","Stuff the Spire","The Blue Laboratory","The Bug Knight","The Construct","The Disciple","The Exalted","The Hayseed","The Hierophant","The Marked","The Runesmith","The Sage","TheFirefly"],"gold_per_floor":[117,133,133,150,39,66,76,109,134,148,148,163,163,163,163,268,268,288,304,304,304,304],"floor_reached":21,"language":"ENG","playtime":1886,"items_purged":["Bromod:Strike_Bro"],"score":290,"play_id":"e27e73df-1383-4be9-96c4-bcffbfcf4a94","local_time":"20210212031137","is_ascension_mode":true,"campfire_choices":[{"data":"Bromod:SteelFiber","floor":11.0,"key":"SMITH"},{"floor":13.0,"key":"REST"},{"data":"Bromod:OrganShatter","floor":15.0,"key":"SMITH"}],"circlet_count":0,"master_deck":["Bromod:Strike_Bro","Bromod:Defend_Bro","Bromod:Defend_Bro","Bromod:Defend_Bro","Bromod:SlashDash","Bromod:ReflexCoil","Bromod:Reflection","Bromod:Vitality+1","Bromod:SlashDash","Bromod:SlashDash","Bromod:SteelFiber+1","Bromod:OrganShatter+1","Bromod:ContagiousSpread","Bromod:NorthWind","Bromod:SlashDash","Bromod:VoltaicStrike","hubris:DuctTapeCard","Bromod:BulletJump+1","Bromod:BulletJump"],"relics":["Bromod:Ordis","Bromod:AscarisDevice","hubris:DuctTape","Letter Opener","Akabeko","Bromod:ArcaneEnergize"],"acts_visited":["Exordium","TheCity"],"potions_floor_usage":[18,19,21],"damage_taken":[{"damage":4.0,"enemies":"Jaw Worm","floor":1.0,"turns":4.0},{"damage":0.0,"enemies":"conspire:RoseBush","floor":2.0,"turns":3.0},{"damage":0.0,"enemies":"Small Slimes","floor":4.0,"turns":2.0},{"damage":21.0,"enemies":"Lagavulin","floor":6.0,"turns":7.0},{"damage":1.0,"enemies":"Exordium Thugs","floor":7.0,"turns":5.0},{"damage":15.0,"enemies":"3 Sentries","floor":8.0,"turns":14.0},{"damage":0.0,"enemies":"Exordium Wildlife","floor":10.0,"turns":2.0},{"damage":15.0,"enemies":"2 Fungi Beasts","floor":12.0,"turns":3.0},{"damage":0.0,"enemies":"The Guardian","floor":16.0,"turns":8.0},{"damage":4,"enemies":"Chosen","floor":18,"turns":4},{"damage":19,"enemies":"Shell Parasite","floor":19,"turns":4},{"damage":17,"enemies":"Snake Plant","floor":21,"turns":3}],"seed_played":"5201055353799030835","potions_obtained":[{"floor":1.0,"key":"blueLaboratory:RecallPotion"},{"floor":6.0,"key":"ColorlessPotion"},{"floor":7.0,"key":"blueLaboratory:LouseDecoction"},{"floor":8.0,"key":"blueLaboratory:ImpenetrablePotion"},{"floor":12.0,"key":"FearPotion"},{"floor":18,"key":"SkillPotion"},{"floor":19,"key":"blueLaboratory:FrostheartPotion"}],"is_trial":false,"path_per_floor":["M","M","?","M","$","E","M","E","T","M","R","M","R","?","R","B",null,"M","M","?","M"],"character_chosen":"THE_EXALTED","items_purchased":["Bromod:SlashDash"],"campfire_rested":1,"item_purchase_floors":[5],"current_hp_per_floor":[64,64,58,58,58,37,36,21,21,21,21,6,26,26,26,26,68,64,45,45,28,28],"gold":304,"neow_bonus":"REMOVE_TWO","is_daily":false,"chose_seed":false,"campfire_upgraded":2,"win_rate":0.0,"timestamp":1613117497,"path_taken":["M","M","?","M","$","E","?","E","T","M","R","M","R","?","R","BOSS","M","M","?","?"],"items_purchased_type":["Card"],"build_version":"2020-12-22","purchased_purges":1,"victory":false,"max_hp_per_floor":[68,68,68,68,68,68,68,68,68,68,68,68,68,68,68,68,68,68,68,68,68,68],"card_choices":[{"not_picked":["Bromod:RelentlessCombination","Bromod:SeismicWave"],"picked":"Bromod:ReflexCoil","floor":1.0},{"not_picked":["Bromod:SteelCharge","Bromod:PressurePoint"],"picked":"Bromod:Reflection","floor":2.0},{"not_picked":["Bromod:PressurePoint","Bromod:ReflexCoil"],"picked":"Bromod:Vitality","floor":4.0},{"not_picked":["Bromod:PressurePoint","Bromod:RelentlessCombination"],"picked":"Bromod:SteelFiber","floor":6.0},{"not_picked":["Bromod:Stormbringer","Bromod:TacticalPump"],"picked":"Bromod:OrganShatter","floor":7.0},{"not_picked":["Bromod:Thunderbolt","Bromod:Provoked"],"picked":"Bromod:ContagiousSpread","floor":8.0},{"not_picked":["Bromod:ReflexCoil","Bromod:PointBlank"],"picked":"Bromod:NorthWind","floor":10.0},{"not_picked":["Bromod:PointStrike","Bromod:Redirection"],"picked":"Bromod:SlashDash","floor":12.0},{"not_picked":["Bromod:HellsChamber","Bromod:Intensify"],"picked":"Bromod:VoltaicStrike","floor":16.0},{"not_picked":["Bromod:PointStrike+1","Bromod:HeatedCharge+1"],"picked":"Bromod:BulletJump+1","floor":18},{"not_picked":["Bromod:TacticalPump","Bromod:OrganShatter"],"picked":"Bromod:BulletJump","floor":19}],"player_experience":2180641,"relics_obtained":[{"floor":6.0,"key":"hubris:DuctTape"},{"floor":8.0,"key":"Letter Opener"},{"floor":9.0,"key":"Akabeko"}],"event_choices":[{"damage_healed":0.0,"max_hp_gain":0.0,"max_hp_loss":0.0,"gold_gain":0.0,"event_name":"Wheel of Change","player_choice":"Damaged","floor":3.0,"gold_loss":0.0,"damage_taken":6.0},{"damage_healed":0.0,"max_hp_gain":0.0,"max_hp_loss":0.0,"gold_gain":0.0,"event_name":"Accursed Blacksmith","player_choice":"Forge","floor":14.0,"gold_loss":0.0,"damage_taken":0.0,"cards_upgraded":["hubris:DuctTapeCard"]},{"damage_healed":0,"gold_gain":0,"player_choice":"Upgraded","damage_taken":0,"max_hp_gain":0,"max_hp_loss":0,"event_name":"Upgrade Shrine","floor":20,"gold_loss":0,"cards_upgraded":["Bromod:Vitality"]}],"is_beta":false,"boss_relics":[{"not_picked":["energizedSpire:StickyHand","Sozu"],"picked":"Bromod:ArcaneEnergize"}],"items_purged_floors":[5],"is_endless":false,"potions_floor_spawned":[1,6,7,8,12,18,19],"killed_by":"Snake Plant","ascension_level":2}}