{"host":"61s3c1o1s4fng5dr","time":1613167762,"event":{"mods":["AchievementEnabler","Alarm Clock","AlwaysNeverKeys","BaseMod","Bestiary","Block Reminder","Colored Map","Googly Eyes","Highlight Path","Minty Spire (QoL Compilation)","Permanent Neow","Quick Restart","Random Character Button","Spire Birthday Party"],"gold_per_floor":[368,368,23,23,33,68,83,117,117,117,117],"floor_reached":10,"language":"ENG","playtime":690,"items_purged":[],"score":80,"play_id":"ba0533e3-e71f-49c3-81ea-2bdc0b30bbe9","local_time":"20210212170922","is_ascension_mode":true,"campfire_choices":[],"circlet_count":0,"master_deck":["Strike_R","Strike_R","Strike_R","Strike_R","Defend_R","Defend_R","Defend_R","Defend_R","Bash","Mayhem","Twin Strike","Armaments","Entrench","Anger"],"relics":["Burning Blood","Omamori","MealTicket","The Courier","Potion Belt"],"acts_visited":[],"potions_floor_usage":[6,8],"damage_taken":[{"damage":2,"enemies":"Small Slimes","floor":1,"turns":5},{"damage":11,"enemies":"2 Louse","floor":5,"turns":3},{"damage":49,"enemies":"Lagavulin","floor":6,"turns":6},{"damage":1,"enemies":"Cultist","floor":7,"turns":3},{"damage":28,"enemies":"3 Sentries","floor":8,"turns":10},{"damage":16,"enemies":"Lagavulin","floor":10,"turns":3}],"seed_played":"81287103858063579","potions_obtained":[{"floor":5,"key":"Regen Potion"},{"floor":7,"key":"Dexterity Potion"}],"is_trial":false,"path_per_floor":["M","?","$","?","M","E","M","E","T","E"],"character_chosen":"IRONCLAD","items_purchased":["Mayhem","Omamori"],"campfire_rested":0,"item_purchase_floors":[3,3],"current_hp_per_floor":[60,65,65,65,60,32,37,15,15,0,0],"gold":117,"neow_bonus":"TWO_FIFTY_GOLD","is_daily":false,"chose_seed":false,"campfire_upgraded":0,"win_rate":0.0,"timestamp":1613167762,"path_taken":["M","?","$","?","M","E","M","E","T","E"],"items_purchased_type":["Card","Relic"],"build_version":"2020-12-22","purchased_purges":0,"victory":false,"max_hp_per_floor":[80,85,85,85,85,85,85,85,85,85,85],"card_choices":[{"not_picked":["Warcry","Anger","Spot Weakness"],"picked":"SKIP","floor":1},{"not_picked":["Burning Pact","Headbutt","Clothesline"],"picked":"SKIP","floor":5},{"not_picked":["Wild Strike","Clash"],"picked":"Armaments","floor":6},{"not_picked":["Second Wind","Heavy Blade"],"picked":"Entrench","floor":7},{"not_picked":["Havoc","Disarm"],"picked":"Anger","floor":8}],"player_experience":440311,"relics_obtained":[{"floor":6,"key":"MealTicket"},{"floor":8,"key":"The Courier"},{"floor":9,"key":"Potion Belt"}],"event_choices":[{"damage_healed":0,"gold_gain":0,"player_choice":"Donut","damage_taken":0,"max_hp_gain":5,"max_hp_loss":0,"event_name":"Big Fish","floor":2,"gold_loss":0},{"damage_healed":0,"gold_gain":0,"cards_transformed":["Strike_R"],"player_choice":"Change","damage_taken":0,"max_hp_gain":0,"max_hp_loss":0,"event_name":"Living Wall","floor":4,"gold_loss":0,"cards_obtained":["Twin Strike"]}],"is_beta":false,"boss_relics":[],"items_purged_floors":[],"is_endless":false,"potions_floor_spawned":[5,7],"killed_by":"Lagavulin","ascension_level":1}}