{"host":"9l1knhxfturzliqa","time":1613106627,"event":{"mods":["AchievementEnabler","BaseMod","Colored Map","Colored Powertips","DeckTracker","Highlight Path","Keyboard Shortcuts","Minty Spire (QoL Compilation)","Random Character Button"],"gold_per_floor":[20,30,49,49,68,68,102,116,167,167,167],"floor_reached":10,"language":"KOR","playtime":237,"items_purged":[],"score":109,"play_id":"21ae0004-a10f-40fc-a9f7-78079535fc9c","local_time":"20210212141027","is_ascension_mode":true,"campfire_choices":[{"data":"Streamline","floor":6.0,"key":"SMITH"}],"circlet_count":0,"master_deck":["AscendersBane","Strike_B","Strike_B","Strike_B","Defend_B","Defend_B","Defend_B","Zap","Dualcast","Static Discharge","Turbo","Conserve Battery","Gash","Steam","Streamline+1","Double Energy","Go for the Eyes"],"relics":["Cracked Core","Golden Idol","White Beast Statue","Regal Pillow"],"acts_visited":["Exordium"],"potions_floor_usage":[10,10],"damage_taken":[{"damage":9.0,"enemies":"Jaw Worm","floor":1.0,"turns":3.0},{"damage":0.0,"enemies":"2 Louse","floor":2.0,"turns":2.0},{"damage":11.0,"enemies":"Small Slimes","floor":3.0,"turns":4.0},{"damage":13.0,"enemies":"Exordium Wildlife","floor":5.0,"turns":4.0},{"damage":13.0,"enemies":"3 Sentries","floor":7.0,"turns":6.0},{"damage":12.0,"enemies":"Looter","floor":8.0,"turns":3.0},{"damage":11,"enemies":"Gremlin Nob","floor":10,"turns":2}],"seed_played":"1833447084909801671","potions_obtained":[{"floor":1.0,"key":"SteroidPotion"},{"floor":7.0,"key":"EntropicBrew"}],"is_trial":false,"path_per_floor":["M","M","M","?","M","R","E","M","T","E"],"character_chosen":"DEFECT","items_purchased":[],"campfire_rested":0,"item_purchase_floors":[],"current_hp_per_floor":[59,59,48,48,35,35,22,10,10,0,0],"gold":167,"neow_bonus":"TRANSFORM_TWO_CARDS","is_daily":false,"chose_seed":false,"campfire_upgraded":1,"win_rate":0.0,"timestamp":1613106627,"path_taken":["M","M","M","?","M","R","E","M","T","E"],"items_purchased_type":[],"build_version":"2020-12-22","purchased_purges":0,"victory":false,"max_hp_per_floor":[75,75,75,69,69,69,69,69,69,69,69],"card_choices":[{"not_picked":["Reprogram","Static Discharge"],"picked":"Conserve Battery","floor":1.0},{"not_picked":["Redo","Rebound"],"picked":"Gash","floor":2.0},{"not_picked":["Cold Snap","Ball Lightning"],"picked":"Steam","floor":3.0},{"not_picked":["Reinforced Body","Barrage"],"picked":"Streamline","floor":5.0},{"not_picked":["Ball Lightning","Hologram"],"picked":"Double Energy","floor":7.0},{"not_picked":["Ball Lightning","Leap"],"picked":"Go for the Eyes","floor":8.0}],"player_experience":682417,"relics_obtained":[{"floor":7.0,"key":"White Beast Statue"},{"floor":9.0,"key":"Regal Pillow"}],"event_choices":[{"damage_healed":0.0,"max_hp_gain":0.0,"max_hp_loss":6.0,"gold_gain":0.0,"event_name":"Golden Idol","player_choice":"Lose Max HP","floor":4.0,"gold_loss":0.0,"damage_taken":0.0,"relics_obtained":["Golden Idol"]}],"is_beta":false,"boss_relics":[],"items_purged_floors":[],"is_endless":false,"potions_floor_spawned":[1,7,8],"killed_by":"Gremlin Nob","ascension_level":11}}