{"host":"9nzcajyrup44vdvf","time":1613133359,"event":{"mods":["2.2 Compatiblity","AchievementEnabler","Ascension Reborn","BaseMod","Curses Come First","Downfall","Minty Spire (QoL Compilation)","Relic Stats","StSLib","SuperFastMode"],"gold_per_floor":[99,115,127,127,144,177,177,177,203,3,35,64,93,122,132,234,234,134,154,254,254,54,54,78,109,139,167,152,185,185,216,230,334,334,334,344,367,553,582,611,611,637,68,68,94,122,122,147,171,171,171,209,63,63,63,63],"floor_reached":57,"language":"ENG","playtime":3925,"items_purged":["bronze:Backtrace"],"score":1791,"play_id":"fff82d8c-4286-4741-b68e-c91ba041b157","local_time":"20210212133559","daily_mods":["Heirloom","Time Dilation","Flight","downfall:ChampStances","DeadlyEvents","Elite Swarm","downfall:ExchangeController"],"is_ascension_mode":true,"campfire_choices":[{"floor":1,"key":"RECALL"},{"data":"bronze:Separator","floor":10,"key":"SMITH"},{"data":"bronze:Mutator","floor":18,"key":"SMITH"},{"data":"bronze:TinkerersToolbox","floor":23,"key":"SMITH"},{"data":"bronze:InfiniteLoop","floor":30,"key":"SMITH"},{"data":"bronze:InfiniteLoop","floor":35,"key":"SMITH"},{"data":"bronze:Turbo","floor":44,"key":"SMITH"},{"data":"bronze:TinkerersToolbox","floor":47,"key":"SMITH"},{"data":"bronze:Optimize","floor":54,"key":"SMITH"}],"circlet_count":0,"master_deck":["bronze:Strike+1","bronze:Strike+1","bronze:Strike+1","bronze:Strike+1","bronze:Defend+1","bronze:Defend+1","bronze:Defend+1","bronze:Defend+1","bronze:Replicate+1","bronze:Goto+1","bronze:CutThrough","bronze:Separator+1","bronze:FindAndReplace","bronze:Verify","bronze:Mutator+1","bronze:TinkerersToolbox+1","bronze:TinkerersToolbox+1","bronze:WhirlingStrike","bronze:HardenedForm","bronze:Turbo+1","bronze:Optimize","bronze:Format","bronze:Optimize+1","bronze:InfiniteLoop+1","bronze:FindAndReplace","bronze:BronzeOrb+1","bronze:InfiniteLoop+1","bronze:FineTuning+1","bronze:ForLoop+1","bronze:TinkerersToolbox+1","bronze:FindAndReplace","bronze:MaxOutput","bronze:Turbo+1","bronze:Format","bronze:BitShift","bronze:FindAndReplace"],"relics":["bronze:BronzeCore","champ:ChampStancesModRelic","downfall:NeowBlessing_Player","Unceasing Top","bronze:DecasWashers","Boot","TungstenRod","downfall:HeartBlessingRed","downfall:HeartBlessingBlue","Sundial","Darkstone Periapt","Torii","Pocketwatch","SacredBark","downfall:HeartBlessingGreen","Turnip","Chemical X","War Paint","Art of War","hexamod:Sixitude","White Beast Statue","Potion Belt","Meat on the Bone","sneckomod:SneckoTalon","Centennial Puzzle","Thread and Needle","Toy Ornithopter","Bag of Preparation","Slimebound:StickyStick","Oddly Smooth Stone","Ornamental Fan","Pantograph","Blue Candle","CeramicFish","Du-Vu Doll","Strange Spoon"],"acts_visited":["Exordium","TheCity","TheBeyond","TheEnding"],"potions_floor_usage":[],"damage_taken":[{"damage":20,"enemies":"Cultist","floor":2,"turns":3},{"damage":20,"enemies":"Jaw Worm","floor":3,"turns":3},{"damage":0,"enemies":"Small Slimes","floor":5,"turns":2},{"damage":13,"enemies":"3 Sentries","floor":6,"turns":7},{"damage":60,"enemies":"Lagavulin","floor":9,"turns":5},{"damage":0,"enemies":"Gremlin Nob","floor":11,"turns":2},{"damage":56,"enemies":"3 Sentries","floor":12,"turns":6},{"damage":12,"enemies":"Gremlin Nob","floor":13,"turns":2},{"damage":37,"enemies":"Lagavulin","floor":14,"turns":3},{"damage":16,"enemies":"Blue Slaver","floor":15,"turns":2},{"damage":35,"enemies":"WA_ARCHETYPE_RETAIN","floor":16,"turns":3},{"damage":0,"enemies":"Spheric Guardian","floor":19,"turns":3},{"damage":28,"enemies":"downfall:FleeingMerchant","floor":22,"turns":4},{"damage":37,"enemies":"Gremlin Leader","floor":25,"turns":5},{"damage":24,"enemies":"Book of Stabbing","floor":26,"turns":4},{"damage":0,"enemies":"Gremlin Leader","floor":27,"turns":2},{"damage":20,"enemies":"downfall:FleeingMerchant","floor":28,"turns":4},{"damage":8,"enemies":"Slavers","floor":29,"turns":3},{"damage":0,"enemies":"Book of Stabbing","floor":31,"turns":3},{"damage":0,"enemies":"3 Byrds","floor":32,"turns":11},{"damage":63,"enemies":"SI_MIRROR_ARCHETYPE","floor":33,"turns":6},{"damage":0,"enemies":"3 Darklings","floor":36,"turns":2},{"damage":0,"enemies":"downfall:FleeingMerchant","floor":38,"turns":1},{"damage":113,"enemies":"Nemesis","floor":39,"turns":8},{"damage":79,"enemies":"Giant Head","floor":40,"turns":7},{"damage":65,"enemies":"Nemesis","floor":42,"turns":5},{"damage":0,"enemies":"Reptomancer","floor":45,"turns":1},{"damage":32,"enemies":"Nemesis","floor":46,"turns":4},{"damage":0,"enemies":"Reptomancer","floor":48,"turns":2},{"damage":0,"enemies":"3 Shapes","floor":49,"turns":1},{"damage":81,"enemies":"IC_BLOCK_ARCHETYPE","floor":50,"turns":7},{"damage":44,"enemies":"downfall:CharBossMerchant","floor":52,"turns":6},{"damage":76,"enemies":"downfall:NeowBoss","floor":55,"turns":12},{"damage":232,"enemies":"downfall:NeowBossFinal","floor":56,"turns":13}],"seed_played":"-1175761014586297618","potions_obtained":[{"floor":2,"key":"FearPotion"},{"floor":3,"key":"Ancient Potion"},{"floor":9,"key":"EssenceOfSteel"},{"floor":14,"key":"bronze:FreeFunctionsPotion"},{"floor":16,"key":"GamblersBrew"},{"floor":27,"key":"Ancient Potion"},{"floor":28,"key":"hexamod:SoulburnPotion"},{"floor":29,"key":"bronze:CleanCodePotion"},{"floor":31,"key":"CultistPotion"},{"floor":32,"key":"EntropicBrew"},{"floor":33,"key":"SteroidPotion"},{"floor":36,"key":"PowerPotion"},{"floor":38,"key":"PowerPotion"},{"floor":39,"key":"ColorlessPotion"},{"floor":40,"key":"bronze:CleanCodePotion"},{"floor":42,"key":"ColorlessPotion"},{"floor":45,"key":"Slimebound:ThreeZeroPotion"},{"floor":46,"key":"DuplicationPotion"},{"floor":48,"key":"BlessingOfTheForge"},{"floor":49,"key":"BlessingOfTheForge"},{"floor":52,"key":"SpeedPotion"}],"is_trial":true,"path_per_floor":["R","M","M","?","M","E","T","T","E","R","E","E","E","E","M","B",null,"R","M","?","T","$","R","T","E","E","E","$","E","R","E","M","B",null,"R","M","T","$","E","E","T","E","$","R","E","E","R","E","M","B",null,"E","$","R","B","B",null],"character_chosen":"THE_AUTOMATON","items_purchased":["bronze:Optimize","Chemical X","bronze:Hardcode","Oddly Smooth Stone","bronze:MaxOutput","bronze:Turbo","Ornamental Fan","Strange Spoon"],"campfire_rested":0,"item_purchase_floors":[22,22,38,43,43,43,43,53],"current_hp_per_floor":[170,170,170,170,170,157,157,157,137,147,147,151,154,152,156,146,280,280,280,280,280,280,280,280,251,237,237,242,244,244,244,244,216,380,380,380,380,380,307,278,278,238,238,238,238,246,246,246,246,262,480,436,436,436,430,315],"gold":63,"neow_bonus":"","is_daily":false,"chose_seed":false,"campfire_upgraded":8,"win_rate":0.0,"timestamp":1613133359,"path_taken":["R","M","?","?","M","E","T","?","E","R","E","?","E","E","M","BOSS","R","M","?","?","$","R","T","E","E","E","$","?","R","E","M","BOSS","R","M","?","$","?","E","T","E","$","R","E","E","R","E","M","BOSS","E","$","R","BOSS","BOSS"],"items_purchased_type":["Card","Relic","Card","Relic","Card","Card","Relic","Relic"],"build_version":"2020-12-22","purchased_purges":1,"victory":true,"max_hp_per_floor":[170,170,170,170,170,170,170,170,170,180,180,180,180,180,180,180,280,280,280,280,280,280,280,280,280,280,280,280,280,280,280,280,280,380,380,380,380,380,380,380,380,380,380,380,380,380,380,380,380,380,480,480,480,480,480,480],"relic_stats":{"Darkstone Periapt":0,"Torii":90,"counters":[34,152],"Blue Candle":[15],"CeramicFish":18,"Bag of Preparation":[18],"War Paint":["bronze:TinkerersToolbox","bronze:Turbo"],"Boot":[117],"Strange Spoon":[40],"Centennial Puzzle":[22],"Sundial":[14],"Ornamental Fan":[124],"Pantograph":75,"Turnip":[6],"Art of War":[14],"Chemical X":[37],"obtain_stats":[{"Darkstone Periapt":12,"bronze:BronzeCore":0,"champ:ChampStancesModRelic":0,"downfall:NeowBlessing_Player":0,"Torii":13,"SacredBark":17,"CeramicFish":48,"downfall:HeartBlessingGreen":18,"Bag of Preparation":41,"Boot":7,"Centennial Puzzle":37,"downfall:HeartBlessingBlue":10,"Sundial":11,"Slimebound:StickyStick":42,"Pantograph":45,"Chemical X":22,"Potion Belt":29,"downfall:HeartBlessingRed":10,"bronze:DecasWashers":6,"Blue Candle":46,"hexamod:Sixitude":26,"Oddly Smooth Stone":43,"Thread and Needle":39,"War Paint":24,"sneckomod:SneckoTalon":34,"White Beast Statue":27,"Du-Vu Doll":52,"Strange Spoon":53,"Ornamental Fan":43,"Turnip":21,"Art of War":25,"Unceasing Top":0,"TungstenRod":9,"Toy Ornithopter":40,"Pocketwatch":14,"Meat on the Bone":31},{"Darkstone Periapt":7,"bronze:BronzeCore":0,"champ:ChampStancesModRelic":0,"downfall:NeowBlessing_Player":0,"Torii":8,"SacredBark":11,"CeramicFish":29,"downfall:HeartBlessingGreen":11,"Bag of Preparation":25,"Boot":4,"Centennial Puzzle":22,"downfall:HeartBlessingBlue":5,"Sundial":6,"Slimebound:StickyStick":26,"Pantograph":27,"Chemical X":13,"Potion Belt":18,"downfall:HeartBlessingRed":5,"bronze:DecasWashers":4,"Blue Candle":28,"hexamod:Sixitude":15,"Oddly Smooth Stone":26,"Thread and Needle":24,"War Paint":13,"sneckomod:SneckoTalon":21,"White Beast Statue":16,"Du-Vu Doll":32,"Strange Spoon":32,"Ornamental Fan":26,"Turnip":12,"Art of War":14,"Unceasing Top":0,"TungstenRod":5,"Toy Ornithopter":25,"Pocketwatch":9,"Meat on the Bone":19},{"Darkstone Periapt":28,"bronze:BronzeCore":0,"champ:ChampStancesModRelic":0,"downfall:NeowBlessing_Player":0,"Torii":30,"SacredBark":38,"CeramicFish":113,"downfall:HeartBlessingGreen":38,"Bag of Preparation":101,"Boot":15,"Centennial Puzzle":85,"downfall:HeartBlessingBlue":20,"Sundial":22,"Slimebound:StickyStick":106,"Pantograph":107,"Chemical X":45,"Potion Belt":63,"downfall:HeartBlessingRed":20,"bronze:DecasWashers":15,"Blue Candle":111,"hexamod:Sixitude":54,"Oddly Smooth Stone":106,"Thread and Needle":94,"War Paint":45,"sneckomod:SneckoTalon":83,"White Beast Statue":56,"Du-Vu Doll":127,"Strange Spoon":127,"Ornamental Fan":106,"Turnip":41,"Art of War":50,"Unceasing Top":0,"TungstenRod":20,"Toy Ornithopter":101,"Pocketwatch":33,"Meat on the Bone":66}],"Unceasing Top":[6],"TungstenRod":233,"Toy Ornithopter":0,"Pocketwatch":[76],"Meat on the Bone":24},"card_choices":[{"not_picked":["bronze:Shield","bronze:Shell"],"picked":"bronze:CutThrough","floor":2},{"not_picked":["bronze:Frontload","bronze:Overheat"],"picked":"bronze:Backtrace","floor":3},{"not_picked":["bronze:ChildClass","bronze:DelayedGuard"],"picked":"bronze:Separator","floor":5},{"not_picked":["bronze:Virus","bronze:ThunderWave"],"picked":"bronze:FindAndReplace","floor":6},{"not_picked":["bronze:BurnOut","bronze:Format"],"picked":"bronze:Verify","floor":9},{"not_picked":["bronze:BurnOut","bronze:HyperBeam","bronze:AlphaBuild"],"picked":"SKIP","floor":11},{"not_picked":["bronze:Assembly","bronze:Verify"],"picked":"bronze:Mutator","floor":12},{"not_picked":["bronze:SpaghettiCode","bronze:Assembly"],"picked":"bronze:TinkerersToolbox","floor":13},{"not_picked":["bronze:HardenedForm","bronze:CleanCode"],"picked":"bronze:TinkerersToolbox","floor":14},{"not_picked":["bronze:WildBeam","bronze:ItsAFeature"],"picked":"bronze:WhirlingStrike","floor":15},{"not_picked":["bronze:Mutator","bronze:Library"],"picked":"bronze:HardenedForm","floor":16},{"not_picked":["bronze:BugBarrage+1","bronze:Overheat","bronze:Invalidate"],"picked":"SKIP","floor":19},{"not_picked":["bronze:BugBarrage+1","bronze:ClassDefault"],"picked":"bronze:Turbo","floor":22},{"not_picked":["bronze:SpaghettiCode","bronze:HardenedForm"],"picked":"bronze:Format","floor":25},{"not_picked":["bronze:HyperBeam","bronze:RecursiveStrike","bronze:TinkerersToolbox"],"picked":"SKIP","floor":26},{"not_picked":["bronze:Assembly","bronze:BurnOut","bronze:HardenedForm"],"picked":"SKIP","floor":27},{"not_picked":["bronze:Frontload","bronze:Backtrace"],"picked":"bronze:Optimize","floor":28},{"not_picked":["bronze:Hardcode","bronze:TinkerersToolbox"],"picked":"bronze:InfiniteLoop","floor":29},{"not_picked":["bronze:CleanCode","bronze:ThunderWave"],"picked":"bronze:FindAndReplace","floor":31},{"not_picked":["bronze:CutThrough","bronze:OilSpill"],"picked":"bronze:BronzeOrb+1","floor":32},{"not_picked":["bronze:Break","bronze:HyperBeam"],"picked":"bronze:InfiniteLoop","floor":33},{"not_picked":["bronze:Flail","bronze:Repulsor"],"picked":"bronze:FineTuning+1","floor":36},{"not_picked":["bronze:Shield+1","bronze:OilSpill+1"],"picked":"bronze:ForLoop+1","floor":38},{"not_picked":["bronze:ShipIt","bronze:HyperBeam"],"picked":"bronze:TinkerersToolbox","floor":39},{"not_picked":["bronze:Virus","bronze:SpaghettiCode"],"picked":"bronze:FindAndReplace","floor":40},{"not_picked":["bronze:ThunderWave","bronze:HyperBeam","bronze:Verify"],"picked":"SKIP","floor":42},{"not_picked":["bronze:Mutator","bronze:Verify","bronze:ThunderWave"],"picked":"SKIP","floor":45},{"not_picked":["bronze:Verify","bronze:Mutator"],"picked":"bronze:Format","floor":46},{"not_picked":["bronze:Break","bronze:CleanCode","bronze:BurnOut"],"picked":"SKIP","floor":48},{"not_picked":["bronze:BugBarrage","bronze:Overheat+1"],"picked":"bronze:BitShift","floor":49},{"not_picked":["bronze:ThunderWave","bronze:HyperBeam"],"picked":"bronze:FindAndReplace","floor":52}],"player_experience":475623,"relics_obtained":[{"floor":6,"key":"bronze:DecasWashers"},{"floor":7,"key":"Boot"},{"floor":9,"key":"TungstenRod"},{"floor":11,"key":"Sundial"},{"floor":12,"key":"Darkstone Periapt"},{"floor":13,"key":"Torii"},{"floor":14,"key":"Pocketwatch"},{"floor":21,"key":"Turnip"},{"floor":24,"key":"War Paint"},{"floor":25,"key":"Art of War"},{"floor":26,"key":"hexamod:Sixitude"},{"floor":27,"key":"White Beast Statue"},{"floor":29,"key":"Potion Belt"},{"floor":31,"key":"Meat on the Bone"},{"floor":37,"key":"Centennial Puzzle"},{"floor":39,"key":"Thread and Needle"},{"floor":40,"key":"Toy Ornithopter"},{"floor":41,"key":"Bag of Preparation"},{"floor":42,"key":"Slimebound:StickyStick"},{"floor":45,"key":"Pantograph"},{"floor":46,"key":"Blue Candle"},{"floor":48,"key":"CeramicFish"},{"floor":52,"key":"Du-Vu Doll"}],"event_choices":[],"is_beta":false,"boss_relics":[{"not_picked":["Runic Dome","Pandora\u0027s Box"],"picked":"SacredBark"},{"not_picked":["Black Star","Snecko Eye"],"picked":"sneckomod:SneckoTalon"}],"items_purged_floors":[43],"is_endless":false,"potions_floor_spawned":[2,3,9,14,16,27,28,29,31,32,33,36,38,39,40,42,45,46,48,49,52],"ascension_level":0}}