{"host":"ocll6kdfqxraqtza","time":1613114154,"event":{"mods":["2.2 Compatiblity","Act Like it!","Arknights","Aspiration","BaseMod","Better Third Choice","Gensokyo","Hallownest","Hermit","Hubris","Jorbs\u0027s Wanderer Trilogy","Luminous","Marisa（霧雨　魔理沙）","Minty Spire (QoL Compilation)","Reimu（博??梦）","Reliquary","Replay The Spire","Shade Mod","StSLib","The Alterego","The Bug Knight","The Cursed","The Hierophant","The Marked","The Runesmith","TheBandit","Wandering Minibosses"],"gold_per_floor":[110,127,127,144,144,144,200,231,231,262,288,319,319,319,329,329,329,455,455,479,497,677,877,243,257,298,298,322,362,362,393,318,329,329,426,426,436,436,351,366,366,366,400,400,400,400,415,415,340,368,368,368,368],"floor_reached":52,"language":"ENG","playtime":1836,"items_purged":["ats:Defend"],"score":866,"play_id":"ea052caa-472c-4e3e-a545-90295fcde35d","local_time":"20210212151554","is_ascension_mode":true,"campfire_choices":[{"data":"Runesmith:HammerThrow","floor":9,"key":"SMITH"},{"floor":14,"key":"DIG"},{"floor":17,"key":"DIG"},{"floor":27,"key":"DIG"},{"floor":34,"key":"DIG"},{"data":"ats:Dogmatic Field","floor":42,"key":"SMITH"},{"data":"ats:Healing Strengthening","floor":44,"key":"SMITH"},{"floor":46,"key":"RECALL"},{"floor":51,"key":"DIG"}],"circlet_count":0,"master_deck":["ats:Strike C","ats:Strike S","ats:Strike V","ats:Armor Crushing Shot","ats:Defend","ats:Defend","ats:Defend","ats:Emotion Absorption","ReplayTheSpireMod:Armaments MK-II-B+1","Runesmith:HammerThrow+1","ats:Echo Reverb","ats:Leaping Hammer","ats:Guard Mode+1","ats:Healing Strengthening+1","ats:Composite Medical Shells","ats:Dogmatic Field+1","ats:Blood Oath","ats:Blood Oath","ats:Mental Burst","ats:Sashimi Platter","ats:Sunburst","ats:Consecutive Shot Auto+1","ats:Apocalypse","ats:Calcification","ats:Mental Burst+1","Hallownest:skillKingdomsEdgeMap","ats:Shadow Raid+1","Hallownest:curseDreamersLament","ats:Shadow Assault","ats:Absolute Focus","ats:Echo Reverb"],"relics":["ats:Sanity","aspiration:Nostalgia","m_RuneBlood","Shovel","ats:Originium","Iron Hammer","Akabeko","Juzu Bracelet","Lantern","TungstenRod","Bloody Idol","reliquary:Firecrackers","hubris:RunicObelisk","hubris:PeanutButter","Mango","hubris:CuriousFeather","Mango","Nunchaku","Onion Ring","Ice Cream","Runic Dome","Hallownest:BeastSealRelic","Pantograph","ats:Bonebreaker","Potion Belt","Eternal Feather","Lizard Tail","reliquary:RoseTintedGlasses"],"acts_visited":["Exordium","TheCity","Hallownest:KingdomsEdge"],"potions_floor_usage":[7,7,7,26],"damage_taken":[{"damage":1.0,"enemies":"2 Louse","floor":1.0,"turns":4.0},{"damage":3.0,"enemies":"ats:Genji","floor":2.0,"turns":4.0},{"damage":0.0,"enemies":"Small Slimes","floor":4.0,"turns":3.0},{"damage":2,"enemies":"3 Sentries","floor":7,"turns":6},{"damage":43,"enemies":"Lagavulin","floor":8,"turns":6},{"damage":10,"enemies":"3 Sentries","floor":10,"turns":9},{"damage":22,"enemies":"Lagavulin","floor":12,"turns":5},{"damage":0,"enemies":"Gremlin Gang","floor":15,"turns":4},{"damage":4,"enemies":"Hexaghost","floor":18,"turns":11},{"damage":13,"enemies":"Spheric Guardian","floor":20,"turns":5},{"damage":3,"enemies":"2 Thieves","floor":21,"turns":4},{"damage":21,"enemies":"Snake Plant","floor":25,"turns":4},{"damage":43,"enemies":"Slavers","floor":26,"turns":5},{"damage":26,"enemies":"HollowMod:Nosk","floor":29,"turns":5},{"damage":25,"enemies":"Slavers","floor":31,"turns":3},{"damage":1,"enemies":"Cultist and Chosen","floor":33,"turns":2},{"damage":54,"enemies":"Pondfish","floor":35,"turns":8},{"damage":12,"enemies":"Hallownest:2_Littles","floor":37,"turns":5},{"damage":0,"enemies":"Hallownest:3_Siblings","floor":40,"turns":2},{"damage":2,"enemies":"Hallownest:eliteHiveKnight","floor":43,"turns":5},{"damage":0,"enemies":"Hallownest:Slobbering_and_Violent","floor":47,"turns":3},{"damage":17,"enemies":"Hallownest:eliteCollector","floor":50,"turns":5},{"damage":169,"enemies":"Hallownest:BossHollowKnight","floor":52,"turns":3}],"seed_played":"4238844743079115665","potions_obtained":[{"floor":1.0,"key":"ColorlessPotion"},{"floor":4.0,"key":"ColorlessPotion"},{"floor":7,"key":"Fruit Juice"},{"floor":10,"key":"Languid Potion"},{"floor":18,"key":"Elixir"},{"floor":21,"key":"ColorlessPotion"},{"floor":26,"key":"SpeedPotion"},{"floor":31,"key":"ColorlessPotion"},{"floor":43,"key":"CultistPotion"},{"floor":50,"key":"PowerPotion"}],"is_trial":false,"path_per_floor":["M","M","?","M","PTL","PTL","?","E","R","E","T","E","?","R","M","?","R","B",null,"M","M","?","?","$","M","E","R","T","E","?","E","?","M","R","B",null,"M","?","?","M","?","R","E","R","T","R","M","T","?","E","R","B"],"character_chosen":"DOCTOR_CLASS","items_purchased":["hubris:PeanutButter","Mango"],"campfire_rested":0,"item_purchase_floors":[24,24],"current_hp_per_floor":[72,72,72,72,72,72,77,37,37,30,30,11,11,11,14,14,14,15,71,66,71,55,55,69,69,45,59,59,87,87,82,82,99,99,99,99,99,94,94,94,94,94,94,94,94,94,94,94,94,94,94,0,0],"gold":368,"neow_bonus":"NOSTALGIA","is_daily":false,"chose_seed":false,"campfire_upgraded":3,"win_rate":0.0,"timestamp":1613114154,"path_taken":["M","M","?","M","PTL","PTL","?","E","R","E","T","E","?","R","M","?","R","BOSS","M","M","?","?","?","M","E","R","T","E","?","E","?","M","R","BOSS","M","?","?","M","?","R","E","R","T","R","M","?","?","E","R","BOSS"],"items_purchased_type":["Relic","Relic"],"build_version":"2020-12-22","purchased_purges":1,"victory":false,"max_hp_per_floor":[72,72,72,72,72,72,77,77,77,77,77,77,77,77,77,71,71,71,71,71,71,71,71,85,85,85,99,99,99,99,99,99,99,99,99,99,99,94,94,94,94,94,94,94,94,94,94,94,94,94,94,94,94],"card_choices":[{"not_picked":["ats:Demon Strength","Runesmith:CraftFirestone"],"picked":"ReplayTheSpireMod:Armaments MK-II-B","floor":1.0},{"not_picked":["ats:Poison Spread","ats:Thermite Blade"],"picked":"Runesmith:HammerThrow","floor":2.0},{"not_picked":["ats:Powerful Strike","Runesmith:CraftFirestone"],"picked":"ats:Echo Reverb","floor":4.0},{"not_picked":["Bash","ats:Cat Scratch"],"picked":"ats:Leaping Hammer","floor":7},{"not_picked":["ats:Cat Scratch","ats:Roar Of Ursus"],"picked":"ats:Guard Mode","floor":8},{"not_picked":["ats:Rapid Magazine","ats:Shadow Raid"],"picked":"ats:Healing Strengthening","floor":10},{"not_picked":["ats:Poison Spread","ats:Guard Mode"],"picked":"ats:Composite Medical Shells","floor":12},{"not_picked":["Searing Blow","ats:Explosion Area Strengthen","ats:Guard Mode"],"picked":"SKIP","floor":15},{"not_picked":["ats:Volcano","ats:Ambush"],"picked":"ats:Dogmatic Field","floor":18},{"not_picked":["ats:Phantom","ats:Rapid Magazine"],"picked":"ats:Blood Oath","floor":20},{"not_picked":["ats:Demon Strength","ats:Hook Shot"],"picked":"ats:Blood Oath","floor":21},{"not_picked":["ats:Overload","ats:Blood Oath"],"picked":"ats:Mental Burst","floor":25},{"not_picked":["ats:Powerful Strike+1","ats:Explosion Area Strengthen"],"picked":"ats:Sashimi Platter","floor":26},{"not_picked":["ats:Shadow Raid","ats:Ignite"],"picked":"ats:Sunburst","floor":29},{"not_picked":["ats:Thermite Blade","ats:Mental Burst"],"picked":"ats:Consecutive Shot Auto+1","floor":31},{"not_picked":["ats:Phantom","ats:LN2 Cannon"],"picked":"ats:Apocalypse","floor":33},{"not_picked":["ats:Ambush","ats:Roar Of Ursus"],"picked":"ats:Calcification","floor":35},{"not_picked":["ats:Curse Doll","ats:Guard Mode"],"picked":"ats:Mental Burst+1","floor":37},{"not_picked":["ats:Powerful Strike","ats:Counter Healing Mode"],"picked":"ats:Shadow Raid+1","floor":40},{"not_picked":["ats:Consecutive Shot Auto+1","ats:Closed Bolt Burst Fire+1"],"picked":"ats:Shadow Assault","floor":43},{"not_picked":["ats:Poison Spread","ats:Explosion Area Strengthen"],"picked":"ats:Absolute Focus","floor":47},{"not_picked":["ats:Consecutive Shot Auto","ats:Powerful Strike"],"picked":"ats:Echo Reverb","floor":50}],"player_experience":527359,"relics_obtained":[{"floor":7,"key":"Shovel"},{"floor":8,"key":"ats:Originium"},{"floor":8,"key":"Iron Hammer"},{"floor":10,"key":"ats:Originium"},{"floor":10,"key":"Akabeko"},{"floor":11,"key":"Juzu Bracelet"},{"floor":12,"key":"ats:Originium"},{"floor":12,"key":"Lantern"},{"floor":14,"key":"TungstenRod"},{"floor":17,"key":"reliquary:Firecrackers"},{"floor":26,"key":"ats:Originium"},{"floor":26,"key":"hubris:CuriousFeather"},{"floor":27,"key":"reliquary:SculptingSteel"},{"floor":29,"key":"Nunchaku"},{"floor":31,"key":"Onion Ring"},{"floor":34,"key":"Ice Cream"},{"floor":43,"key":"Pantograph"},{"floor":45,"key":"ats:Bonebreaker"},{"floor":48,"key":"Potion Belt"},{"floor":50,"key":"Lizard Tail"},{"floor":51,"key":"reliquary:RoseTintedGlasses"}],"event_choices":[{"damage_healed":0.0,"max_hp_gain":0.0,"max_hp_loss":0.0,"gold_gain":0.0,"event_name":"Living Wall","player_choice":"Grow","floor":3.0,"gold_loss":0.0,"damage_taken":0.0,"cards_upgraded":["ReplayTheSpireMod:Armaments MK-II-B"]},{"damage_healed":0,"gold_gain":0,"player_choice":"Searched \u00271\u0027 times","damage_taken":0,"max_hp_gain":0,"max_hp_loss":0,"event_name":"Dead Adventurer","floor":7,"gold_loss":0},{"damage_healed":0,"gold_gain":0,"player_choice":"Upgraded","damage_taken":0,"max_hp_gain":0,"max_hp_loss":0,"event_name":"Upgrade Shrine","floor":13,"gold_loss":0,"cards_upgraded":["ats:Guard Mode"]},{"damage_healed":0,"gold_gain":0,"player_choice":"Lose Max HP","damage_taken":0,"relics_obtained":["Golden Idol"],"max_hp_gain":0,"max_hp_loss":6,"event_name":"Golden Idol","floor":16,"gold_loss":0},{"damage_healed":0,"gold_gain":180,"player_choice":"GOLD GOLD ","damage_taken":19,"max_hp_gain":0,"max_hp_loss":0,"event_name":"Knowing Skull","floor":22,"potions_obtained":[],"gold_loss":0,"cards_obtained":[]},{"damage_healed":0,"gold_gain":250,"player_choice":"Bet on Owner","damage_taken":0,"max_hp_gain":0,"max_hp_loss":0,"event_name":"The Joust","floor":23,"gold_loss":50},{"damage_healed":0,"gold_gain":0,"player_choice":"Gave Idol","damage_taken":0,"relics_obtained":["Bloody Idol"],"max_hp_gain":0,"max_hp_loss":0,"event_name":"Forgotten Altar","floor":30,"relics_lost":["Golden Idol"],"gold_loss":0},{"cards_removed":["ats:Strike G"],"damage_healed":0,"gold_gain":0,"player_choice":"Gave Gold","damage_taken":0,"max_hp_gain":0,"max_hp_loss":0,"event_name":"Beggar","floor":32,"gold_loss":75}],"is_beta":false,"boss_relics":[{"not_picked":["Runic Pyramid","Replay:Ancient Bell"],"picked":"hubris:RunicObelisk"},{"not_picked":["aspiration:MobileForge","Kintsugi"],"picked":"Runic Dome"}],"items_purged_floors":[24],"is_endless":false,"potions_floor_spawned":[1,4,7,10,18,21,26,31,35,43,47,50],"killed_by":"Hallownest:BossHollowKnight","ascension_level":1}}