{"host":"yhhyog5h1q67ienp","time":1613088758,"event":{"mods":["AchievementEnabler","BaseMod","Block Reminder","Colored Map","Colored Powertips","Minty Spire (QoL Compilation)","Quick Restart","Relic Stats","StSLib","Weighted Paths","ojb\u0027s Better Paths Mod","ojb\u0027s Info Mod"],"gold_per_floor":[112,126,137,151,171,203,203,203,203],"floor_reached":8,"language":"ENG","playtime":792,"items_purged":[],"score":120,"play_id":"b44e0799-3fbd-4307-976e-2c54765acf78","local_time":"20210211211238","is_ascension_mode":true,"campfire_choices":[{"floor":7,"key":"REST"}],"circlet_count":0,"master_deck":["AscendersBane","Strike_G","Strike_G","Strike_G","Strike_G","Strike_G","Defend_G","Defend_G","Defend_G","Defend_G","Defend_G","Survivor","Neutralize","Well Laid Plans","Poisoned Stab","Acrobatics","Wraith Form v2","Blade Dance","Skewer"],"relics":["Ring of the Snake","NeowsBlessing","Thread and Needle"],"acts_visited":["Exordium"],"potions_floor_usage":[6,6],"damage_taken":[{"damage":0,"enemies":"Cultist","floor":1,"turns":1},{"damage":0,"enemies":"Jaw Worm","floor":2,"turns":1},{"damage":0,"enemies":"Small Slimes","floor":3,"turns":1},{"damage":13,"enemies":"3 Louse","floor":4,"turns":5},{"damage":2,"enemies":"Red Slaver","floor":5,"turns":5},{"damage":33,"enemies":"3 Sentries","floor":6,"turns":14},{"damage":36,"enemies":"Lagavulin","floor":8,"turns":11}],"seed_played":"-4890259164123494538","potions_obtained":[{"floor":1,"key":"EssenceOfSteel"},{"floor":2,"key":"Fire Potion"},{"floor":3,"key":"Swift Potion"}],"is_trial":false,"path_per_floor":["M","M","M","M","M","E","R","E"],"character_chosen":"THE_SILENT","items_purchased":[],"campfire_rested":1,"item_purchase_floors":[],"current_hp_per_floor":[59,59,59,46,44,11,30,0,0],"gold":203,"neow_bonus":"THREE_ENEMY_KILL","is_daily":false,"chose_seed":false,"campfire_upgraded":0,"win_rate":0.0,"timestamp":1613088758,"path_taken":["M","M","M","M","M","E","R","E"],"items_purchased_type":[],"build_version":"2020-12-22","purchased_purges":0,"victory":false,"max_hp_per_floor":[66,66,66,66,66,66,66,66,66],"relic_stats":{"counters":[7,38],"obtain_stats":[{"NeowsBlessing":0,"Thread and Needle":6,"Ring of the Snake":0},{"NeowsBlessing":0,"Thread and Needle":6,"Ring of the Snake":0},{"NeowsBlessing":0,"Thread and Needle":27,"Ring of the Snake":0}],"Ring of the Snake":[14]},"card_choices":[{"not_picked":["Expertise","Dagger Spray"],"picked":"Well Laid Plans","floor":1},{"not_picked":["Flying Knee","Distraction"],"picked":"Poisoned Stab","floor":2},{"not_picked":["Quick Slash","Underhanded Strike"],"picked":"Acrobatics","floor":3},{"not_picked":["Outmaneuver","Bane"],"picked":"Wraith Form v2","floor":4},{"not_picked":["Skewer","Dagger Throw"],"picked":"Blade Dance","floor":5},{"not_picked":["Dagger Throw","Endless Agony"],"picked":"Skewer","floor":6}],"player_experience":1457750,"relics_obtained":[{"floor":6,"key":"Thread and Needle"}],"event_choices":[],"is_beta":false,"boss_relics":[],"items_purged_floors":[],"is_endless":false,"potions_floor_spawned":[1,2,3],"killed_by":"Lagavulin","ascension_level":20}}