{"host":"3498uni0c31c9bdm","time":1613149931,"event":{"mods":["BaseMod","Better Match","Better Note","Better Sensory Stone","Better Skull","Better Third Choice","Colored Map","Minty Spire (QoL Compilation)","Quick Restart","RNG Fix","Random Character Button","Replay The Spire","Shop Mod","Smile Girya","StSLib","Unceasing Turn Reminder"],"gold_per_floor":[113,113,113,124,49,49,78,78,78,93,107,127,127,158,158,236,236,253,253,37,49,49,49,49],"floor_reached":23,"language":"ENG","playtime":623,"items_purged":["Regret"],"score":348,"play_id":"46a530db-caa5-4b2a-8108-822f0d8f92e4","local_time":"20210213041211","is_ascension_mode":true,"campfire_choices":[{"data":"Redo","floor":6,"key":"SMITH"},{"floor":8,"key":"RECALL"},{"floor":13,"key":"REST"},{"floor":15,"key":"REST"}],"circlet_count":0,"master_deck":["AscendersBane","Strike_B","Strike_B","Strike_B","Defend_B","Defend_B","Defend_B","Defend_B","Zap","Dualcast","Conserve Battery","Redo+1","Loop","Sweeping Beam","Chill","Beam Cell","Capacitor","Electrodynamics","Tempest","Creative AI","Stack+1","ReplayUltimateDefense","Jack Of All Trades","Heatsinks+1","Steam"],"relics":["Cracked Core","Nunchaku","ReplayTheSpireMod:Ring of Exchange","ReplayTheSpireMod:Ring of Addiction","Chameleon Ring","White Beast Statue","Dream Catcher","Cables","Divine Protection","Inserter","DataDisk"],"acts_visited":["Exordium","TheCity"],"potions_floor_usage":[7,7,7,10,12,14,23],"damage_taken":[{"damage":1,"enemies":"Cultist","floor":1,"turns":3},{"damage":1,"enemies":"2 Louse","floor":4,"turns":2},{"damage":19,"enemies":"3 Sentries","floor":7,"turns":10},{"damage":2,"enemies":"Jaw Worm","floor":10,"turns":3},{"damage":3,"enemies":"3 Louse","floor":11,"turns":2},{"damage":6,"enemies":"Lots of Slimes","floor":12,"turns":3},{"damage":19,"enemies":"Lagavulin","floor":14,"turns":5},{"damage":30,"enemies":"Slime Boss","floor":16,"turns":7},{"damage":20,"enemies":"Chosen","floor":18,"turns":5},{"damage":2,"enemies":"Spheric Guardian","floor":21,"turns":4},{"damage":52,"enemies":"Book of Stabbing","floor":23,"turns":6}],"seed_played":"7251383413432150042","potions_obtained":[{"floor":1,"key":"EntropicBrew"},{"floor":3,"key":"Dexterity Potion"},{"floor":7,"key":"Elixir"},{"floor":10,"key":"FearPotion"},{"floor":12,"key":"Ancient Potion"},{"floor":14,"key":"GamblersBrew"},{"floor":21,"key":"Explosive Potion"}],"is_trial":false,"path_per_floor":["M","?","?","M","$","R","E","R","T","M","M","M","R","E","R","B",null,"M","?","$","M","?","E"],"character_chosen":"DEFECT","items_purchased":["DataDisk","Heatsinks+1"],"campfire_rested":2,"item_purchase_floors":[20,20],"current_hp_per_floor":[63,63,63,62,62,62,43,43,43,41,38,32,52,33,53,23,58,38,38,38,36,49,0,0],"gold":49,"neow_bonus":"REMOVE_CARD","is_daily":false,"chose_seed":false,"campfire_upgraded":1,"win_rate":0.0,"timestamp":1613149931,"path_taken":["M","?","?","?","$","R","E","R","T","M","?","M","R","E","R","BOSS","M","?","$","M","?","E"],"items_purchased_type":["Relic","Card"],"build_version":"2020-12-22","purchased_purges":1,"victory":false,"max_hp_per_floor":[71,71,71,71,71,71,69,69,69,69,69,69,69,69,69,69,69,67,67,67,65,65,65,65],"card_choices":[{"not_picked":["BasicCrystalCard","Reprogram"],"picked":"Conserve Battery","floor":1},{"not_picked":["Beam Cell","Go for the Eyes"],"picked":"Redo","floor":4},{"not_picked":["Leap","Time Bomb"],"picked":"Loop","floor":7},{"not_picked":["Doom and Gloom","Rebound"],"picked":"Sweeping Beam","floor":10},{"not_picked":["Rip and Tear","Rebound"],"picked":"Chill","floor":11},{"not_picked":["ReplayTheSpireMod:GoodbyeWorld","Double Energy"],"picked":"Beam Cell","floor":12},{"not_picked":["Double Energy","Rebound"],"picked":"Capacitor","floor":13},{"not_picked":["Reprogram","Hello World"],"picked":"Electrodynamics","floor":14},{"not_picked":["Beam Cell","Redo"],"picked":"Tempest","floor":15},{"not_picked":["Meteor Strike","Electrodynamics"],"picked":"Creative AI","floor":16},{"not_picked":["Panic Button","Compile Driver"],"picked":"Stack+1","floor":18},{"not_picked":["Deep Breath","Finesse"],"picked":"ReplayUltimateDefense","floor":19},{"not_picked":["Good Instincts","Specialist"],"picked":"Jack Of All Trades","floor":19},{"not_picked":["Rebound","Stack"],"picked":"Steam","floor":21}],"player_experience":895247,"relics_obtained":[{"floor":3,"key":"ReplayTheSpireMod:Ring of Exchange"},{"floor":3,"key":"ReplayTheSpireMod:Ring of Addiction"},{"floor":3,"key":"Chameleon Ring"},{"floor":3,"key":"White Beast Statue"},{"floor":7,"key":"Dream Catcher"},{"floor":9,"key":"Cables"},{"floor":14,"key":"Divine Protection"}],"event_choices":[{"damage_healed":0,"gold_gain":0,"player_choice":"Box","damage_taken":0,"relics_obtained":["Nunchaku"],"max_hp_gain":0,"max_hp_loss":0,"event_name":"Big Fish","floor":2,"gold_loss":0,"cards_obtained":["Regret"]},{"damage_healed":0,"gold_gain":2,"player_choice":"1","damage_taken":0,"max_hp_gain":0,"max_hp_loss":0,"event_name":"betterStone:BetterStone","floor":19,"gold_loss":0},{"damage_healed":13,"gold_gain":0,"player_choice":"Heal","damage_taken":0,"max_hp_gain":0,"max_hp_loss":0,"event_name":"The Library","floor":22,"gold_loss":0}],"is_beta":false,"boss_relics":[{"not_picked":["Medical Kit","Abe\u0027s Treasure"],"picked":"Inserter"}],"items_purged_floors":[5],"is_endless":false,"potions_floor_spawned":[1,4,7,10,11,12,14,16,18,21],"killed_by":"Book of Stabbing","ascension_level":15}}