{"host":"usru02jcpe2a942d","time":1613106417,"event":{"mods":["Act Like it!","BaseMod","Colored Powertips","GifTheSpireLib","Highlight Path","Hubris","Hunter 猎人","Infinite Spire","Minty Spire (QoL Compilation)","MostiFishMod","Quick Restart","Relic Stats","RumiaBox-露米娅的神秘盒子","StSLib","[IsaacMod]以撒尖塔","noobMod","【遗物卡牌】REMEMod","篝火指南"],"gold_per_floor":[48,48,63,73,23,98,98,142,142,154,154,154,204,49,49,49,49],"floor_reached":16,"language":"ZHS","playtime":406,"items_purged":[],"score":102,"play_id":"9222057c-dc77-4912-baf8-0fd067a4eafe","local_time":"20210212130657","is_ascension_mode":false,"campfire_choices":[{"data":"BettingIsNotGood","floor":7.0,"key":"SMITH"},{"data":"Sacrifice Summons","floor":15,"key":"SMITH"}],"circlet_count":0,"master_deck":["Defend_Giant+1","Defend_Giant","Defend_Giant","Defend_Giant","CultistPetCall","EagleFirst+1","EagleFirst","EagleSecond","BettingIsNotGood+1","Skim","Bomb","GremlinTsunderePetCall","Sacrifice Summons+1","Combo Connect","HPGrowth_Giant","Discover Combo","Combo Defend"],"relics":["Ring of the Snake","Baka","GiantSoulBox","Ginger","NightmareShop","NineLifeCat","infinitespire:Burning Sword","Brimstone","infinitespire:Cubic Diamond","Strawberry","KeepersGift","SalivaCoin","infinitespire:Chaos"],"acts_visited":["Exordium"],"potions_floor_usage":[],"damage_taken":[{"damage":0.0,"enemies":"Small Slimes","floor":1.0,"turns":1.0},{"damage":6.0,"enemies":"Jaw Worm","floor":3.0,"turns":2.0},{"damage":0.0,"enemies":"Cultist","floor":4.0,"turns":2.0},{"damage":4.0,"enemies":"3 Sentries","floor":6.0,"turns":2.0},{"damage":5.0,"enemies":"Looter","floor":8.0,"turns":2.0},{"damage":0.0,"enemies":"2 Fungi Beasts","floor":10.0,"turns":2.0},{"damage":0.0,"enemies":"3 Louse","floor":13.0,"turns":2.0},{"damage":0,"enemies":"The Guardian","floor":16,"turns":1}],"seed_played":"1520206897985470080","potions_obtained":[{"floor":3.0,"key":"Strength Potion"},{"floor":4.0,"key":"SpeedPotion"},{"floor":6.0,"key":"SneckoOil"}],"is_trial":false,"path_per_floor":["M","?","M","M","?","E","R","M","T","M","?","?","M","$","R","B"],"character_chosen":"Giant","items_purchased":["infinitespire:Chaos"],"campfire_rested":0,"item_purchase_floors":[14],"current_hp_per_floor":[65,52,46,46,46,47,47,42,42,42,42,25,40,26,26,26,26],"gold":49,"neow_bonus":"ONE_RARE_RELIC","is_daily":false,"chose_seed":false,"campfire_upgraded":2,"win_rate":0.0,"timestamp":1613106417,"path_taken":["M","?","M","M","?","E","R","M","T","?","?","?","M","$","R","BOSS"],"items_purchased_type":["Relic"],"build_version":"2020-12-22","purchased_purges":0,"victory":false,"max_hp_per_floor":[65,65,65,65,65,70,70,70,70,70,70,70,75,26,26,26,26],"relic_stats":{"counters":[8,10],"Ginger":[0],"obtain_stats":[{"DaveBox":0,"infinitespire:Cubic Diamond":14,"ice":0,"Ginger":14,"DeathBook":0,"PokeGo":6,"TheBean":9,"NightmareShop":14,"Strawberry":14,"NineLifeCat":14,"infinitespire:Chaos":14,"Ring of the Snake":14,"KeepersGift":0,"hubris:64BitClover":0,"Golden Idol":12,"infinitespire:EmptyRelic":14,"Baka":14,"MawBank":14,"SynthV:TestCard":1,"Brimstone":14,"SentryEyes":0,"infinitespire:Burning Sword":14,"SalivaCoin":14,"GiantSoulBox":0,"HushsDoor":0,"REME_ComplimentaryCards":0},{"DaveBox":0,"infinitespire:Cubic Diamond":7,"ice":0,"Ginger":7,"DeathBook":0,"PokeGo":4,"TheBean":5,"NightmareShop":7,"Strawberry":7,"NineLifeCat":7,"infinitespire:Chaos":7,"Ring of the Snake":7,"KeepersGift":0,"hubris:64BitClover":0,"Golden Idol":6,"infinitespire:EmptyRelic":7,"Baka":7,"MawBank":7,"SynthV:TestCard":1,"Brimstone":7,"SentryEyes":0,"infinitespire:Burning Sword":7,"SalivaCoin":7,"GiantSoulBox":0,"HushsDoor":0,"REME_ComplimentaryCards":0},{"DaveBox":0,"infinitespire:Cubic Diamond":9,"ice":0,"Ginger":9,"DeathBook":0,"PokeGo":5,"TheBean":7,"NightmareShop":9,"Strawberry":9,"NineLifeCat":9,"infinitespire:Chaos":9,"Ring of the Snake":9,"KeepersGift":0,"hubris:64BitClover":0,"Golden Idol":8,"infinitespire:EmptyRelic":9,"Baka":9,"MawBank":9,"SynthV:TestCard":1,"Brimstone":9,"SentryEyes":0,"infinitespire:Burning Sword":9,"SalivaCoin":9,"GiantSoulBox":0,"HushsDoor":0,"REME_ComplimentaryCards":0}],"Ring of the Snake":[2]},"card_choices":[{"not_picked":[],"picked":"BettingIsNotGood","floor":0.0},{"not_picked":["EagleSecond","Mana Growth"],"picked":"Bomb","floor":1.0},{"not_picked":["Bomb","Random Death Rattle","Fanatic Cultist","Protect_Giant"],"picked":"GremlinTsunderePetCall","floor":3.0},{"not_picked":["TakeAction_Giant","AttackPoison_Giant","ByrdPetCall","GremlinTsunderePetCall"],"picked":"Sacrifice Summons","floor":4.0},{"not_picked":["Backflip Giant","TakeAll_Giant","Time Travel","Resurrection Giant"],"picked":"Combo Connect","floor":6.0},{"not_picked":["Echo Defend Giant","Trace_Giant","CultistPetCall","EagleSecond"],"picked":"HPGrowth_Giant","floor":8.0},{"not_picked":["Ready_Giant","Combo Defend","Random Death Rattle","Burning Pact Giant"],"picked":"Discover Combo","floor":10.0},{"not_picked":["Mana Growth","Backward Giant","Bloody Giant","GremlinTsunderePetCall"],"picked":"Combo Defend","floor":13.0}],"player_experience":243228,"relics_obtained":[{"floor":1.0,"key":"SynthV:TestCard"},{"floor":6.0,"key":"PokeGo"},{"floor":9.0,"key":"TheBean"}],"event_choices":[{"damage_healed":0.0,"max_hp_gain":0.0,"max_hp_loss":0.0,"gold_gain":0.0,"event_name":"Shining Light","player_choice":"Entered Light","floor":2.0,"gold_loss":0.0,"damage_taken":13.0,"cards_upgraded":["EagleFirst","Defend_Giant"]},{"cards_removed":["Strike_Giant"],"damage_healed":0.0,"max_hp_gain":0.0,"max_hp_loss":0.0,"gold_gain":0.0,"event_name":"The Cleric","player_choice":"Card Removal","floor":5.0,"gold_loss":50.0,"damage_taken":0.0},{"cards_removed":["Strike_Giant"],"damage_healed":0.0,"max_hp_gain":0.0,"max_hp_loss":0.0,"gold_gain":0.0,"event_name":"Living Wall","player_choice":"Forget","floor":11.0,"gold_loss":0.0,"damage_taken":0.0},{"damage_healed":0.0,"max_hp_gain":0.0,"max_hp_loss":0.0,"gold_gain":0.0,"event_name":"Golden Idol","player_choice":"Take Damage","floor":12.0,"gold_loss":0.0,"damage_taken":17.0,"relics_obtained":["Golden Idol"]}],"is_beta":false,"boss_relics":[],"items_purged_floors":[],"is_endless":false,"potions_floor_spawned":[3,4,6],"killed_by":"The Guardian","ascension_level":0}}