{"host":"74dg6ta44i9qan6e","time":1613090218,"event":{"mods":["Act Like it!","BaseMod","Clawfect","Downfall","Hubris","Infinite Spire","Marisa????????","Minty Spire (QoL Compilation)","Reimu??????","Relic Stats","Replay The Spire","StSLib","The Bug Knight","The Cursed","The Forsaken","The Hayseed","The Hierophant","The Juggle","The Runesmith","The Servant 0.9.4","The Witch","TheBandit","Waifu the Spire"],"gold_per_floor":[114,114,126,126,182,182,201,201,201,258,276,276,310,325,325],"floor_reached":14,"language":"ENG","playtime":730,"items_purged":[],"score":84,"play_id":"66c19ce3-cf64-4dc0-a4ef-e2207bd5e9e2","local_time":"20210211193658","is_ascension_mode":false,"campfire_choices":[{"data":"jugglermod: Backcross","floor":6,"key":"SMITH"},{"data":"jugglermod: Parry","floor":12,"key":"SMITH"}],"circlet_count":0,"master_deck":["jugglermod: Strike","jugglermod: Strike","jugglermod: Strike","jugglermod: Defend","jugglermod: Defend","jugglermod: Defend","jugglermod: Defend","jugglermod: HighThrow","jugglermod: RightHook","jugglermod: Backcross+1","jugglermod: Faceball","jugglermod: ShuffleRhythm","Amnesia","jugglermod: PocketSearch","jugglermod: SwitchFeet","jugglermod: Parry+1","jugglermod: VanishingAct","jugglermod: FindBalance"],"relics":["jugglermod: WetwareUpgrade","ReplayTheSpireMod:Ring of Challenge","ReplayTheSpireMod:Ring of Addiction","Chameleon Ring","White Beast Statue","hexamod:CandleOfCauterizing"],"acts_visited":["Exordium"],"potions_floor_usage":[7,10,10,13,14,14,14],"damage_taken":[{"damage":0,"enemies":"2 Louse","floor":1,"turns":3},{"damage":11,"enemies":"infinitespire:Voidling","floor":3,"turns":4},{"damage":20,"enemies":"Jaw Worm","floor":5,"turns":4},{"damage":0,"enemies":"Exordium Wildlife","floor":7,"turns":4},{"damage":11,"enemies":"Red Slaver","floor":10,"turns":5},{"damage":9,"enemies":"Large Slime","floor":11,"turns":4},{"damage":15,"enemies":"Exordium Thugs","floor":13,"turns":4},{"damage":31,"enemies":"Gremlin Nob","floor":14,"turns":3}],"seed_played":"8474108673646630876","potions_obtained":[{"floor":1,"key":"Venom Potion"},{"floor":4,"key":"GrandPatriotsElixir:ReiMu"},{"floor":4,"key":"Weak Potion"},{"floor":4,"key":"Fire Potion"},{"floor":7,"key":"GamblersBrew"},{"floor":10,"key":"BlessingOfTheForge"},{"floor":11,"key":"PowerPotion"},{"floor":13,"key":"ZuzhouPotion:ReiMu"}],"is_trial":false,"path_per_floor":["M","?","M","?","M","R","M","T","T","M","M","R","M","E"],"character_chosen":"THE_JUGGLER","items_purchased":[],"campfire_rested":0,"item_purchase_floors":[],"current_hp_per_floor":[82,82,78,78,58,58,58,58,58,47,38,38,23,0,0],"gold":325,"neow_bonus":"TEN_PERCENT_HP_BONUS","is_daily":false,"chose_seed":false,"campfire_upgraded":2,"win_rate":0.0,"timestamp":1613090218,"path_taken":["M","?","?","?","M","R","M","?","T","M","M","R","M","E"],"items_purchased_type":[],"build_version":"2020-12-22","purchased_purges":0,"victory":false,"max_hp_per_floor":[82,82,82,82,82,82,82,82,82,82,82,82,82,82,82],"relic_stats":{"counters":[8,31],"obtain_stats":[{"hexamod:CandleOfCauterizing":8,"Chameleon Ring":4,"ReplayTheSpireMod:Ring of Addiction":4,"jugglermod: WetwareUpgrade":0,"ReplayTheSpireMod:Ring of Challenge":4,"White Beast Statue":4},{"hexamod:CandleOfCauterizing":4,"Chameleon Ring":2,"ReplayTheSpireMod:Ring of Addiction":2,"jugglermod: WetwareUpgrade":0,"ReplayTheSpireMod:Ring of Challenge":2,"White Beast Statue":2},{"hexamod:CandleOfCauterizing":15,"Chameleon Ring":7,"ReplayTheSpireMod:Ring of Addiction":7,"jugglermod: WetwareUpgrade":0,"ReplayTheSpireMod:Ring of Challenge":7,"White Beast Statue":7}]},"card_choices":[{"not_picked":["jugglermod: Flash","jugglermod: PalmDrop"],"picked":"jugglermod: Backcross","floor":1},{"not_picked":["jugglermod: GadgetArm","jugglermod: Parry"],"picked":"jugglermod: ShuffleRhythm","floor":3},{"not_picked":["jugglermod: MomentumPump","jugglermod: FindBalance"],"picked":"jugglermod: PocketSearch","floor":5},{"not_picked":["jugglermod: BallUp","jugglermod: SandBlast"],"picked":"jugglermod: SwitchFeet","floor":7},{"not_picked":["jugglermod: GummyHands","jugglermod: Box"],"picked":"jugglermod: Parry","floor":10},{"not_picked":["jugglermod: HandFlip","jugglermod: Spike"],"picked":"jugglermod: VanishingAct","floor":11},{"not_picked":["jugglermod: GummyHands","jugglermod: BackSmack"],"picked":"jugglermod: FindBalance","floor":13}],"player_experience":755009,"relics_obtained":[{"floor":4,"key":"ReplayTheSpireMod:Ring of Challenge"},{"floor":4,"key":"ReplayTheSpireMod:Ring of Addiction"},{"floor":4,"key":"Chameleon Ring"},{"floor":4,"key":"White Beast Statue"},{"floor":8,"key":"hexamod:CandleOfCauterizing"}],"event_choices":[{"damage_healed":0,"gold_gain":0,"cards_transformed":["jugglermod: Strike"],"player_choice":"Transformed","damage_taken":0,"max_hp_gain":0,"max_hp_loss":0,"event_name":"Transmorgrifier","floor":2,"gold_loss":0,"cards_obtained":["jugglermod: Faceball"]}],"is_beta":false,"boss_relics":[],"items_purged_floors":[],"is_endless":false,"potions_floor_spawned":[1,5,7,10,11,13],"killed_by":"Gremlin Nob","ascension_level":0}}