{"host":"fbdlh90rovbiajun","time":1613109915,"event":{"mods":["AchievementEnabler","BaseMod","Colored Map","Minty Spire (QoL Compilation)","SuperFastMode"],"gold_per_floor":[113,113,126,301,301,301,376,395,395,395,100,100,118,138,138,241,241,260,260,260,260,359,386,406,437,437,437,470,470,485,410,410,410,410],"floor_reached":33,"language":"KOR","playtime":2558,"items_purged":["Doubt"],"score":271,"play_id":"a4a6a9a9-65ed-4413-b95c-a3d6ec96425b","local_time":"20210212150515","is_ascension_mode":false,"campfire_choices":[{"data":"Survivor","floor":6,"key":"SMITH"},{"data":"Backstab","floor":12,"key":"SMITH"},{"data":"Poisoned Stab","floor":15,"key":"SMITH"},{"floor":27,"key":"REST"},{"data":"Endless Agony","floor":29,"key":"SMITH"},{"data":"Backflip","floor":32,"key":"SMITH"}],"circlet_count":0,"master_deck":["Strike_G+1","Strike_G+1","Strike_G+1","Strike_G+1","Strike_G+1","Defend_G+1","Defend_G+1","Defend_G+1","Defend_G+1","Survivor+1","Neutralize","Backflip+1","Backstab+1","Tactician","Poisoned Stab+1","Dagger Throw","Adrenaline","Endless Agony+1","Slice+1","Backflip+1","Dagger Spray+1"],"relics":["Ring of the Snake","Nunchaku","Bag of Preparation","Philosopher\u0027s Stone","MutagenicStrength","Juzu Bracelet","Regal Pillow","Red Mask"],"acts_visited":["Exordium","TheCity"],"potions_floor_usage":[33,33],"damage_taken":[{"damage":2,"enemies":"Jaw Worm","floor":1,"turns":5},{"damage":3,"enemies":"Small Slimes","floor":3,"turns":4},{"damage":1,"enemies":"2 Louse","floor":8,"turns":4},{"damage":0,"enemies":"Gremlin Gang","floor":13,"turns":8},{"damage":0,"enemies":"3 Louse","floor":14,"turns":3},{"damage":54,"enemies":"Hexaghost","floor":16,"turns":12},{"damage":14,"enemies":"Shell Parasite","floor":18,"turns":6},{"damage":40,"enemies":"Gremlin Leader","floor":23,"turns":7},{"damage":0,"enemies":"Chosen","floor":24,"turns":2},{"damage":5,"enemies":"Slavers","floor":25,"turns":7},{"damage":0,"enemies":"Masked Bandits","floor":28,"turns":3},{"damage":2,"enemies":"Snake Plant","floor":30,"turns":2},{"damage":52,"enemies":"Champ","floor":33,"turns":12}],"seed_played":"-7776806221282188469","potions_obtained":[{"floor":3,"key":"AttackPotion"},{"floor":8,"key":"DistilledChaos"},{"floor":10,"key":"GhostInAJar"},{"floor":10,"key":"Energy Potion"},{"floor":16,"key":"DuplicationPotion"}],"is_trial":false,"path_per_floor":["M","$","M","?","?","R","?","M","T","?","$","R","M","M","R","B",null,"M","?","?","?","?","E","M","E","T","R","?","R","M","?","R","B"],"character_chosen":"THE_SILENT","items_purchased":["Tactician","Bag of Preparation"],"campfire_rested":1,"item_purchase_floors":[11,11],"current_hp_per_floor":[75,75,72,72,72,72,61,60,60,60,60,60,60,60,60,6,77,63,63,47,47,47,7,7,2,2,40,40,40,38,38,38,0,0],"gold":410,"neow_bonus":"TEN_PERCENT_HP_BONUS","is_daily":false,"chose_seed":false,"campfire_upgraded":5,"win_rate":0.0,"timestamp":1613109915,"path_taken":["M","$","M","?","?","R","?","M","T","?","$","R","?","M","R","BOSS","M","?","?","?","?","E","M","E","T","R","?","R","M","?","R","BOSS"],"items_purchased_type":["Card","Relic"],"build_version":"2020-12-22","purchased_purges":1,"victory":false,"max_hp_per_floor":[77,77,77,77,77,77,77,77,77,77,77,77,77,77,77,77,77,77,77,77,77,77,77,77,77,77,77,77,77,77,77,77,77,77],"card_choices":[{"not_picked":["Dodge and Roll","Dagger Spray","Underhanded Strike"],"picked":"SKIP","floor":1},{"not_picked":["Deadly Poison","Prepared"],"picked":"Backflip","floor":3},{"not_picked":["Prepared","Dagger Throw"],"picked":"Backstab","floor":8},{"not_picked":["Sucker Punch","Acrobatics"],"picked":"Poisoned Stab","floor":13},{"not_picked":["Blade Dance","Eviscerate"],"picked":"Dagger Throw","floor":14},{"not_picked":["After Image","Phantasmal Killer"],"picked":"Adrenaline","floor":16},{"not_picked":["Deflect","Acrobatics"],"picked":"Endless Agony","floor":18},{"not_picked":["Prepared","Blade Dance"],"picked":"Slice+1","floor":23},{"not_picked":["Malaise","Prepared"],"picked":"Backflip","floor":24},{"not_picked":["Bouncing Flask","Burst","Deflect"],"picked":"SKIP","floor":25},{"not_picked":["Deflect","Prepared+1"],"picked":"Dagger Spray+1","floor":30}],"player_experience":563,"relics_obtained":[{"floor":9,"key":"Nunchaku"},{"floor":23,"key":"Juzu Bracelet"},{"floor":26,"key":"Regal Pillow"},{"floor":28,"key":"Red Mask"}],"event_choices":[{"damage_healed":0,"gold_gain":175,"player_choice":"AGREE","damage_taken":0,"max_hp_gain":0,"max_hp_loss":0,"event_name":"Liars Game","floor":4,"gold_loss":0,"cards_obtained":["Doubt"]},{"damage_healed":0,"gold_gain":0,"player_choice":"Grow","damage_taken":0,"max_hp_gain":0,"max_hp_loss":0,"event_name":"Living Wall","floor":5,"gold_loss":0,"cards_upgraded":["Backflip"]},{"damage_healed":0,"gold_gain":75,"player_choice":"Gather Gold","damage_taken":11,"max_hp_gain":0,"max_hp_loss":0,"event_name":"World of Goop","floor":7,"gold_loss":0},{"damage_healed":0,"gold_gain":0,"player_choice":"Got Potions","damage_taken":0,"max_hp_gain":0,"max_hp_loss":0,"event_name":"Lab","floor":10,"gold_loss":0},{"damage_healed":0,"gold_gain":0,"player_choice":"Simplicity","damage_taken":0,"max_hp_gain":0,"max_hp_loss":0,"event_name":"Back to Basics","floor":19,"gold_loss":0,"cards_upgraded":["Strike_G","Strike_G","Strike_G","Strike_G","Strike_G","Defend_G","Defend_G","Defend_G","Defend_G","Defend_G"]},{"damage_healed":0,"gold_gain":0,"player_choice":"Obtained Book","damage_taken":16,"max_hp_gain":0,"max_hp_loss":0,"event_name":"Cursed Tome","floor":20,"gold_loss":0},{"damage_healed":0,"gold_gain":0,"player_choice":"Inject Mutagens","damage_taken":0,"relics_obtained":["MutagenicStrength"],"max_hp_gain":0,"max_hp_loss":0,"event_name":"Drug Dealer","floor":21,"gold_loss":0},{"damage_healed":0,"gold_gain":99,"player_choice":"Stole From Cult","damage_taken":0,"max_hp_gain":0,"max_hp_loss":0,"event_name":"Nest","floor":22,"gold_loss":0},{"damage_healed":0,"gold_gain":0,"player_choice":"Fought Bandits","damage_taken":0,"max_hp_gain":0,"max_hp_loss":0,"event_name":"Masked Bandits","floor":28,"gold_loss":0},{"cards_removed":["Defend_G"],"damage_healed":0,"gold_gain":0,"player_choice":"Gave Gold","damage_taken":0,"max_hp_gain":0,"max_hp_loss":0,"event_name":"Beggar","floor":31,"gold_loss":75}],"is_beta":false,"boss_relics":[{"not_picked":["Sozu","Runic Dome"],"picked":"Philosopher\u0027s Stone"}],"items_purged_floors":[11],"is_endless":false,"potions_floor_spawned":[3,8,13,16,24,30],"killed_by":"Champ","ascension_level":0}}