{"host":"fx4ma24vdin0c28l","time":1613158189,"event":{"mods":["AchievementEnabler","BaseMod","Colored Map","Colored Powertips","Minty Spire (QoL Compilation)","Quick Restart"],"gold_per_floor":[112,124,139,139,151,193,220,232,244,256,300,9163,9173,9190,9190,9294,9294,9308,9319,9330,9330,8422,8422,8451,8471,8471,8471,8496,8516,7506,7526,7526,7625,7675,7689,7700,7700,7700,7718,7734,7734,6840,6840,6840,5979,5998,5998,5998,5998,5998],"floor_reached":51,"language":"ENG","playtime":2737,"items_purged":["Pain","Strike_P","Defend_P","Strike_P","Defend_P"],"score":829,"play_id":"cc905296-ca75-4a2b-a954-6988375fe3fa","local_time":"20210212142949","is_ascension_mode":false,"campfire_choices":[{"floor":8,"key":"REST"},{"floor":15,"key":"REST"},{"data":"Ragnarok","floor":23,"key":"SMITH"},{"floor":32,"key":"REST"},{"data":"RitualDagger","floor":41,"key":"SMITH"},{"floor":49,"key":"REST"}],"circlet_count":0,"master_deck":["Strike_P","Strike_P","Defend_P","Eruption","Vigilance","FollowUp","CarveReality","EmptyBody","Ragnarok+1","Halt","Halt","DeusExMachina","BowlingBash","Halt","DeusExMachina","Crescendo","FollowUp","FlurryOfBlows","Ragnarok","FlyingSleeves+1","RitualDagger+1","Jack Of All Trades","Consecrate+1","FlurryOfBlows","BattleHymn","Protect","Halt+1","Wallop+1","LikeWater+1","Swivel","DeusExMachina","EmptyFist","Panache+1","Impatience","Thunderclap+1"],"relics":["PureWater","NeowsBlessing","MawBank","Letter Opener","Lantern","WarpedTongs","Dream Catcher","Oddly Smooth Stone","Torii","DollysMirror","Busted Crown","Tiny Chest","Cauldron","Matryoshka","Bag of Preparation","Regal Pillow","Frozen Egg 2","Red Mask","Gremlin Horn","Bird Faced Urn","Frozen Eye","Tiny House","Omamori","Bottled Tornado","Blue Candle","Ice Cream","PrismaticShard","Blood Vial","HornCleat","Strawberry","TungstenRod"],"acts_visited":["Exordium","TheCity","TheBeyond"],"potions_floor_usage":[7,24,28,28,31,33,50,50],"damage_taken":[{"damage":0,"enemies":"Cultist","floor":1,"turns":1},{"damage":0,"enemies":"2 Louse","floor":2,"turns":1},{"damage":0,"enemies":"Small Slimes","floor":3,"turns":1},{"damage":36,"enemies":"3 Sentries","floor":6,"turns":4},{"damage":0,"enemies":"Red Slaver","floor":7,"turns":1},{"damage":6,"enemies":"Lagavulin","floor":11,"turns":7},{"damage":0,"enemies":"Large Slime","floor":13,"turns":3},{"damage":0,"enemies":"Looter","floor":14,"turns":1},{"damage":0,"enemies":"Slime Boss","floor":16,"turns":5},{"damage":0,"enemies":"2 Thieves","floor":18,"turns":2},{"damage":0,"enemies":"Chosen","floor":19,"turns":3},{"damage":8,"enemies":"Snake Plant","floor":20,"turns":3},{"damage":36,"enemies":"Gremlin Leader","floor":24,"turns":4},{"damage":0,"enemies":"3 Cultists","floor":25,"turns":3},{"damage":0,"enemies":"Masked Bandits","floor":28,"turns":2},{"damage":2,"enemies":"Chosen and Byrds","floor":29,"turns":2},{"damage":0,"enemies":"Snake Plant","floor":31,"turns":1},{"damage":29,"enemies":"Automaton","floor":33,"turns":6},{"damage":7,"enemies":"3 Darklings","floor":35,"turns":4},{"damage":13,"enemies":"3 Shapes","floor":36,"turns":2},{"damage":0,"enemies":"3 Darklings","floor":39,"turns":2},{"damage":6,"enemies":"Sphere and 2 Shapes","floor":40,"turns":2},{"damage":15,"enemies":"4 Shapes","floor":46,"turns":3},{"damage":53,"enemies":"Awakened One","floor":50,"turns":8}],"seed_played":"-3492163659721212975","potions_obtained":[{"floor":3,"key":"CultistPotion"},{"floor":6,"key":"Fire Potion"},{"floor":11,"key":"LiquidBronze"},{"floor":22,"key":"FairyPotion"},{"floor":24,"key":"SpeedPotion"},{"floor":29,"key":"SteroidPotion"},{"floor":31,"key":"Swift Potion"},{"floor":34,"key":"Ambrosia"}],"is_trial":false,"path_per_floor":["M","M","M","?","?","E","M","R","T","?","E","$","M","M","R","B",null,"M","M","M","?","$","R","E","M","T","?","?","M","$","M","R","B",null,"M","M","?","T","M","M","R","$","T","?","$","M","?","T","R","B",null],"character_chosen":"WATCHER","items_purchased":["BowlingBash","Oddly Smooth Stone","Torii","Halt","Fruit Juice","DollysMirror","Tiny Chest","Cauldron","Matryoshka","Jack Of All Trades","Consecrate","FlurryOfBlows","BattleHymn","Gremlin Horn","Bird Faced Urn","Frozen Eye","Flash of Steel","Fire Potion","LikeWater+1","Blue Candle","Ice Cream","PrismaticShard","EmptyFist","HornCleat","Strawberry","Panache+1","Impatience"],"campfire_rested":4,"item_purchase_floors":[12,12,12,12,12,12,22,22,22,22,22,22,22,30,30,30,30,30,30,42,42,42,42,45,45,45,45],"current_hp_per_floor":[72,72,72,60,60,24,24,45,45,45,39,39,39,39,60,60,72,72,72,64,58,58,58,27,27,27,27,27,25,25,25,63,36,82,77,64,64,64,66,62,62,62,62,62,69,60,60,60,89,38],"gold":5998,"neow_bonus":"THREE_ENEMY_KILL","is_daily":false,"chose_seed":false,"campfire_upgraded":2,"win_rate":0.0,"timestamp":1613158189,"path_taken":["M","M","?","?","?","E","?","R","T","?","E","$","M","M","R","BOSS","M","M","M","?","$","R","E","M","T","?","?","M","$","M","R","BOSS","M","M","?","?","M","?","R","$","T","?","$","M","?","?","R","BOSS"],"items_purchased_type":["Card","Relic","Relic","Card","Potion","Relic","Relic","Relic","Relic","Card","Card","Card","Card","Relic","Relic","Relic","Card","Potion","Card","Relic","Relic","Relic","Card","Relic","Relic","Card","Card"],"build_version":"2020-12-22","purchased_purges":5,"victory":true,"max_hp_per_floor":[72,72,72,72,72,72,72,72,72,72,72,72,72,72,72,72,72,72,72,72,72,72,72,77,77,77,77,77,77,77,77,77,77,82,82,82,82,82,82,82,82,82,82,82,89,89,89,89,89,89],"card_choices":[{"not_picked":["Nirvana","CarveReality"],"picked":"FollowUp","floor":1},{"not_picked":["Evaluate","Worship"],"picked":"CarveReality","floor":2},{"not_picked":["Worship","JustLucky"],"picked":"EmptyBody","floor":3},{"not_picked":["FlyingSleeves","Protect"],"picked":"Halt","floor":6},{"not_picked":["LikeWater","CrushJoints"],"picked":"Halt","floor":7},{"not_picked":["Consecrate","FearNoEvil"],"picked":"DeusExMachina","floor":11},{"not_picked":["CrushJoints","BowlingBash"],"picked":"Crescendo","floor":13},{"not_picked":["WreathOfFlame","BowlingBash"],"picked":"FollowUp","floor":14},{"not_picked":["Study","PathToVictory"],"picked":"FlurryOfBlows","floor":15},{"not_picked":["Judgement","DevaForm"],"picked":"Ragnarok","floor":16},{"not_picked":["PathToVictory"],"picked":"SKIP","floor":18},{"not_picked":[],"picked":"FlyingSleeves+1","floor":19},{"not_picked":["ThirdEye"],"picked":"SKIP","floor":20},{"not_picked":[],"picked":"Protect","floor":24},{"not_picked":[],"picked":"Halt+1","floor":25},{"not_picked":[],"picked":"Wallop+1","floor":28},{"not_picked":["PathToVictory"],"picked":"SKIP","floor":29},{"not_picked":["Protect+1"],"picked":"SKIP","floor":31},{"not_picked":[],"picked":"Swivel","floor":34},{"not_picked":["BowlingBash+1"],"picked":"SKIP","floor":35},{"not_picked":["Protect"],"picked":"SKIP","floor":36},{"not_picked":["JustLucky+1"],"picked":"SKIP","floor":39},{"not_picked":["EmptyBody+1"],"picked":"SKIP","floor":40},{"not_picked":[],"picked":"Thunderclap+1","floor":46}],"player_experience":60202,"relics_obtained":[{"floor":6,"key":"Letter Opener"},{"floor":9,"key":"Lantern"},{"floor":11,"key":"Dream Catcher"},{"floor":24,"key":"Bag of Preparation"},{"floor":26,"key":"Regal Pillow"},{"floor":26,"key":"Frozen Egg 2"},{"floor":28,"key":"Red Mask"},{"floor":38,"key":"Omamori"},{"floor":38,"key":"Bottled Tornado"},{"floor":43,"key":"Blood Vial"},{"floor":48,"key":"TungstenRod"}],"event_choices":[{"damage_healed":0,"gold_gain":0,"player_choice":"Success","damage_taken":12,"relics_obtained":["MawBank"],"max_hp_gain":0,"max_hp_loss":0,"event_name":"Scrap Ooze","floor":4,"gold_loss":0},{"damage_healed":0,"gold_gain":0,"cards_transformed":["Defend_P"],"player_choice":"Transformed","damage_taken":0,"max_hp_gain":0,"max_hp_loss":0,"event_name":"Transmorgrifier","floor":5,"gold_loss":0,"cards_obtained":["Ragnarok"]},{"damage_healed":0,"gold_gain":0,"player_choice":"Rummage","damage_taken":0,"relics_obtained":["WarpedTongs"],"max_hp_gain":0,"max_hp_loss":0,"event_name":"Accursed Blacksmith","floor":10,"gold_loss":0,"cards_obtained":["Pain"]},{"damage_healed":0,"gold_gain":0,"player_choice":"Joined the Cult","damage_taken":6,"max_hp_gain":0,"max_hp_loss":0,"event_name":"Nest","floor":21,"gold_loss":0,"cards_obtained":["RitualDagger"]},{"damage_healed":0,"gold_gain":0,"player_choice":"Ignored","damage_taken":0,"max_hp_gain":0,"max_hp_loss":0,"event_name":"Cursed Tome","floor":27,"gold_loss":0},{"damage_healed":0,"gold_gain":0,"player_choice":"Fought Bandits","damage_taken":0,"max_hp_gain":0,"max_hp_loss":0,"event_name":"Masked Bandits","floor":28,"gold_loss":0},{"damage_healed":0,"gold_gain":0,"player_choice":"Copied","damage_taken":0,"max_hp_gain":0,"max_hp_loss":0,"event_name":"Duplicator","floor":37,"gold_loss":0,"cards_obtained":["DeusExMachina"]},{"damage_healed":0,"gold_gain":0,"player_choice":"Memory 1","damage_taken":0,"max_hp_gain":0,"max_hp_loss":0,"event_name":"SensoryStone","floor":44,"gold_loss":0},{"cards_removed":["Flash of Steel"],"damage_healed":0,"gold_gain":0,"player_choice":"Removed Attack","damage_taken":0,"max_hp_gain":0,"max_hp_loss":0,"event_name":"Falling","floor":47,"gold_loss":0}],"is_beta":false,"boss_relics":[{"not_picked":["Black Star","Astrolabe"],"picked":"Busted Crown"},{"not_picked":["Fusion Hammer","Coffee Dripper"],"picked":"Tiny House"}],"items_purged_floors":[12,22,30,42,45],"is_endless":false,"potions_floor_spawned":[3,6,11,24,25,29,31,36,39,46],"ascension_level":0}}