{"host":"w8xisjf5mgmfjvmt","time":1613106334,"event":{"mods":["ATMod(°¢èªMod)","BaseMod","BetterRewards","Challenge The Spire","Conspire","Energized Spire","Filter the Spire","Minty Spire (QoL Compilation)","Quarter Circle Forward PUNCH!","Quick Restart","Relic Filter Mod","Relic Stats","Reliquary","Replay The Spire","Say the Spire","Shop Mod","Spicy Shops","StSLib","Thieving Mod","¡¾ÒÅÎï¿¨ÅÆ¡¿REMEMod","óô»ðÖ¸ÄÏ"],"gold_per_floor":[115,115,129,129,154,154,185,209,260,294,219,235,254,294,294,384,384,409,53,74,94,94,127,25,39,39,83,83,117,132,32,32,125,125,144,210,210,366,384,384,520,540,540,676,697,716,851,414,414,614,814,814,814,81,324,424],"floor_reached":57,"language":"ZHS","playtime":4389,"items_purged":["Strike_G","Strike_G","Defend_G"],"score":3744,"play_id":"58602601-b34c-4961-b850-03ccbc34fe2c","local_time":"20210212130534","is_ascension_mode":true,"campfire_choices":[{"data":"AT_FamilyPortrait","floor":6.0,"key":"SMITH"},{"data":"Discovery","floor":15.0,"key":"SMITH"},{"data":"Bullet Time","floor":28.0,"key":"SMITH"},{"data":"After Image","floor":40.0,"key":"SMITH"},{"floor":49.0,"key":"RECALL"},{"data":"Well Laid Plans","floor":53,"key":"SMITH"}],"circlet_count":0,"master_deck":["AscendersBane","Defend_G","Defend_G","Defend_G","Defend_G","Survivor","Neutralize+1","Discovery+1","AT_FamilyPortrait+1","Blade Dance","Dash","Dagger Spray","Cloak And Dagger","AT_TinkerSharpsword","Hidden Blade","Backflip","Choke","AT_EssenceShift","Bullet Time+1","Cloak And Dagger+1","Wraith Form v2+1","Calculated Gamble","AT_ArcaneSupremacy+1","Noxious Fumes","After Image+1","Purity","Footwork+1","Well Laid Plans+1","PiercingWail","ReplayTheSpireMod:Speed Training+1","Night Terror","Hidden Blade+1"],"relics":["REME_ComplimentaryCards","AT_ATBox","Coffee Dripper","Golden Idol","reliquary:BoilingFlask","AT_EbonyIvory","Whetstone","reliquary:NewFriend","Replay:Bronze Core","Lantern","AT_ArcaneBoots","reliquary:IridiumChain","Juzu Bracelet","qcfpunch:Crimson_Sash","AT_TheCollector","Bag of Preparation","Orichalcum","conspire:BottledYoYo","ReplayTheSpireMod:Lightbulb","ClockworkSouvenir","Orrery","Prayer Wheel","ReplayTheSpireMod:Shallot","Sling","Toolbox","Turnip"],"acts_visited":["Exordium","TheCity","TheBeyond","TheEnding"],"potions_floor_usage":[56],"damage_taken":[{"damage":0.0,"enemies":"Small Slimes","floor":1.0,"turns":3.0},{"damage":0.0,"enemies":"Cultist","floor":3.0,"turns":3.0},{"damage":2.0,"enemies":"Jaw Worm","floor":5.0,"turns":3.0},{"damage":0.0,"enemies":"3 Sentries","floor":7.0,"turns":4.0},{"damage":0.0,"enemies":"2 Fungi Beasts","floor":8.0,"turns":2.0},{"damage":4.0,"enemies":"Gremlin Nob","floor":10.0,"turns":3.0},{"damage":0.0,"enemies":"Exordium Thugs","floor":12.0,"turns":3.0},{"damage":0.0,"enemies":"Lots of Slimes","floor":13.0,"turns":1.0},{"damage":12.0,"enemies":"3 Sentries","floor":14.0,"turns":7.0},{"damage":0.0,"enemies":"Fading Forest","floor":16.0,"turns":12.0},{"damage":0.0,"enemies":"Spheric Guardian","floor":18.0,"turns":5.0},{"damage":9.0,"enemies":"conspire:FuzzyDice","floor":20.0,"turns":9.0},{"damage":9.0,"enemies":"Snake Plant","floor":21.0,"turns":5.0},{"damage":0.0,"enemies":"REME_1_Revenger","floor":23.0,"turns":7.0},{"damage":2.0,"enemies":"Shelled Parasite and Fungi","floor":25.0,"turns":6.0},{"damage":0.0,"enemies":"Gremlin Leader","floor":27.0,"turns":4.0},{"damage":4.0,"enemies":"Book of Stabbing","floor":29.0,"turns":5.0},{"damage":8.0,"enemies":"Chosen and Byrds","floor":30.0,"turns":4.0},{"damage":0.0,"enemies":"Automaton","floor":33.0,"turns":7.0},{"damage":0.0,"enemies":"Orb Walker","floor":35.0,"turns":5.0},{"damage":0.0,"enemies":"2 Orb Walkers","floor":36.0,"turns":4.0},{"damage":0.0,"enemies":"conspire:MimicChest","floor":38.0,"turns":7.0},{"damage":0.0,"enemies":"3 Shapes","floor":39.0,"turns":3.0},{"damage":0.0,"enemies":"R_Hoarder","floor":41.0,"turns":4.0},{"damage":0.0,"enemies":"Sphere and 2 Shapes","floor":42.0,"turns":8.0},{"damage":3.0,"enemies":"Reptomancer","floor":44.0,"turns":7.0},{"damage":0.0,"enemies":"Spire Growth","floor":45.0,"turns":6.0},{"damage":0.0,"enemies":"Jaw Worm Horde","floor":46.0,"turns":4.0},{"damage":0.0,"enemies":"R_Hoarder","floor":47.0,"turns":12.0},{"damage":0.0,"enemies":"Awakened One","floor":50.0,"turns":12.0},{"damage":0,"enemies":"Donu and Deca","floor":51,"turns":8},{"damage":0,"enemies":"Shield and Spear","floor":55,"turns":6},{"damage":25,"enemies":"The Heart","floor":56,"turns":9}],"seed_played":"2518980598882558766","potions_obtained":[{"floor":5.0,"key":"Swift Potion"},{"floor":8.0,"key":"Explosive Potion"},{"floor":18.0,"key":"Elixir"},{"floor":21.0,"key":"Adrenaline Potion"},{"floor":25.0,"key":"BlessingOfTheForge"},{"floor":44.0,"key":"Fruit Juice"},{"floor":45.0,"key":"GamblersBrew"}],"is_trial":false,"path_per_floor":["M","?","M","?","M","R","E","M","T","E","$","M","M","E","R","B",null,"M","$","M","M","?","E","$","M","T","E","R","E","M","$","R","B",null,"M","?","?","?","M","R","E","M","T","E","M","M","E","$","R","B","B",null,"R","$","E","B",null],"character_chosen":"THE_SILENT","items_purchased":["Wraith Form v2+1","AT_ArcaneSupremacy+1","ClockworkSouvenir","ReplayTheSpireMod:Speed Training+1","Orrery","ReplayTheSpireMod:Shallot","Sling","Toolbox"],"campfire_rested":0,"item_purchase_floors":[19,24,48,48,48,54,54,54],"current_hp_per_floor":[59,59,59,36,34,34,66,66,66,62,62,62,62,50,50,66,66,66,66,57,48,48,48,48,46,46,46,46,42,34,34,34,34,46,46,46,46,46,46,46,46,46,46,46,46,54,54,54,54,54,54,61,61,61,61,38],"gold":424,"neow_bonus":"BOSS_RELIC","is_daily":false,"chose_seed":false,"campfire_upgraded":5,"win_rate":0.0,"timestamp":1613106334,"path_taken":["M","?","?","?","M","R","E","M","T","E","$","M","M","E","R","BOSS","M","$","M","M","?","E","?","?","T","E","R","E","M","?","R","BOSS","M","?","?","?","M","R","E","M","T","E","M","M","E","$","R","BOSS","BOSS","R","$","E","BOSS"],"items_purchased_type":["Card","Card","Relic","Card","Relic","Relic","Relic","Relic"],"build_version":"2020-12-22","purchased_purges":3,"victory":true,"max_hp_per_floor":[66,66,66,66,66,66,66,66,66,66,66,66,66,66,66,66,66,66,66,66,66,66,66,66,66,66,66,66,66,66,66,66,66,66,66,66,66,66,66,66,66,66,66,71,71,71,71,71,71,71,71,71,71,71,71,73],"relic_stats":{"counters":[33,188],"Golden Idol":243,"Prayer Wheel":0,"Turnip":[2],"Juzu Bracelet":0,"Bag of Preparation":[22],"Whetstone":["Neutralize","Strike_G"],"Orichalcum":[0],"obtain_stats":[{"Lantern":23,"AT_ATBox":0,"reliquary:BoilingFlask":7,"AT_ArcaneBoots":38,"Juzu Bracelet":29,"Bag of Preparation":38,"Whetstone":10,"Sling":54,"qcfpunch:Crimson_Sash":34,"ClockworkSouvenir":48,"Replay:Bronze Core":17,"Toolbox":54,"reliquary:NewFriend":14,"Prayer Wheel":50,"Ring of the Snake":0,"Golden Idol":4,"AT_EbonyIvory":9,"Orichalcum":41,"reliquary:IridiumChain":27,"AT_SpeedBoots":26,"ReplayTheSpireMod:Shallot":54,"AT_TheCollector":36,"Orrery":48,"Turnip":55,"Coffee Dripper":0,"conspire:BottledYoYo":44,"ReplayTheSpireMod:Lightbulb":47,"REME_ComplimentaryCards":0},{"Lantern":14,"AT_ATBox":0,"reliquary:BoilingFlask":4,"AT_ArcaneBoots":22,"Juzu Bracelet":17,"Bag of Preparation":22,"Whetstone":6,"Sling":31,"qcfpunch:Crimson_Sash":19,"ClockworkSouvenir":29,"Replay:Bronze Core":10,"Toolbox":31,"reliquary:NewFriend":9,"Prayer Wheel":30,"Ring of the Snake":0,"Golden Idol":2,"AT_EbonyIvory":5,"Orichalcum":24,"reliquary:IridiumChain":16,"AT_SpeedBoots":15,"ReplayTheSpireMod:Shallot":31,"AT_TheCollector":21,"Orrery":29,"Turnip":32,"Coffee Dripper":0,"conspire:BottledYoYo":26,"ReplayTheSpireMod:Lightbulb":29,"REME_ComplimentaryCards":0},{"Lantern":67,"AT_ATBox":0,"reliquary:BoilingFlask":13,"AT_ArcaneBoots":103,"Juzu Bracelet":82,"Bag of Preparation":109,"Whetstone":18,"Sling":173,"qcfpunch:Crimson_Sash":93,"ClockworkSouvenir":153,"Replay:Bronze Core":41,"Toolbox":173,"reliquary:NewFriend":29,"Prayer Wheel":157,"Ring of the Snake":0,"Golden Idol":6,"AT_EbonyIvory":15,"Orichalcum":116,"reliquary:IridiumChain":77,"AT_SpeedBoots":73,"ReplayTheSpireMod:Shallot":173,"AT_TheCollector":102,"Orrery":153,"Turnip":179,"Coffee Dripper":0,"conspire:BottledYoYo":131,"ReplayTheSpireMod:Lightbulb":153,"REME_ComplimentaryCards":0}]},"card_choices":[{"not_picked":["Deadly Poison","Sucker Punch"],"picked":"Blade Dance","floor":1.0},{"not_picked":["Dagger Throw","Sneak Up"],"picked":"Dagger Spray","floor":3.0},{"not_picked":["Slice","Deadly Poison"],"picked":"Cloak And Dagger","floor":5.0},{"not_picked":["Flying Knee","Bullet Time"],"picked":"AT_TinkerSharpsword","floor":7.0},{"not_picked":["Bane","Dodge and Roll","Prepared"],"picked":"SKIP","floor":8.0},{"not_picked":["Storm of Steel","AT_ShadowStep"],"picked":"Hidden Blade","floor":10.0},{"not_picked":["Flechettes","Deflect"],"picked":"Backflip","floor":12.0},{"not_picked":["Underhanded Strike","Sucker Punch"],"picked":"Choke","floor":13.0},{"not_picked":["Dagger Spray","AT_WindRun"],"picked":"AT_EssenceShift","floor":14.0},{"not_picked":["Night Terror","REME_LeechingPoison"],"picked":"Bullet Time","floor":16.0},{"not_picked":["conspire:PoisonWeapons","Eviscerate"],"picked":"Cloak And Dagger+1","floor":18.0},{"not_picked":["Backflip","Quick Slash","Bane"],"picked":"SKIP","floor":20.0},{"not_picked":["conspire:PoisonWeapons","AT_ThistleTea"],"picked":"Calculated Gamble","floor":21.0},{"not_picked":["Bouncing Flask","Toxin Wave","Sucker Punch"],"picked":"SKIP","floor":23.0},{"not_picked":["Heel Hook","Flying Knee","Dagger Spray"],"picked":"SKIP","floor":25.0},{"not_picked":["Bouncing Flask","Bane","Dagger Throw"],"picked":"SKIP","floor":27.0},{"not_picked":["Hidden Blade","Deflect+1","Blade Dance"],"picked":"SKIP","floor":29.0},{"not_picked":["Dodge and Roll","Dagger Spray","Prepared"],"picked":"SKIP","floor":30.0},{"not_picked":["Phantasmal Killer","REME_LeechingPoison"],"picked":"After Image","floor":33.0},{"not_picked":["Sucker Punch+1","ReplayTheSpireMod:Tripwire","Poisoned Stab"],"picked":"SKIP","floor":35.0},{"not_picked":["ReplayTheSpireMod:Necrogeddon","Violence"],"picked":"Purity","floor":37.0},{"not_picked":["Poisoned Stab","Quick Slash"],"picked":"Footwork+1","floor":38.0},{"not_picked":["Outmaneuver","Underhanded Strike+1","Slice"],"picked":"SKIP","floor":39.0},{"not_picked":["Outmaneuver","Underhanded Strike+1","Slice"],"picked":"SKIP","floor":39.0},{"not_picked":["REME_SpectralBlade","Dagger Throw+1"],"picked":"Well Laid Plans","floor":41.0},{"not_picked":["Slice","All Out Attack+1","Noxious Fumes+1"],"picked":"SKIP","floor":42.0},{"not_picked":["Flying Knee","Quick Slash+1"],"picked":"PiercingWail","floor":44.0},{"not_picked":["Slice","Dagger Throw","Outmaneuver"],"picked":"SKIP","floor":45.0},{"not_picked":["Sucker Punch","AT_WindFlip","Prepared"],"picked":"SKIP","floor":46.0},{"not_picked":["Blade Dance","Noxious Fumes+1","Skewer"],"picked":"SKIP","floor":47.0},{"not_picked":["Acrobatics+1","Infinite Blades"],"picked":"Night Terror","floor":48.0},{"not_picked":["Tools of the Trade","Deflect"],"picked":"Hidden Blade+1","floor":48.0},{"not_picked":["Flechettes","AT_WindFlip","Dagger Spray"],"picked":"SKIP","floor":55}],"player_experience":1331860,"relics_obtained":[{"floor":7.0,"key":"reliquary:BoilingFlask"},{"floor":9.0,"key":"AT_EbonyIvory"},{"floor":10.0,"key":"Whetstone"},{"floor":14.0,"key":"reliquary:NewFriend"},{"floor":23.0,"key":"Lantern"},{"floor":26.0,"key":"AT_SpeedBoots"},{"floor":27.0,"key":"reliquary:IridiumChain"},{"floor":29.0,"key":"Juzu Bracelet"},{"floor":36.0,"key":"AT_TheCollector"},{"floor":38.0,"key":"Bag of Preparation"},{"floor":41.0,"key":"Orichalcum"},{"floor":44.0,"key":"conspire:BottledYoYo"},{"floor":47.0,"key":"ReplayTheSpireMod:Lightbulb"},{"floor":55,"key":"Turnip"}],"event_choices":[{"damage_healed":0.0,"max_hp_gain":0.0,"max_hp_loss":0.0,"gold_gain":0.0,"cards_transformed":["Strike_G"],"event_name":"Transmorgrifier","player_choice":"Transformed","floor":2.0,"gold_loss":0.0,"damage_taken":0.0,"cards_obtained":["Dash"]},{"damage_healed":0.0,"max_hp_gain":0.0,"max_hp_loss":0.0,"gold_gain":0.0,"event_name":"Golden Idol","player_choice":"Take Damage","floor":4.0,"gold_loss":0.0,"damage_taken":23.0,"relics_obtained":["Golden Idol"]},{"cards_removed":["Strike_G"],"damage_healed":0.0,"max_hp_gain":0.0,"max_hp_loss":0.0,"gold_gain":0.0,"event_name":"Purifier","player_choice":"Purged","floor":22.0,"gold_loss":0.0,"damage_taken":0.0},{"damage_healed":0.0,"max_hp_gain":0.0,"max_hp_loss":0.0,"gold_gain":0.0,"event_name":"Mysterious Sphere","player_choice":"Fight","floor":36.0,"gold_loss":0.0,"damage_taken":0.0},{"damage_healed":0.0,"max_hp_gain":0.0,"max_hp_loss":0.0,"gold_gain":0.0,"event_name":"SensoryStone","player_choice":"Memory 1","floor":37.0,"gold_loss":0.0,"damage_taken":0.0}],"is_beta":false,"boss_relics":[{"not_picked":["conspire:SeveredTorchhead","Replay:Ancient Bell"],"picked":"Replay:Bronze Core"},{"not_picked":["reliquary:RedPaperclip","ReplayTheSpireMod:DimensionalGlitch"],"picked":"qcfpunch:Crimson_Sash"}],"items_purged_floors":[11,31,54],"is_endless":false,"potions_floor_spawned":[5,8,10,13,18,21,25,27,30,36,41,44,45,46,47],"ascension_level":20}}