{"host":"qlznacst95ifd6w5","time":1613105011,"event":{"mods":["2.2 Compatiblity","AchievementEnabler","BaseMod","Bestiary","Block Reminder","Colored Map","Curses Come First","DeckTracker","Highlight Path","Minty Spire (QoL Compilation)","Permanent Neow","Relic Sorter","Relic Stats","StSLib","Together in Spire"],"gold_per_floor":[114,126,28,41,41,41,41],"floor_reached":6,"language":"ENG","playtime":256,"items_purged":["Strike_B"],"score":36,"play_id":"35eb6db6-3b0b-436e-a034-1a5218d0ab09","local_time":"20210211234331","is_ascension_mode":false,"campfire_choices":[],"circlet_count":0,"master_deck":["Strike_B","Strike_B","Strike_B","Defend_B","Defend_B","Defend_B","Defend_B","Zap","Dualcast","White Noise","Doom and Gloom","Beam Cell","Hello World"],"relics":["Cracked Core","Orichalcum"],"acts_visited":["Exordium"],"potions_floor_usage":[],"damage_taken":[{"damage":0,"enemies":"Cultist","floor":1,"turns":2},{"damage":6,"enemies":"2 Louse","floor":2,"turns":2},{"damage":0,"enemies":"Small Slimes","floor":4,"turns":2},{"damage":0,"enemies":"3 Sentries","floor":6,"turns":1}],"seed_played":"-7542687840393660303","potions_obtained":[{"floor":4,"key":"SteroidPotion"}],"is_trial":false,"path_per_floor":["M","M","$","M","?","E"],"character_chosen":"DEFECT","items_purchased":["Beam Cell"],"campfire_rested":0,"item_purchase_floors":[3],"current_hp_per_floor":[82,76,76,76,76,76,76],"gold":41,"neow_bonus":"TEN_PERCENT_HP_BONUS","is_daily":false,"chose_seed":false,"campfire_upgraded":0,"win_rate":0.0,"timestamp":1613105011,"path_taken":["M","M","?","M","?","E"],"items_purchased_type":["Card"],"build_version":"2020-12-22","purchased_purges":1,"victory":false,"max_hp_per_floor":[82,82,82,82,82,82,82],"relic_stats":{"counters":[4,7],"Orichalcum":[0],"obtain_stats":[{"Orichalcum":5,"Cracked Core":0},{"Orichalcum":3,"Cracked Core":0},{"Orichalcum":6,"Cracked Core":0}]},"card_choices":[{"not_picked":["Steam","Blizzard"],"picked":"White Noise","floor":1},{"not_picked":["Hologram","Compile Driver"],"picked":"Doom and Gloom","floor":2},{"not_picked":["Steam","Gash"],"picked":"Hello World","floor":4}],"player_experience":5425,"relics_obtained":[],"event_choices":[{"damage_healed":0,"gold_gain":0,"player_choice":"Gave Potion","damage_taken":0,"relics_obtained":["Orichalcum"],"max_hp_gain":0,"max_hp_loss":0,"event_name":"WeMeetAgain","floor":5,"gold_loss":0}],"is_beta":false,"boss_relics":[],"items_purged_floors":[3],"is_endless":false,"potions_floor_spawned":[4],"killed_by":"3 Sentries","ascension_level":0}}