{"host":"bf5upntvbdompq33","time":1613101086,"event":{"mods":["BaseMod","Colored Map","Colored Powertips","Curses Come First","Minty Spire (QoL Compilation)","StSLib","The Dragon Tamer","The Hierophant","The Marked","The Mystic","The Servant 0.9.4"],"gold_per_floor":[112,14,14,30,30,30,62,62,62,88,101,101,127,302,302,405,405,418,418,437,455,20,53,70,70,122,154,180,42,59,59,59,164,164,174,186,234,80,97,97,131,146,146,166,176,187,212,229,229,229],"floor_reached":51,"language":"ENG","playtime":2911,"items_purged":["Strike_G","Strike_G+1"],"score":1089,"play_id":"217764f4-6afc-49fa-a8d6-41b38434d335","local_time":"20210211203806","is_ascension_mode":true,"campfire_choices":[{"data":"Bane","floor":6,"key":"SMITH"},{"floor":8,"key":"REST"},{"data":"Wraith Form v2","floor":15,"key":"SMITH"},{"data":"Catalyst","floor":25,"key":"SMITH"},{"floor":32,"key":"REST"},{"floor":40,"key":"REST"},{"floor":49,"key":"REST"}],"circlet_count":0,"master_deck":["Defend_G+1","Defend_G+1","Defend_G","Defend_G","Survivor","Neutralize+1","Noxious Fumes","Bane+1","Deadly Poison","Bouncing Flask","Wraith Form v2+1","Quick Slash+1","Doppelganger+1","Wraith Form v2+1","Deadly Poison+1","Calculated Gamble+1","Poisoned Stab+1","Sadistic Nature","Catalyst+1","Slice+1","Poisoned Stab+1","Poisoned Stab+1","Dagger Spray+1","Leg Sweep+1","Acrobatics","Acrobatics","Backflip","Crippling Poison","Well Laid Plans","Catalyst+1","Normality","Deadly Poison+1"],"relics":["Black Star","Molten Egg 2","White Beast Statue","Kunai","Meat on the Bone","Orichalcum","Snake Skull","Lantern","Astrolabe","Bottled Tornado","Dream Catcher","Anchor","War Paint","Incense Burner","MawBank","Cursed Key","Calipers","Whetstone","Bronze Scales","Frozen Egg 2","The Courier","Ancient Tea Set","Smiling Mask"],"acts_visited":["Exordium","TheCity","TheBeyond"],"potions_floor_usage":[11,11,23,23,24,27,46,46,50],"damage_taken":[{"damage":4,"enemies":"Jaw Worm","floor":1,"turns":6},{"damage":0,"enemies":"2 Louse","floor":4,"turns":2},{"damage":17,"enemies":"Lagavulin","floor":7,"turns":7},{"damage":23,"enemies":"3 Sentries","floor":10,"turns":6},{"damage":12,"enemies":"Small Slimes","floor":11,"turns":2},{"damage":38,"enemies":"Slime Boss","floor":16,"turns":11},{"damage":2,"enemies":"Spheric Guardian","floor":18,"turns":4},{"damage":7,"enemies":"Chosen","floor":20,"turns":4},{"damage":32,"enemies":"Shelled Parasite and Fungi","floor":21,"turns":4},{"damage":15,"enemies":"Book of Stabbing","floor":23,"turns":5},{"damage":0,"enemies":"Chosen and Byrds","floor":24,"turns":4},{"damage":9,"enemies":"Slavers","floor":27,"turns":6},{"damage":2,"enemies":"Cultist and Chosen","floor":28,"turns":4},{"damage":0,"enemies":"Shelled Parasite and Fungi","floor":30,"turns":3},{"damage":2,"enemies":"Champ","floor":33,"turns":8},{"damage":8,"enemies":"3 Shapes","floor":35,"turns":4},{"damage":0,"enemies":"Orb Walker","floor":36,"turns":3},{"damage":0,"enemies":"2 Orb Walkers","floor":37,"turns":4},{"damage":22,"enemies":"Spire Growth","floor":39,"turns":5},{"damage":5,"enemies":"Giant Head","floor":41,"turns":7},{"damage":1,"enemies":"4 Shapes","floor":42,"turns":3},{"damage":0,"enemies":"Transient","floor":44,"turns":5},{"damage":0,"enemies":"Sphere and 2 Shapes","floor":45,"turns":5},{"damage":4,"enemies":"Writhing Mass","floor":46,"turns":4},{"damage":15,"enemies":"Nemesis","floor":47,"turns":3},{"damage":3,"enemies":"Transient","floor":48,"turns":5},{"damage":4,"enemies":"Time Eater","floor":50,"turns":4}],"seed_played":"-470794592745803841","potions_obtained":[{"floor":4,"key":"Regen Potion"},{"floor":7,"key":"LiquidMemories"},{"floor":10,"key":"Ancient Potion"},{"floor":11,"key":"Poison Potion"},{"floor":16,"key":"DistilledChaos"},{"floor":18,"key":"Regen Potion"},{"floor":23,"key":"PowerPotion"},{"floor":24,"key":"Fruit Juice"},{"floor":27,"key":"LiquidBronze"},{"floor":28,"key":"SteroidPotion"},{"floor":30,"key":"Energy Potion"},{"floor":33,"key":"Regen Potion"},{"floor":39,"key":"Explosive Potion"},{"floor":41,"key":"AttackPotion"},{"floor":46,"key":"Poison Potion"},{"floor":47,"key":"LiquidBronze"}],"is_trial":false,"path_per_floor":["M","$","?","M","T","R","E","R","T","E","M","?","T","?","R","B",null,"M","?","M","M","$","E","M","R","T","E","M","$","M","?","R","B",null,"M","M","?","$","M","R","E","M","T","M","M","M","E","M","R","B",null],"character_chosen":"THE_SILENT","items_purchased":["Bane","Sadistic Nature","Bottled Tornado","Dagger Spray+1","Whetstone"],"campfire_rested":4,"item_purchase_floors":[2,22,22,29,38],"current_hp_per_floor":[59,59,45,45,45,45,28,49,49,38,47,70,70,70,70,44,64,62,62,55,35,35,46,51,51,51,42,40,40,40,40,62,60,71,63,63,63,63,41,63,58,57,57,57,57,65,50,47,69,65],"gold":229,"neow_bonus":"BOSS_RELIC","is_daily":false,"chose_seed":false,"campfire_upgraded":3,"win_rate":0.0,"timestamp":1613101086,"path_taken":["M","$","?","M","?","R","E","R","T","E","?","?","?","?","R","BOSS","M","?","M","M","$","E","M","R","T","E","?","$","M","?","R","BOSS","M","M","?","$","M","R","E","M","T","M","M","M","E","M","R","BOSS"],"items_purchased_type":["Card","Card","Relic","Card","Relic"],"build_version":"2020-12-22","purchased_purges":2,"victory":true,"max_hp_per_floor":[70,70,70,70,70,70,70,70,70,70,70,70,70,70,70,70,70,70,70,70,70,70,70,75,75,75,75,75,75,75,75,75,75,75,75,75,75,75,75,75,75,75,75,75,75,75,75,75,75,75],"card_choices":[{"not_picked":["Outmaneuver","Expertise"],"picked":"Noxious Fumes","floor":1},{"not_picked":["PiercingWail","Quick Slash"],"picked":"Deadly Poison","floor":4},{"not_picked":["Escape Plan","Dagger Spray+1"],"picked":"Bouncing Flask","floor":7},{"not_picked":["Deflect","Backflip"],"picked":"Wraith Form v2","floor":10},{"not_picked":["Skewer+1","Caltrops"],"picked":"Quick Slash+1","floor":11},{"not_picked":["Infinite Blades+1","Bane+1"],"picked":"Deadly Poison+1","floor":18},{"not_picked":["Prepared+1","Heel Hook+1"],"picked":"Calculated Gamble+1","floor":20},{"not_picked":["Flying Knee+1","Expertise"],"picked":"Poisoned Stab+1","floor":21},{"not_picked":["Reflex","Flechettes+1"],"picked":"Catalyst","floor":23},{"not_picked":["Calculated Gamble","Expertise"],"picked":"Slice+1","floor":24},{"not_picked":["Outmaneuver","Deflect"],"picked":"Poisoned Stab+1","floor":27},{"not_picked":["Setup","Flying Knee+1"],"picked":"Poisoned Stab+1","floor":28},{"not_picked":["Backflip","Prepared"],"picked":"Leg Sweep+1","floor":30},{"not_picked":["Escape Plan","Leg Sweep"],"picked":"Backflip","floor":32},{"not_picked":["Predator+1","Heel Hook+1","Backflip"],"picked":"SKIP","floor":35},{"not_picked":["Terror+1","Outmaneuver"],"picked":"Crippling Poison","floor":36},{"not_picked":["Outmaneuver","Quick Slash+1"],"picked":"Well Laid Plans","floor":37},{"not_picked":["Outmaneuver","Blade Dance+1"],"picked":"Catalyst+1","floor":39},{"not_picked":["Dash+1","Cloak And Dagger","Distraction+1"],"picked":"SKIP","floor":41},{"not_picked":["Distraction","Choke+1","Sucker Punch+1"],"picked":"SKIP","floor":42},{"not_picked":["Blade Dance+1","Underhanded Strike+1","Dagger Spray+1"],"picked":"SKIP","floor":44},{"not_picked":["Endless Agony+1","Slice+1","Dagger Throw+1"],"picked":"SKIP","floor":45},{"not_picked":["Outmaneuver+1","Terror","Storm of Steel"],"picked":"SKIP","floor":46},{"not_picked":["Dash+1","Bane+1"],"picked":"Deadly Poison+1","floor":47},{"not_picked":["Setup","Heel Hook+1","Quick Slash+1"],"picked":"SKIP","floor":48}],"player_experience":1551612,"relics_obtained":[{"floor":5,"key":"Molten Egg 2"},{"floor":7,"key":"White Beast Statue"},{"floor":7,"key":"Kunai"},{"floor":9,"key":"Meat on the Bone"},{"floor":10,"key":"Orichalcum"},{"floor":10,"key":"Snake Skull"},{"floor":13,"key":"Lantern"},{"floor":23,"key":"Dream Catcher"},{"floor":23,"key":"Anchor"},{"floor":26,"key":"War Paint"},{"floor":27,"key":"Incense Burner"},{"floor":27,"key":"MawBank"},{"floor":37,"key":"Calipers"},{"floor":41,"key":"Bronze Scales"},{"floor":41,"key":"Frozen Egg 2"},{"floor":43,"key":"The Courier"},{"floor":47,"key":"Ancient Tea Set"},{"floor":47,"key":"Smiling Mask"}],"event_choices":[{"damage_healed":0,"gold_gain":0,"player_choice":"Entered Light","damage_taken":14,"max_hp_gain":0,"max_hp_loss":0,"event_name":"Shining Light","floor":3,"gold_loss":0,"cards_upgraded":["Strike_G","Strike_G"]},{"damage_healed":23,"gold_gain":0,"player_choice":"Banana","damage_taken":0,"max_hp_gain":0,"max_hp_loss":0,"event_name":"Big Fish","floor":12,"gold_loss":0},{"damage_healed":0,"gold_gain":175,"player_choice":"AGREE","damage_taken":0,"max_hp_gain":0,"max_hp_loss":0,"event_name":"Liars Game","floor":14,"gold_loss":0,"cards_obtained":["Doubt"]},{"cards_removed":["Regret"],"damage_healed":0,"gold_gain":0,"player_choice":"Purged","damage_taken":0,"max_hp_gain":0,"max_hp_loss":0,"event_name":"Purifier","floor":19,"gold_loss":0},{"damage_healed":0,"gold_gain":0,"cards_transformed":["Defend_G","Strike_G"],"player_choice":"Became Test Subject","damage_taken":0,"max_hp_gain":0,"max_hp_loss":0,"event_name":"Drug Dealer","floor":31,"gold_loss":0,"cards_obtained":["Acrobatics","Acrobatics"]},{"damage_healed":0,"gold_gain":0,"player_choice":"Fight","damage_taken":0,"max_hp_gain":0,"max_hp_loss":0,"event_name":"Mysterious Sphere","floor":37,"gold_loss":0}],"is_beta":false,"boss_relics":[{"not_picked":["Snecko Eye","Tiny House"],"picked":"Astrolabe"},{"not_picked":["Runic Pyramid","Calling Bell"],"picked":"Cursed Key"}],"items_purged_floors":[2,29],"is_endless":false,"potions_floor_spawned":[4,7,10,11,16,18,20,21,23,24,27,28,30,33,35,36,37,39,41,42,44,45,46,47,48],"ascension_level":9}}