{"host":"7qoz5gmva6til3yp","time":1613149352,"event":{"mods":["2.2 Compatiblity","BaseMod","Minty Spire (QoL Compilation)","StSLib","SuperFastMode"],"gold_per_floor":[114,114,137,150,166,166,207,207,207,242,242,276,276,299,299,430,430,453,453,378,378,378,378,409,421,446,460,460,460],"floor_reached":28,"language":"KOR","playtime":808,"items_purged":["Strike_B"],"score":256,"play_id":"91d8a312-674b-4381-8140-23f9ad8a5ac9","local_time":"20210213020232","is_ascension_mode":false,"campfire_choices":[{"data":"Blizzard","floor":6,"key":"SMITH"},{"data":"Coolheaded","floor":8,"key":"SMITH"},{"data":"Capacitor","floor":11,"key":"SMITH"},{"floor":13,"key":"REST"},{"floor":15,"key":"REST"},{"data":"Glacier","floor":23,"key":"SMITH"}],"circlet_count":0,"master_deck":["Strike_B","Strike_B","Strike_B+1","Defend_B","Defend_B","Defend_B","Defend_B","Zap","Dualcast+1","Loop","Glacier+1","Capacitor+1","Ball Lightning+1","Blizzard+1","Coolheaded+1","Turbo","Sweeping Beam","Seek+1","Stack","Fusion+1","Hologram+1","Chaos+1"],"relics":["Cracked Core","Bloody Idol","Boot","Whetstone","Darkstone Periapt","Frozen Egg 2","Inserter","Toxic Egg 2","War Paint","PreservedInsect"],"acts_visited":["Exordium","TheCity"],"potions_floor_usage":[16],"damage_taken":[{"damage":3,"enemies":"Jaw Worm","floor":1,"turns":4},{"damage":1,"enemies":"2 Louse","floor":3,"turns":3},{"damage":1,"enemies":"Cultist","floor":4,"turns":4},{"damage":22,"enemies":"Gremlin Gang","floor":5,"turns":7},{"damage":7,"enemies":"Lagavulin","floor":7,"turns":8},{"damage":2,"enemies":"3 Sentries","floor":10,"turns":8},{"damage":19,"enemies":"Gremlin Nob","floor":12,"turns":4},{"damage":9,"enemies":"3 Louse","floor":14,"turns":6},{"damage":17,"enemies":"Hexaghost","floor":16,"turns":12},{"damage":28,"enemies":"3 Byrds","floor":18,"turns":7},{"damage":35,"enemies":"Book of Stabbing","floor":24,"turns":9},{"damage":9,"enemies":"Chosen","floor":25,"turns":6},{"damage":30,"enemies":"Snake Plant","floor":27,"turns":6},{"damage":25,"enemies":"Gremlin Leader","floor":28,"turns":4}],"seed_played":"-6993109857793631244","potions_obtained":[{"floor":4,"key":"PowerPotion"},{"floor":7,"key":"PotionOfCapacity"},{"floor":12,"key":"PowerPotion"},{"floor":16,"key":"SteroidPotion"},{"floor":18,"key":"DistilledChaos"}],"is_trial":false,"path_per_floor":["M","?","M","M","M","R","E","R","T","E","R","E","R","M","R","B",null,"M","?","$","?","T","R","E","M","T","M","E"],"character_chosen":"DEFECT","items_purchased":[],"campfire_rested":2,"item_purchase_floors":[],"current_hp_per_floor":[72,54,53,52,30,30,23,23,23,21,21,2,24,15,37,20,75,47,47,47,72,72,72,42,38,43,18,0,0],"gold":460,"neow_bonus":"THREE_CARDS","is_daily":false,"chose_seed":false,"campfire_upgraded":4,"win_rate":0.0,"timestamp":1613149352,"path_taken":["M","?","M","M","M","R","E","R","T","E","R","E","R","M","R","BOSS","M","?","$","?","?","R","E","M","T","M","E"],"items_purchased_type":[],"build_version":"2020-12-22","purchased_purges":1,"victory":false,"max_hp_per_floor":[75,75,75,75,75,75,75,75,75,75,75,75,75,75,75,75,75,75,75,75,75,75,75,75,75,75,75,75,75],"card_choices":[{"not_picked":["Aggregate","Redo"],"picked":"Loop","floor":0},{"not_picked":["Coolheaded","Doom and Gloom"],"picked":"Glacier","floor":1},{"not_picked":["Redo","Gash"],"picked":"Capacitor","floor":3},{"not_picked":["Storm","Rebound"],"picked":"Ball Lightning","floor":4},{"not_picked":["Sweeping Beam","Gash"],"picked":"Blizzard","floor":5},{"not_picked":["Static Discharge","Scrape"],"picked":"Coolheaded","floor":7},{"not_picked":["Melter","Auto Shields","Meteor Strike"],"picked":"SKIP","floor":10},{"not_picked":["Doom and Gloom","Rebound"],"picked":"Turbo","floor":12},{"not_picked":["Lockon","Barrage"],"picked":"Sweeping Beam","floor":14},{"not_picked":["Thunder Strike","Fission"],"picked":"Seek","floor":16},{"not_picked":["Glacier","Redo"],"picked":"Stack","floor":18},{"not_picked":["Sweeping Beam","Tempest+1"],"picked":"Fusion+1","floor":24},{"not_picked":["Rebound+1","Sunder"],"picked":"Hologram+1","floor":25},{"not_picked":["Stack+1","Tempest+1"],"picked":"Chaos+1","floor":27}],"player_experience":477864,"relics_obtained":[{"floor":7,"key":"Boot"},{"floor":9,"key":"Whetstone"},{"floor":10,"key":"Darkstone Periapt"},{"floor":12,"key":"Frozen Egg 2"},{"floor":22,"key":"Toxic Egg 2"},{"floor":24,"key":"War Paint"},{"floor":26,"key":"PreservedInsect"}],"event_choices":[{"damage_healed":0,"gold_gain":0,"player_choice":"Take Damage","damage_taken":18,"relics_obtained":["Golden Idol"],"max_hp_gain":0,"max_hp_loss":0,"event_name":"Golden Idol","floor":2,"gold_loss":0},{"damage_healed":0,"gold_gain":0,"player_choice":"Gave Idol","damage_taken":0,"relics_obtained":["Bloody Idol"],"max_hp_gain":0,"max_hp_loss":0,"event_name":"Forgotten Altar","floor":19,"relics_lost":["Golden Idol"],"gold_loss":0},{"damage_healed":25,"gold_gain":0,"player_choice":"Heal","damage_taken":0,"max_hp_gain":0,"max_hp_loss":0,"event_name":"The Library","floor":21,"gold_loss":0}],"is_beta":false,"boss_relics":[{"not_picked":["Velvet Choker","Empty Cage"],"picked":"Inserter"}],"items_purged_floors":[20],"is_endless":false,"potions_floor_spawned":[4,7,12,16,18],"killed_by":"Gremlin Leader","ascension_level":0}}