{"host":"78azdv0oxplymbah","time":1613115871,"event":{"mods":["Aspiration","BaseMod","Better Third Choice","BetterRewards","Challenge The Spire","Conspire","Highlight Path","Mimic Mod","Minty Spire (QoL Compilation)","Quick Restart","Reimu（博丽灵梦）","Relic Stats","Remilia（蕾米莉亚）","Remove Card Discount Mod","Replay The Spire","RumiaBox-露米娅的神秘盒子","Spicy Shops","StSLib","TestMod","The Administrix","The Servant 0.9.4","UnlockEverythingMod","Waifu the Spire","Youmu（魂魄妖梦）","[功能]功能增强和修复MOD","【功能Mod】混沌之环修复补丁","【遗物卡牌】REMEMod"],"gold_per_floor":[109,259,68,68,68,103,115,162,162],"floor_reached":8,"language":"ZHS","playtime":348,"items_purged":["Defend_YM","Defend_YM","Strike_YM","Strike_YM","Defend_YM"],"score":87,"play_id":"639b0142-abc6-4a42-b5cb-e0cdb568bd94","local_time":"20210212154431","is_ascension_mode":false,"campfire_choices":[{"data":"LifeCuttingSword","floor":7,"key":"SMITH"}],"circlet_count":0,"master_deck":["conspire:GhostlyStrike","conspire:GhostlyStrike","conspire:GhostlyDefend","SlashOfPresentWorld","WheelOfPainOfLivingAndDead","Infernal Blade","ThreeKonsSevenHakus","LifeCuttingSword+1","Injury","FantasyOfEnteringEnlightenment+1"],"relics":["HalfPhantom","REME_ComplimentaryCards","testmod-TestBox","testmod-Justice","m_SnakeCloak","ZombieArmy","Tingsha","ReplayTheSpireMod:TigerMarble","Nunchaku","testmod-MagicalMallet","Chemical X","Toxic Egg 2","MawBank","Centennial Puzzle"],"acts_visited":["Exordium"],"potions_floor_usage":[8],"damage_taken":[{"damage":0,"enemies":"Small Slimes","floor":1,"turns":3},{"damage":9,"enemies":"3 Sentries","floor":6,"turns":4},{"damage":0,"enemies":"Gremlin Nob","floor":8,"turns":2}],"seed_played":"8075868887555391023","potions_obtained":[{"floor":1,"key":"PhantomPosion"},{"floor":6,"key":"testmod-EscapePotion"},{"floor":8,"key":"REME_GoldPotion"},{"floor":8,"key":"Milkshake"}],"is_trial":false,"path_per_floor":["M","?","$","?","?","E","R","E"],"character_chosen":"YOUMU","items_purchased":["ZombieArmy","Tingsha","ReplayTheSpireMod:TigerMarble","Nunchaku","testmod-MagicalMallet","Chemical X","LifeCuttingSword"],"campfire_rested":0,"item_purchase_floors":[3,3,3,3,3,3,3],"current_hp_per_floor":[75,75,75,75,75,66,66,66,66],"gold":162,"neow_bonus":"NOSTALGIA","is_daily":false,"chose_seed":false,"campfire_upgraded":1,"win_rate":0.0,"timestamp":1613115871,"path_taken":["M","?","$","?","?","E","R","E"],"items_purchased_type":["Relic","Relic","Relic","Relic","Relic","Relic","Card"],"build_version":"2020-12-22","purchased_purges":5,"victory":false,"max_hp_per_floor":[75,75,75,75,75,75,75,75,75],"relic_stats":{"Nunchaku":[1],"Centennial Puzzle":[0],"counters":[3,9],"Tingsha":[12],"Chemical X":[5],"MawBank":24,"obtain_stats":[{"m_SnakeCloak":0,"testmod-TestBox":0,"aspiration:Nostalgia":0,"HalfPhantom":0,"Tingsha":3,"testmod-Justice":0,"MawBank":6,"Nunchaku":3,"Centennial Puzzle":8,"testmod-MagicalMallet":3,"ReplayTheSpireMod:TigerMarble":3,"Chemical X":3,"Toxic Egg 2":5,"REME_ComplimentaryCards":0,"ZombieArmy":3},{"m_SnakeCloak":0,"testmod-TestBox":0,"aspiration:Nostalgia":0,"HalfPhantom":0,"Tingsha":1,"testmod-Justice":0,"MawBank":2,"Nunchaku":1,"Centennial Puzzle":3,"testmod-MagicalMallet":1,"ReplayTheSpireMod:TigerMarble":1,"Chemical X":1,"Toxic Egg 2":1,"REME_ComplimentaryCards":0,"ZombieArmy":1},{"m_SnakeCloak":0,"testmod-TestBox":0,"aspiration:Nostalgia":0,"HalfPhantom":0,"Tingsha":3,"testmod-Justice":0,"MawBank":7,"Nunchaku":3,"Centennial Puzzle":9,"testmod-MagicalMallet":3,"ReplayTheSpireMod:TigerMarble":3,"Chemical X":3,"Toxic Egg 2":3,"REME_ComplimentaryCards":0,"ZombieArmy":3}]},"card_choices":[{"not_picked":["Prepared","DispleasureOfTheSevenHakus"],"picked":"ThreeKonsSevenHakus","floor":1},{"not_picked":["Unload","Dagger Throw"],"picked":"FantasyOfEnteringEnlightenment+1","floor":6}],"player_experience":61852,"relics_obtained":[{"floor":6,"key":"MawBank"},{"floor":8,"key":"Centennial Puzzle"}],"event_choices":[{"damage_healed":0,"gold_gain":150,"player_choice":"Sell","damage_taken":0,"max_hp_gain":0,"max_hp_loss":0,"event_name":"恩洛斯的盘子","floor":2,"relics_lost":["aspiration:Nostalgia"],"gold_loss":0},{"damage_healed":0,"gold_gain":0,"player_choice":"Agree","damage_taken":0,"max_hp_gain":0,"max_hp_loss":0,"event_name":"conspire:LoneGhost","floor":4,"gold_loss":0}],"is_beta":false,"boss_relics":[],"items_purged_floors":[3,3,3,3,3],"is_endless":false,"potions_floor_spawned":[1,6,6,8,8],"killed_by":"Gremlin Nob","ascension_level":0}}