{"host":"p6x4b30m1ltzgl6z","time":1613102838,"event":{"mods":["2.2 Compatiblity","Act Like it!","BaseMod","Colored Powertips","Curses Come First","Defective Defect","Gensokyo","GifTheSpireLib","Halation","Hallownest","Infinite Spire","Marisa????????","Minty Spire (QoL Compilation)","Quick Restart","Rare Cards Sparkle","Reimu??????","Replay The Spire","StSLib","Stuff the Spire","The Bug Knight","The Servant 0.9.4","everything is the same but u backflip on backflip","slay the spire mod where everything is the same but ironclad has a cowboy hat"],"gold_per_floor":[119,119,150,3,3,30,30,40,91,91,42,52,63,63,63,166,166,178,194,194,194],"floor_reached":20,"language":"ENG","playtime":2753,"items_purged":[],"score":207,"play_id":"e178fd08-4df7-4669-afba-5caa5513d405","local_time":"20210211220718","is_ascension_mode":false,"campfire_choices":[{"floor":7,"key":"REST"},{"floor":15,"key":"DIG"}],"circlet_count":0,"master_deck":["Strike_MRS+1","Strike_MRS","Strike_MRS","Strike_MRS+1","Defend_MRS","Defend_MRS","Defend_MRS","Defend_MRS","MasterSpark","MilkyWay","MilkyWay","GalacticHalo","GalacticHalo","CasketOfStar","MilkyWay","EnergyRecoil","Occultation"],"relics":["BewitchedHakkero","NeowsBlessing","Gensokyo:CelestialsFlawlessClothing","Centennial Puzzle","halation:NonexistentMirror","Whetstone","Replay:Baseball","Gensokyo:Mercy","TungstenRod"],"acts_visited":["Gensokyo:Gensokyo","Gensokyo:Gensokyoer"],"potions_floor_usage":[13,16],"damage_taken":[{"damage":0,"enemies":"Gensokyo:Python","floor":1,"turns":1},{"damage":1,"enemies":"Gensokyo:Cirno","floor":3,"turns":2},{"damage":0,"enemies":"Gensokyo:Aya","floor":6,"turns":1},{"damage":1,"enemies":"Gensokyo:2_Kodama","floor":8,"turns":3},{"damage":0,"enemies":"Gensokyo:Gryphon","floor":12,"turns":4},{"damage":1,"enemies":"Gensokyo:5_Fairies","floor":13,"turns":5},{"damage":9,"enemies":"Gensokyo:Reimu","floor":16,"turns":14},{"damage":13,"enemies":"Gensokyo:CosmicMonolith","floor":18,"turns":7},{"damage":10,"enemies":"Gensokyo:3_Dogs","floor":19,"turns":8},{"damage":6,"enemies":"Gensokyo:Chomper_and_Gloop","floor":20,"turns":3}],"seed_played":"-4803736596308444959","potions_obtained":[{"floor":1,"key":"Fire Potion"},{"floor":12,"key":"Adrenaline Potion"},{"floor":16,"key":"Ancient Potion"}],"is_trial":false,"path_per_floor":["M","?","?","$","?","E","R","M","T","?","$","M","M","?","R","B",null,"M","M","M"],"character_chosen":"MARISA","items_purchased":["halation:NonexistentMirror","GalacticHalo"],"campfire_rested":1,"item_purchase_floors":[4,11],"current_hp_per_floor":[75,57,56,56,56,56,75,74,74,74,74,74,73,73,73,64,75,62,52,46,46],"gold":194,"neow_bonus":"THREE_ENEMY_KILL","is_daily":false,"chose_seed":false,"campfire_upgraded":0,"win_rate":0.0,"timestamp":1613102838,"path_taken":["M","?","?","?","?","E","R","M","T","?","$","?","M","?","R","BOSS","M","?","M"],"items_purchased_type":["Relic","Card"],"build_version":"2020-12-22","purchased_purges":0,"victory":false,"max_hp_per_floor":[75,75,75,75,75,75,75,75,75,75,75,75,75,75,75,75,75,75,75,75,75],"card_choices":[{"not_picked":["SporeBomb","LuminesStrike","MysteriousBeam"],"picked":"SKIP","floor":1},{"not_picked":["MagicChant","TreasureHunter","UnstableBomb"],"picked":"SKIP","floor":3},{"not_picked":["SprinkleStarSeal","GravityBeat"],"picked":"MilkyWay","floor":6},{"not_picked":["ShootingEcho","EventHorizon","IllusionStar"],"picked":"SKIP","floor":8},{"not_picked":["OneTimeOff","SuperPerseids"],"picked":"CasketOfStar","floor":12},{"not_picked":["NonDirectionalLaser","MysteriousBeam"],"picked":"MilkyWay","floor":13},{"not_picked":["6A","PowerUp+1"],"picked":"EnergyRecoil","floor":18},{"not_picked":["EnergyRecoil","WitchLeyline"],"picked":"Occultation","floor":19}],"player_experience":192351,"relics_obtained":[{"floor":3,"key":"Centennial Puzzle"},{"floor":6,"key":"Whetstone"},{"floor":9,"key":"Replay:Baseball"},{"floor":15,"key":"TungstenRod"}],"event_choices":[],"is_beta":false,"boss_relics":[{"not_picked":["Black Star","SacredBark"],"picked":"BewitchedHakkero"}],"items_purged_floors":[],"is_endless":false,"potions_floor_spawned":[1,12,16],"killed_by":"Gensokyo:Chomper_and_Gloop","ascension_level":0}}