{"host":"yrtk68ixj64vhhh3","time":1613088277,"event":{"mods":["2.2 Compatiblity","AchievementEnabler","Aspiration","BaseMod","Better Altar","Better Match","Better Note","Better Silent Start","Better Skull","Better Third Choice","Colored Map","Colored Powertips","Conspire","Dio Mod","Downfall","Energized Spire","Hubris","Infinite Spire","Marisa????????","Minty Spire (QoL Compilation)","Prisma Mod","RNG Fix","Random Character Button","Random Character Mod","Reliquary","StSLib","Steal the Spire","Td1madao Mod","The Alterego","The Animator","The Bug Knight","The Mystic","The Poker Player","The Wild Card","TheHero"],"gold_per_floor":[112,112,130,130,19,19,19,19,43,58,38,2,23,46,46,176,176,199,214,124,138,138,138,138,138,138,138,163,179,3,24,24,24,24],"floor_reached":33,"language":"ENG","playtime":1923,"items_purged":["Burn","Pain"],"score":237,"play_id":"92c8fe7e-564a-43d5-bf3c-c436a70b0828","local_time":"20210212130437","is_ascension_mode":false,"campfire_choices":[{"data":"MasterSpark","floor":6,"key":"SMITH"},{"floor":8,"key":"RECALL"},{"floor":15,"key":"REST"},{"floor":23,"key":"REST"},{"data":"StarBarrage","floor":25,"key":"SMITH"},{"data":"CasketOfStar","floor":27,"key":"SMITH"},{"floor":32,"key":"REST"}],"circlet_count":0,"master_deck":["Strike_MRS","Strike_MRS","Strike_MRS","Strike_MRS","Defend_MRS","Defend_MRS","Defend_MRS","Defend_MRS","MasterSpark+1","UpSweep","DC","SuperPerseids","ChargeUpSpray+1","StarlightTyphoon","StarBarrage+1","6A","OortCloud","CasketOfStar+1","WitchLeyline+1","GrandCross","ShootingEcho","infinitespire:Collect","BlazingStar","BlazeAway+1","AsteroidBelt","Acceleration"],"relics":["MiniHakkero","Golden Idol","reliquary:SilkGlove","hubris:HollowSoul","WarpedTongs","hubris:Zylophone","Gremlin Horn","hubris:TenFootPole"],"acts_visited":["Exordium","TheCity"],"potions_floor_usage":[16,16,16,33,33,33],"damage_taken":[{"damage":5,"enemies":"2 Louse","floor":1,"turns":3},{"damage":11,"enemies":"Jaw Worm","floor":3,"turns":2},{"damage":0,"enemies":"Small Slimes","floor":10,"turns":2},{"damage":15,"enemies":"Looter","floor":13,"turns":3},{"damage":0,"enemies":"3 Louse","floor":14,"turns":2},{"damage":31,"enemies":"Slime Boss","floor":16,"turns":10},{"damage":30,"enemies":"2 Thieves","floor":18,"turns":4},{"damage":5,"enemies":"Spheric Guardian","floor":19,"turns":3},{"damage":20,"enemies":"Cultist and Chosen","floor":21,"turns":6},{"damage":3,"enemies":"conspire:HollyBat","floor":28,"turns":6},{"damage":10,"enemies":"Centurion and Healer","floor":29,"turns":5},{"damage":21,"enemies":"Snake Plant","floor":31,"turns":2},{"damage":0,"enemies":"hubris:MusketHawk","floor":33,"turns":1}],"seed_played":"-3207173674451674603","potions_obtained":[{"floor":3,"key":"Ancient Potion"},{"floor":11,"key":"Ancient Potion"},{"floor":13,"key":"Explosive Potion"},{"floor":16,"key":"BlessingOfTheForge"},{"floor":21,"key":"Ancient Potion"},{"floor":28,"key":"AttackPotion"}],"is_trial":false,"path_per_floor":["M","?","M","?","$","R","?","R","T","M","?","$","M","M","R","B",null,"M","M","?","M","?","R","AVR","R","T","R","M","M","$","M","R","B"],"character_chosen":"MARISA","items_purchased":["ChargeUpSpray","StarBarrage","hubris:TenFootPole","AsteroidBelt"],"campfire_rested":3,"item_purchase_floors":[5,12,30,30],"current_hp_per_floor":[77,77,66,66,66,66,66,66,66,66,66,66,51,51,75,44,82,52,47,47,27,27,51,51,51,51,51,48,38,38,17,41,16,16],"gold":24,"neow_bonus":"TEN_PERCENT_HP_BONUS","is_daily":false,"chose_seed":false,"campfire_upgraded":3,"win_rate":0.0,"timestamp":1613088277,"path_taken":["M","?","M","?","?","R","?","R","T","?","?","$","M","M","R","BOSS","M","?","?","M","?","R","AVR","R","T","R","M","M","$","M","R","BOSS"],"items_purchased_type":["Card","Card","Relic","Card"],"build_version":"2020-12-22","purchased_purges":2,"victory":false,"max_hp_per_floor":[82,82,82,82,82,82,82,82,82,82,82,82,82,82,82,82,82,82,82,82,82,82,82,82,82,82,82,82,82,82,82,82,16,16],"card_choices":[{"not_picked":["MagicAbsorber","Acceleration"],"picked":"DC","floor":1},{"not_picked":["GravityBeat","ManaConvection"],"picked":"SuperPerseids","floor":3},{"not_picked":["EarthLightRay","PulseMagic"],"picked":"StarlightTyphoon","floor":10},{"not_picked":["DoubleSpark","AsteroidBelt"],"picked":"6A","floor":13},{"not_picked":["GravityBeat","SuperPerseids"],"picked":"OortCloud","floor":14},{"not_picked":["ManaRampage","EscapeVelocity"],"picked":"CasketOfStar","floor":16},{"not_picked":["6A","OortCloud+1"],"picked":"WitchLeyline+1","floor":18},{"not_picked":["WitchLeyline+1","NonDirectionalLaser"],"picked":"GrandCross","floor":19},{"not_picked":["DarkSpark+1","GrandCross"],"picked":"ShootingEcho","floor":21},{"not_picked":["GalacticHalo","SprinkleStarSeal"],"picked":"BlazingStar","floor":28},{"not_picked":["GalacticHalo","SporeBomb"],"picked":"BlazeAway+1","floor":29},{"not_picked":["StarBarrage","DC"],"picked":"Acceleration","floor":31}],"player_experience":845393,"relics_obtained":[{"floor":9,"key":"reliquary:SilkGlove"},{"floor":26,"key":"Gremlin Horn"}],"event_choices":[{"damage_healed":66,"gold_gain":0,"player_choice":"Embrace Burn","damage_taken":0,"max_hp_gain":0,"max_hp_loss":82,"event_name":"betterThird:BetterShining","floor":4,"gold_loss":0},{"damage_healed":0,"gold_gain":0,"player_choice":"Take Wound","damage_taken":0,"relics_obtained":["Golden Idol"],"max_hp_gain":0,"max_hp_loss":0,"event_name":"Golden Idol","floor":7,"gold_loss":0,"cards_obtained":["Injury"]},{"damage_healed":0,"gold_gain":0,"player_choice":"Bought 1 Potion","damage_taken":0,"max_hp_gain":0,"max_hp_loss":0,"event_name":"The Woman in Blue","floor":11,"gold_loss":0},{"cards_removed":["Injury"],"damage_healed":0,"gold_gain":0,"player_choice":"Upgrade and Remove","damage_taken":0,"max_hp_gain":0,"max_hp_loss":0,"event_name":"Designer","floor":20,"gold_loss":90,"cards_upgraded":["ChargeUpSpray"]},{"damage_healed":0,"gold_gain":0,"player_choice":"Rummage","damage_taken":0,"relics_obtained":["WarpedTongs"],"max_hp_gain":0,"max_hp_loss":0,"event_name":"Accursed Blacksmith","floor":22,"gold_loss":0,"cards_obtained":["Pain"]}],"is_beta":false,"boss_relics":[{"not_picked":["hubris:CrackedHourglass","Sozu"],"picked":"hubris:HollowSoul"}],"items_purged_floors":[5,24],"is_endless":false,"potions_floor_spawned":[3,13,16,21,28],"killed_by":"hubris:MusketHawk","ascension_level":0}}