{"host":"1vy6j31128f61x2z","time":1613091013,"event":{"mods":["AchievementEnabler","BaseMod","Colored Powertips","Minty Spire (QoL Compilation)","Permanent Neow"],"gold_per_floor":[211,386,336,355,41,71,71,71,146,157,157,188,205,205,205,330,330,344,360,380,479,479,518,123,123,123,141,34,34,53,87,87,207,207,221,221,113,127,127,163,163,12,86,86,110,130,173,173,173,173],"floor_reached":51,"language":"ENG","playtime":2642,"items_purged":["Accuracy+1"],"score":960,"play_id":"f138f2c5-fadb-43ba-a82a-47568d169ab3","local_time":"20210211195013","is_ascension_mode":true,"campfire_choices":[{"data":"Noxious Fumes","floor":7.0,"key":"SMITH"},{"data":"Deadly Poison","floor":11.0,"key":"SMITH"},{"data":"Deadly Poison","floor":15.0,"key":"SMITH"},{"data":"Deadly Poison","floor":25.0,"key":"SMITH"},{"data":"Prepared","floor":32,"key":"SMITH"},{"floor":41,"key":"REST"},{"data":"Leg Sweep","floor":44,"key":"SMITH"},{"floor":49,"key":"REST"}],"circlet_count":0,"master_deck":["Defend_G","Defend_G","Defend_G","Survivor","Neutralize+1","Noxious Fumes+1","PiercingWail","Caltrops","Prepared+1","Tactician","Eviscerate+1","Deadly Poison+1","Poisoned Stab+1","Deadly Poison+1","Adrenaline+1","Acrobatics","Bane+1","Deadly Poison+1","Backstab+1","Backstab+1","PiercingWail","PiercingWail+1","Well Laid Plans","Poisoned Stab+1","Backflip","Backstab+1","Corpse Explosion","Escape Plan+1","Underhanded Strike+1","Deadly Poison+1","Expertise","Crippling Poison","Deadly Poison","Leg Sweep+1","Reflex","Backflip+1","Blur+1"],"relics":["Ring of the Snake","Akabeko","Molten Egg 2","HornCleat","Meat on the Bone","Golden Idol","Empty Cage","Regal Pillow","FossilizedHelix","Mummified Hand","Boot","Astrolabe","Lantern","Singing Bowl","Whetstone"],"acts_visited":["Exordium","TheCity","TheBeyond"],"potions_floor_usage":[33,33,45,50,50],"damage_taken":[{"damage":0.0,"enemies":"2 Louse","floor":1.0,"turns":4.0},{"damage":0.0,"enemies":"Small Slimes","floor":4.0,"turns":3.0},{"damage":31.0,"enemies":"Lagavulin","floor":6.0,"turns":10.0},{"damage":0.0,"enemies":"Jaw Worm","floor":10.0,"turns":1.0},{"damage":19.0,"enemies":"Gremlin Nob","floor":12.0,"turns":4.0},{"damage":0.0,"enemies":"Exordium Wildlife","floor":13.0,"turns":4.0},{"damage":30.0,"enemies":"Slime Boss","floor":16.0,"turns":9.0},{"damage":7.0,"enemies":"Shell Parasite","floor":18.0,"turns":5.0},{"damage":1.0,"enemies":"3 Byrds","floor":19.0,"turns":3.0},{"damage":28.0,"enemies":"Sentry and Sphere","floor":20.0,"turns":6.0},{"damage":5.0,"enemies":"Slavers","floor":23.0,"turns":5.0},{"damage":0,"enemies":"Cultist and Chosen","floor":27,"turns":4},{"damage":19,"enemies":"Centurion and Healer","floor":30,"turns":5},{"damage":0,"enemies":"Book of Stabbing","floor":31,"turns":5},{"damage":25,"enemies":"Automaton","floor":33,"turns":8},{"damage":0,"enemies":"3 Darklings","floor":35,"turns":3},{"damage":0,"enemies":"3 Shapes","floor":38,"turns":4},{"damage":69,"enemies":"Reptomancer","floor":40,"turns":6},{"damage":0,"enemies":"Transient","floor":45,"turns":5},{"damage":0,"enemies":"Sphere and 2 Shapes","floor":46,"turns":3},{"damage":19,"enemies":"Nemesis","floor":47,"turns":5},{"damage":71,"enemies":"Awakened One","floor":50,"turns":13}],"seed_played":"-4041977645141127601","potions_obtained":[{"floor":6.0,"key":"FairyPotion"},{"floor":13.0,"key":"LiquidBronze"},{"floor":16.0,"key":"BlessingOfTheForge"},{"floor":18.0,"key":"SteroidPotion"},{"floor":20.0,"key":"SneckoOil"},{"floor":31,"key":"Fruit Juice"},{"floor":40,"key":"AttackPotion"},{"floor":46,"key":"ColorlessPotion"}],"is_trial":false,"path_per_floor":["M","?","?","M","$","E","R","?","T","M","R","E","M","?","R","B",null,"M","M","M","?","?","E","$","R","T","M","$","?","M","E","R","B",null,"M","?","$","M","?","E","R","$","T","R","M","M","E","?","R","B",null],"character_chosen":"THE_SILENT","items_purchased":["Caltrops","Akabeko","Prepared","Tactician","Backstab+1","FossilizedHelix","PiercingWail","Well Laid Plans","Poisoned Stab+1","Expertise","Leg Sweep","Reflex"],"campfire_rested":2,"item_purchase_floors":[5,5,5,5,24,24,24,28,28,37,42,42],"current_hp_per_floor":[70,70,70,70,70,39,39,32,32,32,32,13,25,25,25,33,70,63,62,46,46,46,41,41,41,41,41,41,41,34,46,46,38,75,75,75,75,75,75,18,55,55,55,55,57,57,50,50,77,18],"gold":173,"neow_bonus":"HUNDRED_GOLD","is_daily":false,"chose_seed":false,"campfire_upgraded":6,"win_rate":0.0,"timestamp":1613091013,"path_taken":["M","?","?","M","$","E","R","?","T","M","R","E","M","?","R","BOSS","M","M","M","?","?","E","$","R","T","M","?","?","?","E","R","BOSS","M","?","$","M","?","E","R","$","T","R","?","M","E","?","R","BOSS"],"items_purchased_type":["Card","Relic","Card","Card","Card","Relic","Card","Card","Card","Card","Card","Card"],"build_version":"2020-12-22","purchased_purges":1,"victory":true,"max_hp_per_floor":[70,70,70,70,70,70,70,70,70,70,70,70,70,70,70,70,70,70,70,70,70,70,70,70,70,70,70,70,70,70,70,70,75,75,75,75,75,75,75,75,75,75,75,75,77,77,77,77,77,77],"card_choices":[{"not_picked":["Acrobatics","Prepared"],"picked":"Noxious Fumes","floor":1.0},{"not_picked":["Dagger Throw","Slice"],"picked":"PiercingWail","floor":4.0},{"not_picked":["Tactician","Blur"],"picked":"Eviscerate+1","floor":6.0},{"not_picked":["Leg Sweep","Dagger Spray+1"],"picked":"Deadly Poison","floor":10.0},{"not_picked":["Caltrops","Blade Dance"],"picked":"Poisoned Stab+1","floor":12.0},{"not_picked":["Slice+1","Well Laid Plans"],"picked":"Deadly Poison","floor":13.0},{"not_picked":["Glass Knife+1","Bullet Time"],"picked":"Adrenaline","floor":16.0},{"not_picked":["Choke+1","Flying Knee+1"],"picked":"Acrobatics","floor":18.0},{"not_picked":["Sucker Punch+1","Blade Dance"],"picked":"Bane+1","floor":19.0},{"not_picked":["Cloak And Dagger","Riddle With Holes+1"],"picked":"Deadly Poison","floor":20.0},{"not_picked":["Dagger Spray+1","Heel Hook+1"],"picked":"Backstab+1","floor":23.0},{"not_picked":["Cloak And Dagger+1","Storm of Steel"],"picked":"PiercingWail+1","floor":27},{"not_picked":["Dagger Throw+1","Quick Slash+1"],"picked":"Backflip","floor":30},{"not_picked":["Terror","Cloak And Dagger"],"picked":"Backstab+1","floor":31},{"not_picked":["Adrenaline","Glass Knife+1"],"picked":"Corpse Explosion","floor":33},{"not_picked":["Bane+1","Endless Agony+1"],"picked":"Deadly Poison+1","floor":35},{"not_picked":["Flying Knee+1","Infinite Blades+1"],"picked":"Crippling Poison","floor":38},{"not_picked":["Quick Slash+1","Underhanded Strike+1"],"picked":"Deadly Poison","floor":40},{"not_picked":["Sucker Punch+1","Blade Dance","Bane+1"],"picked":"Singing Bowl","floor":45},{"not_picked":["Finisher+1","Bullet Time"],"picked":"Backflip+1","floor":46},{"not_picked":["Dodge and Roll","Riddle With Holes+1"],"picked":"Blur+1","floor":47}],"player_experience":59541,"relics_obtained":[{"floor":6.0,"key":"Molten Egg 2"},{"floor":9.0,"key":"HornCleat"},{"floor":12.0,"key":"Meat on the Bone"},{"floor":23.0,"key":"Regal Pillow"},{"floor":26.0,"key":"Mummified Hand"},{"floor":31,"key":"Boot"},{"floor":40,"key":"Lantern"},{"floor":43,"key":"Singing Bowl"},{"floor":47,"key":"Whetstone"}],"event_choices":[{"damage_healed":0.0,"max_hp_gain":0.0,"max_hp_loss":0.0,"gold_gain":175.0,"event_name":"Liars Game","player_choice":"AGREE","floor":2.0,"gold_loss":0.0,"damage_taken":0.0,"cards_obtained":["Doubt"]},{"cards_removed":["Doubt"],"damage_healed":0.0,"max_hp_gain":0.0,"max_hp_loss":0.0,"gold_gain":0.0,"event_name":"The Cleric","player_choice":"Card Removal","floor":3.0,"gold_loss":50.0,"damage_taken":0.0},{"cards_removed":["Strike_G"],"damage_healed":0.0,"max_hp_gain":0.0,"max_hp_loss":0.0,"gold_gain":0.0,"event_name":"Golden Wing","player_choice":"Card Removal","floor":8.0,"gold_loss":0.0,"damage_taken":7.0},{"damage_healed":0.0,"max_hp_gain":0.0,"max_hp_loss":0.0,"gold_gain":0.0,"event_name":"Golden Idol","player_choice":"Take Wound","floor":14.0,"gold_loss":0.0,"damage_taken":0.0,"relics_obtained":["Golden Idol"],"cards_obtained":["Injury"]},{"damage_healed":0.0,"max_hp_gain":0.0,"max_hp_loss":0.0,"gold_gain":99.0,"event_name":"Nest","player_choice":"Stole From Cult","floor":21.0,"gold_loss":0.0,"damage_taken":0.0},{"damage_healed":0.0,"max_hp_gain":0.0,"max_hp_loss":0.0,"gold_gain":0.0,"event_name":"Ghosts","player_choice":"Ignored","floor":22.0,"gold_loss":0.0,"damage_taken":0.0},{"damage_healed":0,"gold_gain":0,"player_choice":"Upgraded","damage_taken":0,"max_hp_gain":0,"max_hp_loss":0,"event_name":"Upgrade Shrine","floor":29,"gold_loss":0,"cards_upgraded":["Adrenaline"]},{"damage_healed":0,"gold_gain":0,"player_choice":"Ignored","damage_taken":0,"max_hp_gain":0,"max_hp_loss":0,"event_name":"Tomb of Lord Red Mask","floor":36,"gold_loss":0},{"cards_removed":["Defend_G"],"damage_healed":0,"gold_gain":0,"player_choice":"Offered Basic","damage_taken":0,"max_hp_gain":0,"max_hp_loss":0,"event_name":"Bonfire Elementals","floor":39,"gold_loss":0},{"cards_removed":["Defend_G"],"damage_healed":0,"gold_gain":0,"player_choice":"Card Removal","damage_taken":0,"max_hp_gain":0,"max_hp_loss":0,"event_name":"Wheel of Change","floor":48,"gold_loss":0}],"is_beta":false,"boss_relics":[{"not_picked":["Runic Pyramid","Sozu"],"picked":"Empty Cage"},{"not_picked":["Tiny House","Busted Crown"],"picked":"Astrolabe"}],"items_purged_floors":[37],"is_endless":false,"potions_floor_spawned":[6,13,16,18,20,23,31,40,46],"ascension_level":3}}