{"host":"qj2ynjh122p6ybyd","time":1613140412,"event":{"mods":["AchievementEnabler","Aspiration","BaseMod","Better Match","Better Note","Highlight Path","Infinite Spire","Minty Spire (QoL Compilation)","Quick Restart","Relic Stats","Reliquary","Replay The Spire","StSLib","SuperFastMode","The Blackbeard","The Gatherer"],"gold_per_floor":[112,112,123,131,131,162,162,189,189,209,271,121,131,165,165,268,268,280,295,295,295,314,314,342,354,354,354,354,385,385,398,398,498,498,546,601,601,654,709,788,850,237,237,459,521,521,589,589,589,589],"floor_reached":51,"language":"RUS","playtime":1584,"items_purged":["Parasite","Strike_B"],"score":1722,"play_id":"1fbc8b9b-5d9d-45c5-8aa1-2b0d455c7d50","local_time":"20210212163332","is_ascension_mode":true,"campfire_choices":[{"data":"Electrodynamics","floor":7,"key":"SMITH"},{"data":"Zap","floor":15,"key":"SMITH"},{"data":"Biased Cognition","floor":23,"key":"SMITH"},{"floor":27,"key":"REST"},{"data":"Hello World","floor":30,"key":"SMITH"},{"data":"Hello World","floor":32,"key":"SMITH"},{"data":"Creative AI","floor":46,"key":"SMITH"},{"data":"Echo Form","floor":49,"key":"SMITH"}],"circlet_count":0,"master_deck":["AscendersBane","Strike_B","Strike_B","Strike_B","Defend_B","Defend_B","Defend_B","Zap+1","Dualcast+1","Sweeping Beam+1","Electrodynamics+1","Darkness+1","Ball Lightning","Lockon","Leap","Cold Snap","ReplayTheSpireMod:Calculation Training","Biased Cognition+1","Hello World+1","Loop","Glacier+1","Ball Lightning","Ball Lightning+1","Hello World+1","Ball Lightning","Creative AI+1","Spreading Infection","Neutralize","Creative AI","Purity","Loop","Amplify","Capacitor","ReplayTheSpireMod:Calculation Training+1","Echo Form+1","infinitespire:DeathsTouch"],"relics":["Cracked Core","NeowsBlessing","ReplayTheSpireMod:CursedCoin","Solar Panel","Pear","Gremlin Horn","Happy Flower","reliquary:RedPaperclip","ReplayTheSpireMod:Ring of Exchange","Snack Pack","Mummified Hand","Sozu","aspiration:HummingbirdHeart","Red Mask","infinitespire:EvilPickle","ReplayTheSpireMod:SealedPack","Boot","Raider\u0027s Mask","Prayer Wheel","Letter Opener","War Paint","Turnip"],"acts_visited":["Exordium","TheCity","TheBeyond"],"potions_floor_usage":[14,24,33],"damage_taken":[{"damage":0,"enemies":"Jaw Worm","floor":1,"turns":1},{"damage":0,"enemies":"Small Slimes","floor":3,"turns":1},{"damage":0,"enemies":"Lagavulin","floor":6,"turns":1},{"damage":10,"enemies":"3 Sentries","floor":8,"turns":2},{"damage":1,"enemies":"Cultist","floor":10,"turns":3},{"damage":25,"enemies":"3 Sentries","floor":11,"turns":4},{"damage":8,"enemies":"Looter","floor":13,"turns":3},{"damage":10,"enemies":"Lagavulin","floor":14,"turns":4},{"damage":16,"enemies":"The Guardian","floor":16,"turns":7},{"damage":0,"enemies":"Spheric Guardian","floor":18,"turns":2},{"damage":1,"enemies":"Shell Parasite","floor":19,"turns":3},{"damage":22,"enemies":"Centurion and Healer","floor":22,"turns":3},{"damage":24,"enemies":"Slavers","floor":24,"turns":2},{"damage":0,"enemies":"Snake Plant","floor":25,"turns":3},{"damage":0,"enemies":"Masked Bandits","floor":29,"turns":2},{"damage":4,"enemies":"Shelled Parasite and Fungi","floor":31,"turns":3},{"damage":8,"enemies":"Pondfish","floor":33,"turns":10},{"damage":10,"enemies":"3 Darklings","floor":35,"turns":4},{"damage":0,"enemies":"Orb Walker","floor":36,"turns":3},{"damage":7,"enemies":"Jaw Worm Horde","floor":38,"turns":4},{"damage":0,"enemies":"Maw","floor":39,"turns":8},{"damage":13,"enemies":"R_Hoarder","floor":40,"turns":6},{"damage":11,"enemies":"Sphere and 2 Shapes","floor":41,"turns":4},{"damage":0,"enemies":"Nightmare","floor":45,"turns":7},{"damage":0,"enemies":"R_Hoarder","floor":47,"turns":6},{"damage":28,"enemies":"Donu and Deca","floor":50,"turns":5}],"seed_played":"2189722843699676406","potions_obtained":[{"floor":1,"key":"SkillPotion"},{"floor":13,"key":"Strength Potion"},{"floor":16,"key":"BlessingOfTheForge"},{"floor":24,"key":"SpeedPotion"},{"floor":25,"key":"SkillPotion"}],"is_trial":false,"path_per_floor":["M","?","M","$","?","E","R","E","T","M","?","$","M","E","R","B",null,"M","M","?","?","M","R","E","M","T","R","AVR","?","R","M","R","B",null,"M","M","?","M","M","E","M","$","T","?","NM","R","E","?","R","B",null],"character_chosen":"DEFECT","items_purchased":["ReplayTheSpireMod:CursedCoin","Electrodynamics","Happy Flower","Raider\u0027s Mask","Prayer Wheel","Capacitor"],"campfire_rested":1,"item_purchase_floors":[4,4,12,42,42,42],"current_hp_per_floor":[68,68,68,68,72,72,72,66,76,79,58,58,54,50,50,36,71,73,78,78,78,60,60,40,44,44,68,68,74,74,76,76,78,81,81,82,82,82,82,82,77,77,77,77,82,82,82,62,62,52],"gold":589,"neow_bonus":"THREE_ENEMY_KILL","is_daily":false,"chose_seed":false,"campfire_upgraded":7,"win_rate":0.0,"timestamp":1613140412,"path_taken":["M","?","M","$","?","E","R","E","T","?","?","$","M","E","R","BOSS","M","M","?","?","M","R","E","M","T","R","AVR","?","R","M","R","BOSS","M","M","?","?","M","E","M","$","T","?","NM","R","E","?","R","BOSS"],"items_purchased_type":["Relic","Card","Relic","Relic","Relic","Card"],"build_version":"2020-12-22","purchased_purges":2,"victory":true,"max_hp_per_floor":[75,75,75,72,72,72,72,72,82,82,82,82,82,82,82,82,82,82,82,82,82,82,82,82,82,82,82,82,82,82,82,82,82,82,82,82,82,82,82,82,82,82,82,82,82,82,82,82,82,82],"relic_stats":{"Sozu":4,"Gremlin Horn":[18,18],"Happy Flower":[29],"counters":[26,100],"Mummified Hand":[106],"Prayer Wheel":0,"Turnip":[0],"Letter Opener":[30],"War Paint":["Dualcast","Darkness"],"Boot":[18],"obtain_stats":[{"Solar Panel":6,"ReplayTheSpireMod:Ring of Exchange":20,"Pear":9,"reliquary:LoveEmittingDiode":14,"NeowsBlessing":0,"Gremlin Horn":11,"Happy Flower":12,"ReplayTheSpireMod:CursedCoin":4,"ReplayTheSpireMod:SealedPack":34,"aspiration:HummingbirdHeart":28,"Raider\u0027s Mask":42,"Letter Opener":43,"War Paint":45,"Boot":40,"Sozu":28,"infinitespire:EvilPickle":34,"reliquary:PorcupineQuills":8,"reliquary:RedPaperclip":17,"Mummified Hand":26,"Prayer Wheel":42,"Turnip":47,"Snack Pack":24,"Red Mask":29,"Cracked Core":0},{"Solar Panel":3,"ReplayTheSpireMod:Ring of Exchange":11,"Pear":4,"reliquary:LoveEmittingDiode":8,"NeowsBlessing":0,"Gremlin Horn":5,"Happy Flower":6,"ReplayTheSpireMod:CursedCoin":2,"ReplayTheSpireMod:SealedPack":17,"aspiration:HummingbirdHeart":14,"Raider\u0027s Mask":23,"Letter Opener":23,"War Paint":24,"Boot":22,"Sozu":14,"infinitespire:EvilPickle":17,"reliquary:PorcupineQuills":4,"reliquary:RedPaperclip":9,"Mummified Hand":14,"Prayer Wheel":23,"Turnip":25,"Snack Pack":13,"Red Mask":15,"Cracked Core":0},{"Solar Panel":3,"ReplayTheSpireMod:Ring of Exchange":31,"Pear":5,"reliquary:LoveEmittingDiode":19,"NeowsBlessing":0,"Gremlin Horn":8,"Happy Flower":12,"ReplayTheSpireMod:CursedCoin":2,"ReplayTheSpireMod:SealedPack":54,"aspiration:HummingbirdHeart":39,"Raider\u0027s Mask":82,"Letter Opener":82,"War Paint":89,"Boot":79,"Sozu":39,"infinitespire:EvilPickle":54,"reliquary:PorcupineQuills":5,"reliquary:RedPaperclip":26,"Mummified Hand":39,"Prayer Wheel":82,"Turnip":95,"Snack Pack":36,"Red Mask":41,"Cracked Core":0}]},"card_choices":[{"not_picked":["Compile Driver","Turbo","ReplayTheSpireMod:Reroute Power"],"picked":"SKIP","floor":1},{"not_picked":["Recycle","Streamline","Rebound"],"picked":"SKIP","floor":3},{"not_picked":["Streamline","Aggregate"],"picked":"Darkness","floor":6},{"not_picked":["Conserve Battery","Seek"],"picked":"Ball Lightning","floor":8},{"not_picked":["Compile Driver","Rebound"],"picked":"Lockon","floor":10},{"not_picked":["Stack","ReplayTheSpireMod:Repulse"],"picked":"Leap","floor":11},{"not_picked":["Heatsinks","BootSequence"],"picked":"Cold Snap","floor":13},{"not_picked":["Coolheaded","Turbo"],"picked":"ReplayTheSpireMod:Calculation Training","floor":14},{"not_picked":["ReplayTheSpireMod:Omega Cannon","Machine Learning"],"picked":"Biased Cognition","floor":16},{"not_picked":["Hologram","Steam","Panic Button"],"picked":"SKIP","floor":18},{"not_picked":["Conserve Battery","Chill"],"picked":"Hello World","floor":19},{"not_picked":["Go for the Eyes","Turbo"],"picked":"Glacier+1","floor":22},{"not_picked":["Beam Cell","All For One"],"picked":"Ball Lightning","floor":24},{"not_picked":["Chill","Rebound"],"picked":"Ball Lightning+1","floor":25},{"not_picked":["Glacier","Hologram+1"],"picked":"Hello World","floor":29},{"not_picked":["Undo","Crystallizer"],"picked":"Ball Lightning","floor":31},{"not_picked":["ReplayTheSpireMod:Fabricate Wheel","Biased Cognition"],"picked":"Creative AI","floor":33},{"not_picked":["blackbeard:IntimidatingStrike","Vigilance"],"picked":"Neutralize","floor":34},{"not_picked":["Rainbow","Hyperbeam"],"picked":"Creative AI","floor":34},{"not_picked":["ReplayTheSpireMod:Uncanny Aura","Replay:BasicMightCard"],"picked":"Purity","floor":34},{"not_picked":["infinitespire:Starlight","ReplayTheSpireMod:Echoes of Time"],"picked":"ReplayTheSpireMod:Chaos Vortex","floor":34},{"not_picked":["Steam","Streamline+1"],"picked":"Loop","floor":35},{"not_picked":["Leap","Reprogram","Ball Lightning"],"picked":"SKIP","floor":36},{"not_picked":["Barrage","Cold Snap","Aggregate+1"],"picked":"SKIP","floor":38},{"not_picked":["Hologram+1","BasicCrystalCard","Conserve Battery"],"picked":"SKIP","floor":39},{"not_picked":["Double Energy","Leap","Scrape"],"picked":"SKIP","floor":40},{"not_picked":["Beam Cell","Stack+1"],"picked":"Amplify","floor":41},{"not_picked":["Blizzard","ReplayGash"],"picked":"ReplayTheSpireMod:Calculation Training+1","floor":45},{"not_picked":["Redo","Auto Shields+1"],"picked":"Echo Form","floor":47},{"not_picked":["infinitespire:Punishment","infinitespire:Fortify"],"picked":"infinitespire:DeathsTouch","floor":48}],"player_experience":374219,"relics_obtained":[{"floor":6,"key":"Solar Panel"},{"floor":8,"key":"reliquary:PorcupineQuills"},{"floor":9,"key":"Pear"},{"floor":14,"key":"reliquary:LoveEmittingDiode"},{"floor":20,"key":"ReplayTheSpireMod:Ring of Exchange"},{"floor":24,"key":"Snack Pack"},{"floor":26,"key":"Mummified Hand"},{"floor":29,"key":"Red Mask"},{"floor":40,"key":"Boot"},{"floor":43,"key":"Letter Opener"},{"floor":45,"key":"War Paint"},{"floor":47,"key":"Turnip"}],"event_choices":[{"damage_healed":0,"gold_gain":0,"player_choice":"Searched \u00273\u0027 times","damage_taken":0,"relics_obtained":["Gremlin Horn"],"max_hp_gain":0,"max_hp_loss":0,"event_name":"Dead Adventurer","floor":11,"gold_loss":0},{"damage_healed":0,"gold_gain":0,"player_choice":"Read","damage_taken":0,"max_hp_gain":0,"max_hp_loss":0,"event_name":"The Library","floor":21,"gold_loss":0,"cards_obtained":["Loop"]},{"damage_healed":0,"gold_gain":0,"player_choice":"Fought Bandits","damage_taken":0,"max_hp_gain":0,"max_hp_loss":0,"event_name":"Masked Bandits","floor":29,"gold_loss":0},{"cards_removed":["ReplayTheSpireMod:Chaos Vortex"],"damage_healed":5,"gold_gain":0,"player_choice":"Offered Special","damage_taken":0,"max_hp_gain":0,"max_hp_loss":0,"event_name":"Bonfire Elementals","floor":37,"gold_loss":0},{"damage_healed":0,"gold_gain":222,"player_choice":"Wore Mask","damage_taken":0,"max_hp_gain":0,"max_hp_loss":0,"event_name":"Tomb of Lord Red Mask","floor":44,"gold_loss":0}],"is_beta":false,"boss_relics":[{"not_picked":["reliquary:RedCape","Painkiller Herb"],"picked":"reliquary:RedPaperclip"},{"not_picked":["Runic Dome","Replay:Wanted Poster"],"picked":"ReplayTheSpireMod:SealedPack"}],"items_purged_floors":[4,42],"is_endless":false,"potions_floor_spawned":[1,13,16,22,24,25,31,36,39,40],"ascension_level":12}}