{"host":"40vzoph344nwp0en","time":1613116390,"event":{"mods":["2.2 Compatiblity","Act Like it!","BaseMod","Bestiary","Challenge The Spire","Colored Map","DeckTracker","Downfall","Friendly Minions","GifTheSpireLib","Hermit","Highlight Path","Infinite Spire","Marisa????????","Minty Spire (QoL Compilation)","Permanent Neow","Relic Sorter","Replay The Spire","Spicy Shops","StSLib","SuperFastMode","The Bug Knight","The Cursed","The Disciple","The Elementalist","The Marked","The Servant 0.9.4","??????REMEMod"],"gold_per_floor":[100098,99160,99174,99236,99086,99103,99128,97781,97799,97820,97820,97842,97842,97868,97892,97990,97990,97990,98004,97484,97504,97522,97522,97522,97532,97532,97542,97542,97031,97031,97031,97043,97140,97140,97140,97158,97265,97284,97301,96054,96079,96106,96120,94554,94568,94587,94587,94587,94602,94602],"floor_reached":51,"language":"ENG","playtime":3284,"items_purged":["Shame","bronze:Defend","bronze:Strike","Overencumbered","Decay","Decay","bronze:HyperBeam","downfall:Bewildered","bronze:Boost"],"score":958,"play_id":"9d619f3e-3234-4f6c-8ed1-bd8222beecf8","local_time":"20210212005310","is_ascension_mode":false,"campfire_choices":[{"data":"bronze:Goto","floor":1,"key":"SMITH"},{"data":"bronze:Replicate","floor":11,"key":"SMITH"},{"data":"bronze:GetLatest","floor":13,"key":"SMITH"},{"data":"bronze:DelayedGuard","floor":18,"key":"SMITH"},{"data":"bronze:HardenedForm","floor":23,"key":"SMITH"},{"data":"bronze:Branch","floor":26,"key":"SMITH"},{"data":"bronze:DelayedSlice","floor":28,"key":"SMITH"},{"data":"infinitespire:Collect","floor":30,"key":"SMITH"},{"data":"bronze:DelayedSlice","floor":35,"key":"SMITH"},{"data":"bronze:Shell","floor":47,"key":"SMITH"}],"circlet_count":0,"master_deck":["bronze:Replicate+1","bronze:Goto+1","bronze:DelayedSlice+1","bronze:WhirlingStrike+1","bronze:BronzeOrb+1","bronze:DelayedGuard+1","bronze:GetLatest+1","bronze:Branch+1","bronze:HardenedForm+1","bronze:CutThrough","bronze:CutThrough","bronze:BronzeOrb+1","bronze:DelayedSlice+1","infinitespire:Collect+1","Necronomicurse","bronze:DelayedSlice+1","bronze:BronzeOrb+1","bronze:ForceShield+1","bronze:BronzeOrb+1","bronze:ChosenStrike","REME_EyeOfCthun+1","Impatience","Flash of Steel","bronze:Shell+1"],"relics":["bronze:BronzeCore","REME_ComplimentaryCards","Boot","OrangePellets","HollowMod:PaleOreRelic","Vajra","TheAbacus","Snack Pack","Replay:Bottled Snecko","ReplayFunnel","MealTicket","bronze:SilverBullet","Replay:Lucky Slots","HollowMod:LifeEnderRelic","ClockworkSouvenir","Shuriken","Replay:Grab Bag","Cursed Key","infinitespire:Cupcake","Empty Cage","Kintsugi","Happy Flower","Whetstone","Blood Vial","Meat on the Bone","Necronomicon","SlaversCollar","White Beast Statue","Replay:Bottled Eggs","PreservedInsect","Guardian:PocketSentry","Akabeko","ReplayTheSpireMod:ShopPack","infinitespire:Lucky Rock","Bag of Marbles","Golden Egg","Replay:Bottled Flurry","Replay:Rubber Ducky","Onion Ring","Guide Book","bronze:BottledCode"],"acts_visited":["Exordium","TheCity","TheBeyond"],"potions_floor_usage":[50],"damage_taken":[{"damage":10,"enemies":"downfall:FleeingMerchant","floor":2,"turns":4},{"damage":1,"enemies":"Jaw Worm","floor":3,"turns":4},{"damage":16,"enemies":"Lagavulin Event","floor":4,"turns":4},{"damage":1,"enemies":"infinitespire:Voidling","floor":6,"turns":2},{"damage":9,"enemies":"downfall:FleeingMerchant","floor":8,"turns":4},{"damage":0,"enemies":"2 Louse","floor":9,"turns":2},{"damage":1,"enemies":"Blue Slaver","floor":10,"turns":2},{"damage":0,"enemies":"Exordium Thugs","floor":12,"turns":1},{"damage":0,"enemies":"Lagavulin","floor":14,"turns":3},{"damage":0,"enemies":"Gremlin Gang","floor":15,"turns":1},{"damage":0,"enemies":"IC_STATUS_ARCHETYPE","floor":16,"turns":3},{"damage":0,"enemies":"Chosen","floor":19,"turns":2},{"damage":0,"enemies":"downfall:FleeingMerchant","floor":20,"turns":2},{"damage":4,"enemies":"Shelled Parasite and Fungi","floor":21,"turns":2},{"damage":0,"enemies":"Snake Plant","floor":22,"turns":1},{"damage":0,"enemies":"Centurion and Healer","floor":25,"turns":3},{"damage":0,"enemies":"Snecko","floor":27,"turns":2},{"damage":0,"enemies":"Chosen and Byrds","floor":32,"turns":1},{"damage":6,"enemies":"SI_MIRROR_ARCHETYPE","floor":33,"turns":3},{"damage":0,"enemies":"3 Darklings","floor":36,"turns":2},{"damage":0,"enemies":"downfall:LadyInBlue","floor":37,"turns":4},{"damage":0,"enemies":"Orb Walker","floor":38,"turns":1},{"damage":0,"enemies":"Maw","floor":39,"turns":2},{"damage":0,"enemies":"Giant Head","floor":42,"turns":3},{"damage":0,"enemies":"Jaw Worm Horde","floor":43,"turns":1},{"damage":0,"enemies":"Sphere and 2 Shapes","floor":45,"turns":2},{"damage":0,"enemies":"4 Shapes","floor":46,"turns":1},{"damage":0,"enemies":"Transient","floor":49,"turns":3},{"damage":0,"enemies":"WA_ARCHETYPE_DIVINITY","floor":50,"turns":3}],"seed_played":"-7374273181585212670","potions_obtained":[{"floor":3,"key":"sneckomod:MuddlingPotion"},{"floor":4,"key":"FearPotion"},{"floor":10,"key":"FearPotion"},{"floor":15,"key":"Fire Potion"},{"floor":21,"key":"Fire Potion"},{"floor":37,"key":"infinitespire:BlackPotion"},{"floor":37,"key":"Regen Potion"}],"is_trial":false,"path_per_floor":["R","$","M","?","?","M","T","$","M","M","R","M","R","E","M","B",null,"R","M","$","M","M","R","T","M","R","M","R","?","R","?","M","B",null,"R","M","?","M","M","$","T","E","M","$","M","M","R","?","M","B",null],"character_chosen":"THE_AUTOMATON","items_purchased":["Boot","OrangePellets","HollowMod:PaleOreRelic","Vajra","TheAbacus","Snack Pack","MealTicket","bronze:SilverBullet","Replay:Lucky Slots","HollowMod:LifeEnderRelic","ClockworkSouvenir","Shuriken","bronze:GetLatest","Happy Flower","Whetstone","Blood Vial","bronze:CutThrough","Replay:Bottled Eggs","PreservedInsect","Guardian:PocketSentry","Akabeko","ReplayTheSpireMod:ShopPack","Golden Egg","Replay:Bottled Flurry","Replay:Rubber Ducky","Onion Ring","Guide Book"],"campfire_rested":0,"item_purchase_floors":[2,2,2,2,2,2,8,8,8,8,8,8,8,20,20,20,20,40,40,40,40,40,44,44,44,44,44],"current_hp_per_floor":[70,60,61,53,80,80,80,75,75,80,80,80,80,80,80,80,80,80,80,80,78,80,80,80,80,80,80,80,80,80,64,72,78,80,80,80,80,80,80,80,80,80,80,80,80,80,80,70,70,70],"gold":94602,"neow_bonus":"REMOVE_CARD","is_daily":false,"chose_seed":false,"campfire_upgraded":10,"win_rate":0.0,"timestamp":1613116390,"path_taken":["R","$","M","?","?","M","T","$","M","M","R","M","R","E","M","BOSS","R","M","$","M","?","R","T","M","R","M","R","?","R","?","M","BOSS","R","M","?","?","M","$","T","E","?","$","M","M","R","?","M","BOSS"],"items_purchased_type":["Relic","Relic","Relic","Relic","Relic","Relic","Relic","Relic","Relic","Relic","Relic","Relic","Card","Relic","Relic","Relic","Card","Relic","Relic","Relic","Relic","Relic","Relic","Relic","Relic","Relic","Relic"],"build_version":"2020-12-22","purchased_purges":9,"victory":true,"max_hp_per_floor":[70,70,70,70,80,80,80,80,80,80,80,80,80,80,80,80,80,80,80,80,80,80,80,80,80,80,80,80,80,80,80,80,80,80,80,80,80,80,80,80,80,80,80,80,80,80,80,70,70,70],"card_choices":[{"not_picked":["bronze:BronzeArmor","bronze:WildBeam","bronze:BuggyMess"],"picked":"SKIP","floor":2},{"not_picked":["bronze:ChosenStrike","bronze:ClassDefault"],"picked":"bronze:DelayedSlice","floor":3},{"not_picked":["bronze:Overheat","bronze:Allocate"],"picked":"bronze:WhirlingStrike","floor":4},{"not_picked":["bronze:ChildClass","bronze:FindAndReplace"],"picked":"bronze:BronzeOrb","floor":6},{"not_picked":["bronze:WhirlingStrike","bronze:ForLoop"],"picked":"bronze:DelayedGuard","floor":8},{"not_picked":["bronze:FineTuning","bronze:Invalidate"],"picked":"bronze:Repair","floor":9},{"not_picked":["bronze:Shield","bronze:Overheat","bronze:WildBeam"],"picked":"SKIP","floor":10},{"not_picked":["bronze:OilSpill","bronze:ForLoop"],"picked":"bronze:GetLatest","floor":12},{"not_picked":["bronze:DigitalCarnage","bronze:BuggyMess","bronze:FineTuning"],"picked":"SKIP","floor":14},{"not_picked":["bronze:Fortify","bronze:WildBeam"],"picked":"bronze:Branch","floor":15},{"not_picked":["bronze:CleanCode","bronze:ShipIt"],"picked":"bronze:HardenedForm","floor":16},{"not_picked":["bronze:Invalidate","bronze:NullPointer"],"picked":"bronze:CutThrough","floor":19},{"not_picked":["bronze:Overload","bronze:ClassDefault+1"],"picked":"bronze:Boost","floor":20},{"not_picked":["bronze:Allocate","bronze:Deprecate","bronze:BuggyMess"],"picked":"SKIP","floor":21},{"not_picked":["bronze:Overload","bronze:NullPointer+1","bronze:BuggyMess+1"],"picked":"SKIP","floor":22},{"not_picked":["bronze:Iterate","bronze:Overheat+1"],"picked":"bronze:BronzeOrb","floor":25},{"not_picked":["bronze:Flail","bronze:OilSpill"],"picked":"bronze:DelayedSlice","floor":27},{"not_picked":["ReplayTheSpireMod:Book of Names","ReplayTheSpireMod:Chaos Vortex"],"picked":"infinitespire:Collect","floor":29},{"not_picked":["bronze:Mutator","bronze:Iterate"],"picked":"bronze:DelayedSlice","floor":32},{"not_picked":["bronze:ShipIt","bronze:Break"],"picked":"bronze:HyperBeam","floor":33},{"not_picked":["bronze:Overload+1","bronze:Turbo+1"],"picked":"bronze:BronzeOrb","floor":36},{"not_picked":["bronze:CutThrough+1","bronze:Fortify"],"picked":"bronze:ForceShield","floor":37},{"not_picked":["bronze:CloningBeam","bronze:WildBeam"],"picked":"bronze:BronzeOrb+1","floor":38},{"not_picked":["bronze:Turbo+1","bronze:CloningBeam+1"],"picked":"bronze:ChosenStrike","floor":39},{"not_picked":["Poisoned Strike","REME_WheelOfFate"],"picked":"REME_EyeOfCthun","floor":40},{"not_picked":["Enlightenment","Mind Blast"],"picked":"Impatience","floor":40},{"not_picked":["Jack Of All Trades","Mayhem"],"picked":"Flash of Steel","floor":40},{"not_picked":["bronze:Fortify","bronze:Overheat+1"],"picked":"bronze:Shell","floor":42},{"not_picked":["bronze:Frontload","bronze:BuggyMess+1","bronze:Shell"],"picked":"SKIP","floor":43},{"not_picked":["bronze:Branch+1","bronze:FineTuning","bronze:Overheat"],"picked":"SKIP","floor":45},{"not_picked":["bronze:Return","bronze:BronzeArmor+1","bronze:Boost"],"picked":"SKIP","floor":46},{"not_picked":["bronze:BugBarrage","bronze:Allocate+1","bronze:Shell"],"picked":"SKIP","floor":49}],"player_experience":639768,"relics_obtained":[{"floor":7,"key":"ReplayFunnel"},{"floor":24,"key":"Meat on the Bone"},{"floor":31,"key":"Necronomicon"},{"floor":37,"key":"White Beast Statue"},{"floor":41,"key":"infinitespire:Lucky Rock"},{"floor":42,"key":"Bag of Marbles"}],"event_choices":[],"is_beta":false,"boss_relics":[{"not_picked":["Black Star","ChewingGum"],"picked":"Replay:Grab Bag"},{"not_picked":["bronze:MakeshiftBattery","Runic Dome"],"picked":"Cursed Key"},{"not_picked":["Sozu","Fusion Hammer"],"picked":"infinitespire:Cupcake"},{"not_picked":["Pandora\u0027s Box","Runic Pyramid"],"picked":"Empty Cage"},{"not_picked":["Astrolabe","REME_DemonsWealth"],"picked":"Kintsugi"},{"not_picked":["Tiny House","Honey Jar"],"picked":"SlaversCollar"}],"items_purged_floors":[2,8,8,20,20,40,40,44,44],"is_endless":false,"potions_floor_spawned":[3,4,10,15,19,21,25,27,33,38,39,42,43,45,46,49],"ascension_level":0}}