{"host":"bx54wbx1b8s5cm4v","time":1613173184,"event":{"mods":["BaseMod","Beaked The Cultist","GifTheSpireLib","Hubris","Marisa????????","Minty Spire (QoL Compilation)","StSLib","The Blackbeard","The Bladedancer","The Cursed","The Disciple","The Druid","The Forsaken","The Necromancer","The Runesmith","The Servant 0.9.4","TheBandit"],"gold_per_floor":[119,119,139,156,166,166,199,199,276,51,83,83,102,229,229,334,334,344,357,357,282,56,56,81,81,108,108,140,152,184,216,216,311,311,322,322,21,21,45,45,73,73,73,73,88,68,68,82,82,82,82],"floor_reached":50,"language":"ENG","playtime":2182,"items_purged":["Strike_B"],"score":777,"play_id":"60a39eb1-16cb-4846-af06-660950c6a270","local_time":"20210212203944","is_ascension_mode":true,"campfire_choices":[{"data":"Apotheosis","floor":6,"key":"SMITH"},{"data":"Dualcast","floor":8,"key":"SMITH"},{"floor":15,"key":"REST"},{"floor":23,"key":"REST"},{"data":"Defragment","floor":25,"key":"SMITH"},{"data":"Loop","floor":27,"key":"SMITH"},{"floor":32,"key":"REST"},{"floor":40,"key":"RECALL"},{"floor":42,"key":"REST"},{"floor":47,"key":"REST"},{"floor":49,"key":"REST"}],"circlet_count":0,"master_deck":["Strike_B","Strike_B","Strike_B","Defend_B","Defend_B","Defend_B","Zap","Dualcast+1","Apotheosis+1","Barrage","Chaos","Conserve Battery","Barrage","BootSequence","Loop+1","Rainbow","Ball Lightning","Chill","Conserve Battery","Machine Learning","Blizzard","Leap","Defragment+1","Seek","hubris:Ukulele","Rainbow","FTL","hubris:SpecializedCircuitry","Genetic Algorithm","Heatsinks+1","Compile Driver+1","Double Energy+1","FTL","Skim+1","Redo"],"relics":["Cracked Core","hubris:SoftwareUpdate","Omamori","Bottled Flame","Lantern","Dream Catcher","hubris:Icosahedron","theForsaken:ScaryMask","Inserter","Bag of Preparation","Anchor","Orichalcum","Nunchaku","WingedGreaves","Runesmith:Locket","Sozu","FossilizedHelix","hubris:GlazedTorus","Bottled Tornado"],"acts_visited":["Exordium","TheCity","TheBeyond"],"potions_floor_usage":[44,50],"damage_taken":[{"damage":0,"enemies":"Cultist","floor":1,"turns":3},{"damage":1,"enemies":"Jaw Worm","floor":3,"turns":3},{"damage":0,"enemies":"2 Louse","floor":4,"turns":4},{"damage":9,"enemies":"Blue Slaver","floor":5,"turns":4},{"damage":10,"enemies":"Gremlin Nob","floor":7,"turns":3},{"damage":0,"enemies":"Lagavulin","floor":11,"turns":5},{"damage":5,"enemies":"Looter","floor":13,"turns":3},{"damage":13,"enemies":"3 Sentries","floor":14,"turns":5},{"damage":0,"enemies":"The Guardian","floor":16,"turns":11},{"damage":27,"enemies":"2 Thieves","floor":18,"turns":5},{"damage":24,"enemies":"Shell Parasite","floor":19,"turns":5},{"damage":4,"enemies":"Book of Stabbing","floor":24,"turns":5},{"damage":10,"enemies":"Slavers","floor":28,"turns":6},{"damage":0,"enemies":"Snake Plant","floor":29,"turns":3},{"damage":0,"enemies":"Gremlin Leader","floor":30,"turns":6},{"damage":14,"enemies":"Slavers","floor":31,"turns":5},{"damage":21,"enemies":"Champ","floor":33,"turns":9},{"damage":0,"enemies":"3 Shapes","floor":35,"turns":3},{"damage":37,"enemies":"Giant Head","floor":41,"turns":7},{"damage":6,"enemies":"Nemesis","floor":44,"turns":3},{"damage":5,"enemies":"3 Darklings","floor":45,"turns":4},{"damage":38,"enemies":"4 Shapes","floor":48,"turns":5},{"damage":68,"enemies":"Time Eater","floor":50,"turns":7}],"seed_played":"7170055551653434581","potions_obtained":[{"floor":1,"key":"FearPotion"},{"floor":7,"key":"SmokeBomb"},{"floor":11,"key":"GamblersBrew"}],"is_trial":false,"path_per_floor":["M","T","M","M","M","R","E","R","T","$","E","?","M","E","R","B",null,"M","M","?","?","$","R","E","R","T","R","E","M","E","E","R","B",null,"M","?","$","?","T","R","E","R","T","E","M","?","R","M","R","B"],"character_chosen":"DEFECT","items_purchased":["Lantern","Loop","Bag of Preparation","FossilizedHelix"],"campfire_rested":6,"item_purchase_floors":[10,10,22,37],"current_hp_per_floor":[54,54,53,53,44,44,34,34,34,34,34,34,29,16,38,38,75,48,24,24,24,24,46,42,42,42,42,32,32,32,18,40,19,75,75,75,75,75,75,75,38,60,60,54,49,49,71,33,55,0,0],"gold":82,"neow_bonus":"RANDOM_COLORLESS_2","is_daily":false,"chose_seed":false,"campfire_upgraded":4,"win_rate":0.0,"timestamp":1613173184,"path_taken":["M","?","M","M","?","R","E","R","T","$","E","?","M","E","R","BOSS","M","M","?","?","$","R","E","R","T","R","E","M","E","E","R","BOSS","M","?","$","?","?","R","E","R","T","E","?","?","R","M","R","BOSS"],"items_purchased_type":["Relic","Card","Relic","Relic"],"build_version":"2020-12-22","purchased_purges":1,"victory":false,"max_hp_per_floor":[75,75,75,75,75,75,75,75,75,75,75,75,75,75,75,75,75,75,75,75,75,75,75,75,75,75,75,75,75,75,75,75,75,75,75,75,75,75,75,75,75,75,75,75,75,75,75,75,75,75,75],"card_choices":[{"not_picked":["Sadistic Nature","Panache"],"picked":"Apotheosis","floor":0},{"not_picked":["Leap","Cold Snap"],"picked":"Barrage","floor":1},{"not_picked":["Streamline","Reprogram"],"picked":"Chaos","floor":3},{"not_picked":["Gash","Barrage"],"picked":"Conserve Battery","floor":4},{"not_picked":["Stack","Hologram"],"picked":"Barrage","floor":5},{"not_picked":["Hologram","Gash"],"picked":"BootSequence","floor":7},{"not_picked":["Hello World","Barrage"],"picked":"Rainbow","floor":11},{"not_picked":["Conserve Battery","Gash"],"picked":"Ball Lightning","floor":13},{"not_picked":["Conserve Battery","Beam Cell"],"picked":"Chill","floor":14},{"not_picked":["Steam","Tempest"],"picked":"Conserve Battery","floor":15},{"not_picked":["Buffer","Multi-Cast"],"picked":"Machine Learning","floor":16},{"not_picked":["Rebound","Reprogram"],"picked":"Blizzard","floor":18},{"not_picked":["Barrage+1","Coolheaded"],"picked":"Leap","floor":19},{"not_picked":["Creative AI","Force Field"],"picked":"Defragment","floor":24},{"not_picked":["Auto Shields+1","Ball Lightning+1"],"picked":"Seek","floor":28},{"not_picked":["Storm","Steam"],"picked":"hubris:Ukulele","floor":29},{"not_picked":["Coolheaded","Leap"],"picked":"Rainbow","floor":30},{"not_picked":["Steam","Chill","Undo"],"picked":"SKIP","floor":31},{"not_picked":["Redo","Stack+1"],"picked":"FTL","floor":32},{"not_picked":["Biased Cognition","Seek"],"picked":"hubris:SpecializedCircuitry","floor":33},{"not_picked":["Coolheaded","Steam"],"picked":"Genetic Algorithm","floor":35},{"not_picked":["Chill+1","Cold Snap+1"],"picked":"Heatsinks+1","floor":41},{"not_picked":["Coolheaded","Sweeping Beam"],"picked":"Compile Driver+1","floor":42},{"not_picked":["Compile Driver","Leap+1"],"picked":"Double Energy+1","floor":45},{"not_picked":["Scrape+1","Leap"],"picked":"FTL","floor":47},{"not_picked":["Rip and Tear+1","Creative AI"],"picked":"Skim+1","floor":48},{"not_picked":["Gash+1","Go for the Eyes+1"],"picked":"Redo","floor":49}],"player_experience":44293,"relics_obtained":[{"floor":2,"key":"hubris:SoftwareUpdate"},{"floor":7,"key":"Omamori"},{"floor":9,"key":"Bottled Flame"},{"floor":11,"key":"Dream Catcher"},{"floor":14,"key":"theForsaken:ScaryMask"},{"floor":24,"key":"Anchor"},{"floor":26,"key":"Orichalcum"},{"floor":28,"key":"Nunchaku"},{"floor":30,"key":"WingedGreaves"},{"floor":31,"key":"Runesmith:Locket"},{"floor":41,"key":"hubris:GlazedTorus"},{"floor":43,"key":"Bottled Tornado"}],"event_choices":[{"damage_healed":0,"gold_gain":0,"player_choice":"Ignored","damage_taken":0,"max_hp_gain":0,"max_hp_loss":0,"event_name":"Ghosts","floor":20,"gold_loss":0},{"cards_removed":["Defend_B"],"damage_healed":0,"gold_gain":0,"player_choice":"Gave Gold","damage_taken":0,"max_hp_gain":0,"max_hp_loss":0,"event_name":"Beggar","floor":21,"gold_loss":75},{"damage_healed":0,"gold_gain":0,"player_choice":"Ignored","damage_taken":0,"max_hp_gain":0,"max_hp_loss":0,"event_name":"Tomb of Lord Red Mask","floor":36,"gold_loss":0},{"damage_healed":0,"gold_gain":0,"player_choice":"Bought 1 Potion","damage_taken":0,"max_hp_gain":0,"max_hp_loss":0,"event_name":"The Woman in Blue","floor":46,"gold_loss":0}],"is_beta":false,"boss_relics":[{"not_picked":["hubris:HollowSoul","Tiny House"],"picked":"Inserter"},{"not_picked":["hubris:BlackHole","beaked:SacredDeck"],"picked":"Sozu"}],"items_purged_floors":[22],"is_endless":false,"potions_floor_spawned":[1,7,11,13,14,24,28,29,30,35,48],"killed_by":"Time Eater","ascension_level":1}}