{"host":"o9lehcdjc4u6j9un","time":1613137012,"event":{"mods":["Aspiration","BaseMod","Better-Laid Plans","Colored Map","Downfall","Gremlin Mod","Hermit","Marisa£®ÏF”Í°°ƒß¿Ì…≥£©","Minty Spire (QoL Compilation)","Reimu£®≤©¿ˆ¡È√Œ£©","Remilia£®¿Ÿ√◊¿Ú—«£©","StSLib","The Alterego","The Hierophant","The Runesmith","The Senshi","The Servant 0.9.4","Yakumo Yukari mod","Youmu£®ªÍ∆«—˝√Œ£©","≤–¡Ù÷ÆŒÔ"],"gold_per_floor":[115,133,143,156,33,0,0,31,56,56,56,70,88,100,100,197,197,207,227,246,3,17,51,51,80,106,106,118,148,23,23,23,119,119,129,147,147,6,21,50,50,63,63,63,91,91,103,134,146,158],"floor_reached":51,"language":"ZHS","playtime":9016,"items_purged":["Gremlin:Defend","Gremlin:Defend","Gremlin:Strike"],"score":934,"play_id":"b316e38c-6220-4312-9eda-c27a6a57f888","local_time":"20210212213652","is_ascension_mode":false,"campfire_choices":[{"data":"Gremlin:TagTeam","floor":7.0,"key":"SMITH"},{"data":"Gremlin:Tadah","floor":10.0,"key":"SMITH"},{"data":"Gremlin:Tricksy","floor":15.0,"key":"SMITH"},{"data":"Gremlin:GremlinArms","floor":24.0,"key":"SMITH"},{"data":"Gremlin:Polish","floor":27.0,"key":"SMITH"},{"data":"Gremlin:CongaLine","floor":32.0,"key":"SMITH"},{"data":"Gremlin:InfiniteBlocks","floor":41,"key":"SMITH"},{"floor":44,"key":"REST"},{"floor":49,"key":"REST"}],"circlet_count":0,"master_deck":["Gremlin:Strike+1","Gremlin:Strike","Gremlin:Strike+1","Gremlin:Defend","Gremlin:Defend","Gremlin:TagTeam+1","Gremlin:GremlinDance+1","Gremlin:Changeo","Gremlin:FeelTheAudience+1","Gremlin:GlitterGuard","Gremlin:Irritability","Gremlin:GlitterGuard","Gremlin:Tadah+1","Gremlin:MakeshiftArmor","Gremlin:Changeo","Gremlin:Tricksy+1","Gremlin:GremlinArms+1","Gremlin:FairyDust","Gremlin:ToeStub","Gremlin:GremlinOffensive+1","Gremlin:Rhythm+1","Gremlin:BulkUp+1","Gremlin:Polish+1","Gremlin:Revel+1","Gremlin:CongaLine+1","Gremlin:SecondVolley+1","Gremlin:ProperTools+1","Gremlin:Flurry+1","Gremlin:InfiniteBlocks+1","Gremlin:FollowThrough+1","Gremlin:CatScratch+1","Gremlin:FairyDust","Violence","Mind Blast+1","Gremlin:Pinprick+1"],"relics":["expansioncontent:StudyCardRelic","Mummified Hand","Whetstone","aspiration:MobileForge","TheAbacus","Lantern","Toy Ornithopter","PreservedInsect","Molten Egg 2","aspiration:RitualStick","sneckomod:SneckoTalon","Smiling Mask","Ice Cream","Juzu Bracelet","MawBank"],"acts_visited":["Exordium","TheCity","TheBeyond"],"potions_floor_usage":[42,47,50],"damage_taken":[{"damage":0.0,"enemies":"2 Louse","floor":1.0,"turns":2.0},{"damage":0.0,"enemies":"Jaw Worm","floor":2.0,"turns":2.0},{"damage":0.0,"enemies":"Small Slimes","floor":3.0,"turns":3.0},{"damage":1.0,"enemies":"2 Fungi Beasts","floor":4.0,"turns":3.0},{"damage":0.0,"enemies":"Gremlin Nob","floor":6.0,"turns":1.0},{"damage":2.0,"enemies":"3 Sentries","floor":8.0,"turns":6.0},{"damage":0.0,"enemies":"Blue Slaver","floor":12.0,"turns":2.0},{"damage":0.0,"enemies":"Lots of Slimes","floor":13.0,"turns":3.0},{"damage":0.0,"enemies":"Large Slime","floor":14.0,"turns":2.0},{"damage":4.0,"enemies":"Slime Boss","floor":16.0,"turns":6.0},{"damage":0.0,"enemies":"2 Thieves","floor":18.0,"turns":2.0},{"damage":0.0,"enemies":"3 Byrds","floor":19.0,"turns":3.0},{"damage":10.0,"enemies":"Sentry and Sphere","floor":20.0,"turns":3.0},{"damage":0.0,"enemies":"Centurion and Healer","floor":22.0,"turns":3.0},{"damage":2.0,"enemies":"Book of Stabbing","floor":23.0,"turns":3.0},{"damage":4.0,"enemies":"Slavers","floor":25.0,"turns":5.0},{"damage":0.0,"enemies":"3 Cultists","floor":28.0,"turns":4.0},{"damage":0.0,"enemies":"Gremlin Leader","floor":29.0,"turns":3.0},{"damage":0.0,"enemies":"Collector","floor":33.0,"turns":3.0},{"damage":0.0,"enemies":"3 Darklings","floor":35.0,"turns":2.0},{"damage":0.0,"enemies":"3 Shapes","floor":36.0,"turns":2.0},{"damage":0.0,"enemies":"Writhing Mass","floor":39.0,"turns":2.0},{"damage":18,"enemies":"Nemesis","floor":40,"turns":5},{"damage":14,"enemies":"Jaw Worm Horde","floor":42,"turns":2},{"damage":0,"enemies":"Giant Head","floor":45,"turns":3},{"damage":15,"enemies":"3 Darklings","floor":47,"turns":2},{"damage":2,"enemies":"Nemesis","floor":48,"turns":3},{"damage":33,"enemies":"Time Eater","floor":50,"turns":6}],"seed_played":"-3510104575834593518","potions_obtained":[{"floor":2.0,"key":"Fire Potion"},{"floor":3.0,"key":"AttackPotion"},{"floor":4.0,"key":"Energy Potion"},{"floor":19.0,"key":"BlessingOfTheForge"},{"floor":22.0,"key":"AttackPotion"},{"floor":25.0,"key":"AttackPotion"},{"floor":28.0,"key":"ZuzhouPotion:ReiMu"},{"floor":29.0,"key":"Regen Potion"},{"floor":33.0,"key":"DistilledChaos"},{"floor":45,"key":"Strength Potion"},{"floor":47,"key":"champ:CounterPotion"}],"is_trial":false,"path_per_floor":["M","M","M","M","$","E","R","E","T","R","?","M","M","M","R","B",null,"M","M","M","$","M","E","R","E","T","R","M","E","$","?","R","B",null,"M","M","?","$","M","E","R","M","T","R","E","?","M","E","R","B",null],"character_chosen":"GREMLIN","items_purchased":["Gremlin:GlitterGuard","TheAbacus","Gremlin:InfiniteBlocks","Gremlin:FollowThrough+1"],"campfire_rested":2,"item_purchase_floors":[5,21,38,38],"current_hp_per_floor":[20,20,20,19,19,19,19,17,17,17,13,20,20,20,20,16,20,20,20,20,20,20,20,20,18,18,18,20,20,20,16,16,20,20,20,20,20,20,20,20,20,15,15,20,20,18,18,5,11,9],"gold":170,"neow_bonus":"BOSS_RELIC","is_daily":false,"chose_seed":false,"campfire_upgraded":7,"win_rate":0.0,"timestamp":1613137012,"path_taken":["M","M","M","M","$","E","R","E","T","R","?","M","M","M","R","BOSS","M","M","M","$","M","E","R","E","T","R","M","E","$","?","R","BOSS","M","M","?","$","M","E","R","M","T","R","E","?","M","E","R","BOSS"],"items_purchased_type":["Card","Relic","Card","Card"],"build_version":"2020-12-22","purchased_purges":3,"victory":true,"max_hp_per_floor":[20,20,20,20,20,20,20,20,20,20,20,20,20,20,20,20,20,20,20,20,20,20,20,20,20,20,20,20,20,20,20,20,20,20,20,20,20,20,20,20,20,20,20,20,20,20,20,20,20,20],"card_choices":[{"not_picked":["Gremlin:AggressiveDefense","Gremlin:Glimmer"],"picked":"Gremlin:Changeo","floor":1.0},{"not_picked":["Gremlin:Presto","Gremlin:Pinprick"],"picked":"Gremlin:FeelTheAudience","floor":2.0},{"not_picked":["Gremlin:Jeer","Gremlin:Stupend"],"picked":"Gremlin:GlitterGuard","floor":3.0},{"not_picked":["Gremlin:Whiz","Gremlin:GlitterGuard"],"picked":"Gremlin:Irritability","floor":4.0},{"not_picked":["Gremlin:Glimmer","Gremlin:FeelTheAudience"],"picked":"Gremlin:Tadah","floor":6.0},{"not_picked":["Gremlin:IrksomeBlow","Gremlin:GremlinToss"],"picked":"Gremlin:MakeshiftArmor","floor":8.0},{"not_picked":["Gremlin:PourSalt","Gremlin:ShowOfHands"],"picked":"Gremlin:Changeo","floor":12.0},{"not_picked":["Gremlin:Pinprick","Gremlin:GlitterGuard"],"picked":"Gremlin:Tricksy","floor":13.0},{"not_picked":["Gremlin:Irritability","Gremlin:Tricksy"],"picked":"Gremlin:GremlinArms","floor":14.0},{"not_picked":["Gremlin:TargetWeakness","Gremlin:Nob"],"picked":"Gremlin:FairyDust","floor":16.0},{"not_picked":["Gremlin:ShowOfHands","Gremlin:SharpenBlades"],"picked":"Gremlin:ToeStub","floor":18.0},{"not_picked":["Gremlin:Irritability","Gremlin:Glimmer"],"picked":"Gremlin:GremlinOffensive+1","floor":19.0},{"not_picked":["Gremlin:BubbleBarrier","Gremlin:ShowOfHands","Gremlin:Wizardry+1"],"picked":"SKIP","floor":20.0},{"not_picked":["Gremlin:Whiz","Gremlin:ProperTools"],"picked":"Gremlin:Rhythm+1","floor":22.0},{"not_picked":["Gremlin:Exacerbate","Gremlin:Patsy"],"picked":"Gremlin:BulkUp+1","floor":23.0},{"not_picked":["Gremlin:GremlinArms+1","Gremlin:BulkUp"],"picked":"Gremlin:Polish","floor":25.0},{"not_picked":["Gremlin:Pretaliation","Gremlin:GremlinArms"],"picked":"Gremlin:Revel+1","floor":28.0},{"not_picked":["Gremlin:Heckle","Gremlin:BulkUp"],"picked":"Gremlin:CongaLine","floor":29.0},{"not_picked":["Gremlin:FairyDust","Gremlin:FlipOut+1"],"picked":"Gremlin:SecondVolley+1","floor":33.0},{"not_picked":["Gremlin:DaggerDance+1","Gremlin:AggressiveDefense+1"],"picked":"Gremlin:ProperTools+1","floor":35.0},{"not_picked":["Gremlin:DaggerDance+1","Gremlin:GlitterGuard+1"],"picked":"Gremlin:Flurry+1","floor":36.0},{"not_picked":["Gremlin:GremlinMeal+1","Gremlin:InfiniteBlocks"],"picked":"Gremlin:CatScratch+1","floor":39.0},{"not_picked":["Gremlin:Astound+1","Gremlin:AggressiveDefense+1"],"picked":"Gremlin:FairyDust","floor":40},{"not_picked":["Gremlin:ArmsTheft","Gremlin:ToeStub+1","Gremlin:FanOfKnives+1"],"picked":"SKIP","floor":42},{"not_picked":["Gremlin:Polish","Gremlin:TargetWeakness","Gremlin:GremlinOffensive+1"],"picked":"SKIP","floor":45},{"not_picked":["Trip","Metamorphosis"],"picked":"Violence","floor":46},{"not_picked":["Dark Shackles","Good Instincts"],"picked":"Mind Blast+1","floor":46},{"not_picked":["Gremlin:Heckle+1","Gremlin:Glimmer+1"],"picked":"Gremlin:Pinprick+1","floor":47},{"not_picked":["Gremlin:Patsy","Gremlin:RageBreak","Gremlin:Glimmer+1"],"picked":"SKIP","floor":48}],"player_experience":254564,"relics_obtained":[{"floor":8.0,"key":"Mummified Hand"},{"floor":9.0,"key":"Whetstone"},{"floor":23.0,"key":"Lantern"},{"floor":25.0,"key":"Toy Ornithopter"},{"floor":26.0,"key":"PreservedInsect"},{"floor":29.0,"key":"Molten Egg 2"},{"floor":40,"key":"Smiling Mask"},{"floor":43,"key":"Ice Cream"},{"floor":45,"key":"Juzu Bracelet"},{"floor":48,"key":"MawBank"}],"event_choices":[{"damage_healed":0.0,"max_hp_gain":0.0,"max_hp_loss":0.0,"gold_gain":0.0,"event_name":"Shining Light","player_choice":"Entered Light","floor":11.0,"gold_loss":0.0,"damage_taken":4.0,"cards_upgraded":["Gremlin:GremlinDance","Gremlin:Strike"]},{"damage_healed":0.0,"max_hp_gain":0.0,"max_hp_loss":0.0,"gold_gain":0.0,"event_name":"Tomb of Lord Red Mask","player_choice":"Ignored","floor":37.0,"gold_loss":0.0,"damage_taken":0.0},{"damage_healed":0,"gold_gain":0,"player_choice":"Memory 3","damage_taken":10,"max_hp_gain":0,"max_hp_loss":0,"event_name":"SensoryStone","floor":46,"gold_loss":0}],"is_beta":false,"boss_relics":[{"not_picked":["Tiny House","aspiration:RitualDagger"],"picked":"aspiration:MobileForge"},{"not_picked":["Astrolabe","aspiration:FutureDiary"],"picked":"sneckomod:SneckoTalon"}],"items_purged_floors":[5,21,30],"is_endless":false,"potions_floor_spawned":[2,3,4,6,19,22,25,28,29,33,45,47],"ascension_level":0}}