{"host":"v4tuy5ykrbdcm9o9","time":1613093285,"event":{"mods":["BaseMod","Duelist Mod","Minty Spire (QoL Compilation)","Replay The Spire","StSLib"],"gold_per_floor":[115,128,128,145,97,97,127,141,165,184,212,16,42,59,59,156,156,170,182,196,196,208,208,237,251,278,378,387,427,448,472,481,481,481],"floor_reached":33,"language":"ENG","playtime":5224,"items_purged":[],"score":555,"play_id":"9711e38a-9d69-457a-ba29-df21d91b1c33","local_time":"20210211202805","is_ascension_mode":true,"campfire_choices":[{"floor":6,"key":"RECALL"},{"floor":15,"key":"REST"},{"floor":23,"key":"REST"},{"floor":28,"key":"REST"},{"floor":32,"key":"REST"}],"circlet_count":0,"master_deck":["Strike_P","Strike_P","Strike_P","Strike_P","Defend_P","Defend_P","Defend_P","Defend_P","Eruption","Vigilance","Conclude","EmptyFist","JustLucky","Wallop","EmptyFist","SandsOfTime","SignatureMove","Alpha","Consecrate","Replay:Anticipation","WindmillStrike","SashWhip","Replay:LoomingThreat","EmptyFist","Replay:AtTheReady","Evaluate","Conclude","Replay:ManipulateFuture+1","Alpha","CrushJoints+1","Indignation","Replay:Cycle+1","SignatureMove+1","Swivel","FlurryOfBlows"],"relics":["PureWater","Orichalcum","Pet Ghost","Dream Catcher","Strawberry","Snecko Eye","ReplayTheSpireMod:Ring of Collecting","Simple Rune","ReplayTheSpireMod:Ring of Challenge","CeramicFish","Regal Pillow"],"acts_visited":["Exordium","TheCity"],"potions_floor_usage":[11,11,13,19,20,31,33,33],"damage_taken":[{"damage":3,"enemies":"Jaw Worm","floor":1,"turns":4},{"damage":2,"enemies":"Small Slimes","floor":2,"turns":3},{"damage":0,"enemies":"Cultist","floor":4,"turns":2},{"damage":10,"enemies":"3 Sentries","floor":7,"turns":5},{"damage":0,"enemies":"Exordium Wildlife","floor":8,"turns":4},{"damage":0,"enemies":"Exordium Thugs","floor":10,"turns":3},{"damage":12,"enemies":"Lagavulin","floor":11,"turns":6},{"damage":19,"enemies":"Replay:BlueRogue","floor":13,"turns":8},{"damage":0,"enemies":"Gremlin Gang","floor":14,"turns":2},{"damage":0,"enemies":"Slime Boss","floor":16,"turns":4},{"damage":0,"enemies":"Shell Parasite","floor":18,"turns":3},{"damage":0,"enemies":"Chosen","floor":19,"turns":3},{"damage":0,"enemies":"3 Cultists","floor":20,"turns":4},{"damage":38,"enemies":"Cultist and Chosen","floor":22,"turns":5},{"damage":9,"enemies":"theDuelist:KaibaA2","floor":24,"turns":6},{"damage":19,"enemies":"Shelled Parasite and Fungi","floor":25,"turns":3},{"damage":30,"enemies":"Book of Stabbing","floor":29,"turns":6},{"damage":4,"enemies":"Centurion and Healer","floor":30,"turns":6},{"damage":6,"enemies":"Chosen and Byrds","floor":31,"turns":4},{"damage":115,"enemies":"Champ","floor":33,"turns":10}],"seed_played":"-6421861306999988830","potions_obtained":[{"floor":4,"key":"FairyPotion"},{"floor":8,"key":"PowerPotion"},{"floor":10,"key":"Swift Potion"},{"floor":11,"key":"Energy Potion"},{"floor":14,"key":"Fire Potion"},{"floor":18,"key":"Block Potion"},{"floor":19,"key":"Fruit Juice"},{"floor":29,"key":"Weak Potion"},{"floor":30,"key":"Fire Potion"},{"floor":31,"key":"BottledMiracle"}],"is_trial":false,"path_per_floor":["M","M","?","M","?","R","E","M","T","M","E","$","E","M","R","B",null,"M","M","M","?","M","R","E","M","T","?","R","E","M","M","R","B"],"character_chosen":"WATCHER","items_purchased":["Alpha","Consecrate"],"campfire_rested":4,"item_purchase_floors":[12,12],"current_hp_per_floor":[62,60,65,65,65,65,55,55,55,55,43,43,31,31,56,56,77,77,82,82,82,44,70,61,42,42,42,68,38,34,28,69,0,0],"gold":481,"neow_bonus":"RANDOM_COMMON_RELIC","is_daily":false,"chose_seed":false,"campfire_upgraded":0,"win_rate":0.0,"timestamp":1613093285,"path_taken":["M","M","?","M","?","R","E","M","T","M","E","?","E","M","R","BOSS","M","M","M","?","M","R","E","M","T","?","R","E","M","?","R","BOSS"],"items_purchased_type":["Card","Card"],"build_version":"2020-12-22","purchased_purges":0,"victory":false,"max_hp_per_floor":[72,72,77,77,77,77,77,77,77,77,77,77,84,84,84,84,84,84,89,89,89,89,89,89,89,89,89,89,89,89,89,89,89,89],"card_choices":[{"not_picked":["CrushJoints","Crescendo"],"picked":"Conclude","floor":1},{"not_picked":["BattleHymn","Consecrate"],"picked":"EmptyFist","floor":2},{"not_picked":["Replay:ManipulateFuture","SandsOfTime"],"picked":"JustLucky","floor":4},{"not_picked":["Replay:ManipulateFuture","Consecrate"],"picked":"Wallop","floor":7},{"not_picked":["Meditate","Replay:DivineShield"],"picked":"EmptyFist","floor":8},{"not_picked":["Replay:Battleflow","Halt"],"picked":"SandsOfTime","floor":10},{"not_picked":["ClearTheMind","ThirdEye"],"picked":"SignatureMove","floor":11},{"not_picked":["ThirdEye","Replay:AtTheReady"],"picked":"Replay:Anticipation","floor":13},{"not_picked":["Replay:AllIn","EmptyFist"],"picked":"WindmillStrike","floor":14},{"not_picked":["Evaluate","Consecrate"],"picked":"SashWhip","floor":15},{"not_picked":["Wish","SpiritShield"],"picked":"Replay:LoomingThreat","floor":16},{"not_picked":["Consecrate","MentalFortress"],"picked":"EmptyFist","floor":18},{"not_picked":["Worship","ForeignInfluence"],"picked":"Replay:AtTheReady","floor":19},{"not_picked":["Wireheading","Pray"],"picked":"Evaluate","floor":20},{"not_picked":["Meditate","ClearTheMind"],"picked":"Conclude","floor":22},{"not_picked":["FlurryOfBlows+1","FlyingSleeves"],"picked":"Replay:ManipulateFuture+1","floor":23},{"not_picked":["Indignation","Evaluate"],"picked":"Alpha","floor":24},{"not_picked":["ThirdEye","EmptyBody"],"picked":"CrushJoints+1","floor":25},{"not_picked":["Replay:ManipulateFuture","CrushJoints"],"picked":"Indignation","floor":28},{"not_picked":["ThirdEye","Conclude+1"],"picked":"Replay:Cycle+1","floor":29},{"not_picked":["FlyingSleeves","CarveReality"],"picked":"SignatureMove+1","floor":30},{"not_picked":["InnerPeace+1","LikeWater+1"],"picked":"Swivel","floor":31},{"not_picked":["WreathOfFlame","Brilliance"],"picked":"FlurryOfBlows","floor":32}],"player_experience":833657,"relics_obtained":[{"floor":7,"key":"Pet Ghost"},{"floor":11,"key":"Dream Catcher"},{"floor":13,"key":"Strawberry"},{"floor":21,"key":"ReplayTheSpireMod:Ring of Collecting"},{"floor":24,"key":"Simple Rune"},{"floor":26,"key":"ReplayTheSpireMod:Ring of Challenge"},{"floor":26,"key":"CeramicFish"},{"floor":29,"key":"Regal Pillow"}],"event_choices":[{"damage_healed":0,"gold_gain":0,"player_choice":"Donut","damage_taken":0,"max_hp_gain":5,"max_hp_loss":0,"event_name":"Big Fish","floor":3,"gold_loss":0},{"damage_healed":0,"gold_gain":0,"player_choice":"Left Gold","damage_taken":0,"max_hp_gain":0,"max_hp_loss":0,"event_name":"World of Goop","floor":5,"gold_loss":48},{"damage_healed":0,"gold_gain":100,"player_choice":"Pray","damage_taken":0,"max_hp_gain":0,"max_hp_loss":0,"event_name":"Golden Shrine","floor":27,"gold_loss":0}],"is_beta":false,"boss_relics":[{"not_picked":["Kintsugi","Replay:Drink Me"],"picked":"Snecko Eye"}],"items_purged_floors":[],"is_endless":false,"potions_floor_spawned":[4,8,10,11,14,18,19,29,30,31],"killed_by":"Champ","ascension_level":8}}