{"host":"b4v9fzk04eo0kg41","time":1613110467,"event":{"mods":["AchievementEnabler","BaseMod","Minty Spire (QoL Compilation)"],"gold_per_floor":[110,129,229,243,44,44,72,72,145,171,171,200,212,232,232,329,329,340,355,355,372,372,372],"floor_reached":22,"language":"ENG","playtime":954,"items_purged":["Defend_P"],"score":256,"play_id":"a66a8657-d9ff-4495-856f-9c30e9c56e5d","local_time":"20210212001427","is_ascension_mode":false,"campfire_choices":[{"floor":6,"key":"RECALL"},{"floor":8,"key":"REST"},{"floor":11,"key":"REST"},{"floor":15,"key":"REST"}],"circlet_count":0,"master_deck":["Strike_P","Strike_P","Strike_P","Strike_P","Defend_P","Defend_P","Defend_P","Eruption","Vigilance","Halt","Vengeance","Consecrate","SignatureMove","SashWhip","Weave","ReachHeaven","CrushJoints","Wallop","DevaForm","CurseOfTheBell","Prostrate+1","Crescendo+1","WheelKick+1"],"relics":["Fusion Hammer","Juzu Bracelet","Du-Vu Doll","Nunchaku","Calling Bell","Centennial Puzzle","Singing Bowl","Thread and Needle","SsserpentHead"],"acts_visited":["Exordium","TheCity"],"potions_floor_usage":[7,19,22,22],"damage_taken":[{"damage":0,"enemies":"Small Slimes","floor":1,"turns":2},{"damage":0,"enemies":"Cultist","floor":2,"turns":2},{"damage":0,"enemies":"Jaw Worm","floor":4,"turns":3},{"damage":23,"enemies":"3 Sentries","floor":7,"turns":5},{"damage":12,"enemies":"Lagavulin","floor":10,"turns":5},{"damage":19,"enemies":"3 Sentries","floor":12,"turns":4},{"damage":0,"enemies":"Exordium Thugs","floor":13,"turns":3},{"damage":0,"enemies":"Exordium Wildlife","floor":14,"turns":3},{"damage":0,"enemies":"Slime Boss","floor":16,"turns":4},{"damage":6,"enemies":"3 Byrds","floor":18,"turns":3},{"damage":1,"enemies":"Chosen","floor":19,"turns":4},{"damage":33,"enemies":"Snake Plant","floor":21,"turns":2},{"damage":39,"enemies":"Chosen and Byrds","floor":22,"turns":4}],"seed_played":"5201028269267636207","potions_obtained":[{"floor":1,"key":"Dexterity Potion"},{"floor":10,"key":"FearPotion"},{"floor":12,"key":"SpeedPotion"},{"floor":14,"key":"LiquidMemories"},{"floor":19,"key":"Swift Potion"}],"is_trial":false,"path_per_floor":["M","M","?","M","$","R","E","R","T","E","R","E","M","M","R","B",null,"M","M","?","M","M"],"character_chosen":"WATCHER","items_purchased":["SignatureMove","SashWhip"],"campfire_rested":3,"item_purchase_floors":[5,5],"current_hp_per_floor":[72,72,72,72,72,72,49,70,70,58,72,53,53,53,72,72,72,66,65,65,32,0,0],"gold":372,"neow_bonus":"BOSS_RELIC","is_daily":false,"chose_seed":false,"campfire_upgraded":0,"win_rate":0.0,"timestamp":1613110467,"path_taken":["M","M","?","M","$","R","E","R","T","E","R","E","M","M","R","BOSS","M","M","?","M","M"],"items_purchased_type":["Card","Card"],"build_version":"2020-12-22","purchased_purges":1,"victory":false,"max_hp_per_floor":[72,72,72,72,72,72,72,72,72,72,72,72,72,72,72,72,72,72,72,72,72,72,72],"card_choices":[{"not_picked":["WaveOfTheHand","Crescendo"],"picked":"Halt","floor":1},{"not_picked":["Protect","FlurryOfBlows"],"picked":"Vengeance","floor":2},{"not_picked":["SashWhip","Swivel"],"picked":"Consecrate","floor":4},{"not_picked":["MentalFortress","FlyingSleeves","Brilliance"],"picked":"SKIP","floor":7},{"not_picked":["ThirdEye","FlyingSleeves"],"picked":"Weave","floor":10},{"not_picked":["FlyingSleeves","ConjureBlade"],"picked":"ReachHeaven","floor":12},{"not_picked":["ThirdEye","Fasting2"],"picked":"CrushJoints","floor":13},{"not_picked":["Prostrate","CrushJoints"],"picked":"Wallop","floor":14},{"not_picked":["LessonLearned","Omniscience"],"picked":"DevaForm","floor":16},{"not_picked":["MentalFortress","Evaluate"],"picked":"Prostrate+1","floor":18},{"not_picked":["Consecrate+1","JustLucky"],"picked":"Crescendo+1","floor":19},{"not_picked":["Indignation","SandsOfTime"],"picked":"WheelKick+1","floor":21}],"player_experience":445499,"relics_obtained":[{"floor":7,"key":"Juzu Bracelet"},{"floor":10,"key":"Du-Vu Doll"},{"floor":12,"key":"Nunchaku"},{"floor":17,"key":"Centennial Puzzle"},{"floor":17,"key":"Singing Bowl"},{"floor":17,"key":"Thread and Needle"}],"event_choices":[{"damage_healed":0,"gold_gain":100,"player_choice":"Pray","damage_taken":0,"max_hp_gain":0,"max_hp_loss":0,"event_name":"Golden Shrine","floor":3,"gold_loss":0},{"damage_healed":0,"gold_gain":0,"player_choice":"Trade","damage_taken":0,"relics_obtained":["SsserpentHead"],"max_hp_gain":0,"max_hp_loss":0,"event_name":"FaceTrader","floor":20,"gold_loss":0}],"is_beta":false,"boss_relics":[{"not_picked":["Pandora\u0027s Box","Ectoplasm"],"picked":"Calling Bell"}],"items_purged_floors":[5],"is_endless":false,"potions_floor_spawned":[1,10,12,14,19],"killed_by":"Chosen and Byrds","ascension_level":0}}