{"host":"w14xfy17z3c5mpoi","time":1613168990,"event":{"mods":["AchievementEnabler","BaseMod","Minty Spire (QoL Compilation)","Relic Stats"],"gold_per_floor":[117,117,131,151,151,179,194,194,221,236,247,322,322,287,287,385,385,398,313,154,167,178,178,188,215,215,215,81,81,81,99,99,99,99],"floor_reached":33,"language":"ENG","playtime":1312,"items_purged":["Strike_B","Strike_B"],"score":385,"play_id":"faf70edf-62fd-494d-92c8-cbbd18cd9edc","local_time":"20210212172950","is_ascension_mode":true,"campfire_choices":[{"data":"Lockon","floor":8,"key":"SMITH"},{"floor":13,"key":"REST"},{"data":"Go for the Eyes","floor":15,"key":"SMITH"},{"data":"Fission","floor":23,"key":"SMITH"},{"data":"Hyperbeam","floor":32,"key":"SMITH"}],"circlet_count":0,"master_deck":["Defend_B","Defend_B","Defend_B","Zap","Dualcast","Glacier","Lockon+1","Ball Lightning","Cold Snap","BootSequence","Go for the Eyes+1","Sweeping Beam","Fission+1","Steam+1","Self Repair","Gash","Conserve Battery","Cold Snap+1","Beam Cell+1","Leap+1","Self Repair","Bite","Bite","Bite","Bite","Bite","Hyperbeam+1"],"relics":["Cracked Core","NeowsBlessing","Nunchaku","Anchor","Nuclear Battery","Bronze Scales","Regal Pillow","Gambling Chip","Enchiridion"],"acts_visited":["Exordium","TheCity"],"potions_floor_usage":[11,31,33],"damage_taken":[{"damage":0,"enemies":"Cultist","floor":1,"turns":1},{"damage":0,"enemies":"Jaw Worm","floor":3,"turns":1},{"damage":0,"enemies":"Small Slimes","floor":4,"turns":1},{"damage":24,"enemies":"Gremlin Nob","floor":6,"turns":5},{"damage":9,"enemies":"2 Fungi Beasts","floor":7,"turns":3},{"damage":20,"enemies":"Exordium Thugs","floor":10,"turns":5},{"damage":0,"enemies":"Large Slime","floor":11,"turns":3},{"damage":15,"enemies":"The Guardian","floor":16,"turns":11},{"damage":0,"enemies":"Shell Parasite","floor":18,"turns":4},{"damage":0,"enemies":"3 Byrds","floor":21,"turns":3},{"damage":35,"enemies":"Sentry and Sphere","floor":22,"turns":5},{"damage":2,"enemies":"Snecko","floor":24,"turns":4},{"damage":12,"enemies":"Book of Stabbing","floor":25,"turns":6},{"damage":0,"enemies":"Snake Plant","floor":31,"turns":3},{"damage":108,"enemies":"Champ","floor":33,"turns":14}],"seed_played":"8003825349321064543","potions_obtained":[{"floor":3,"key":"FairyPotion"},{"floor":7,"key":"AttackPotion"},{"floor":10,"key":"SteroidPotion"},{"floor":18,"key":"GamblersBrew"},{"floor":25,"key":"DuplicationPotion"},{"floor":31,"key":"Explosive Potion"}],"is_trial":false,"path_per_floor":["M","?","M","M","?","E","M","R","T","M","M","?","R","?","R","B",null,"M","?","$","M","M","R","M","E","T","?","$","?","?","M","R","B"],"character_chosen":"DEFECT","items_purchased":["Self Repair","Gash","Self Repair"],"campfire_rested":1,"item_purchase_floors":[20,20,28],"current_hp_per_floor":[68,68,68,68,68,44,35,35,35,15,15,4,26,44,44,29,64,64,64,64,71,43,43,48,43,43,27,27,27,27,40,40,0,0],"gold":99,"neow_bonus":"THREE_ENEMY_KILL","is_daily":false,"chose_seed":false,"campfire_upgraded":4,"win_rate":0.0,"timestamp":1613168990,"path_taken":["M","?","M","M","?","E","M","R","T","M","M","?","R","?","R","BOSS","M","?","$","M","M","R","M","E","T","?","$","?","?","M","R","BOSS"],"items_purchased_type":["Card","Card","Card"],"build_version":"2020-12-22","purchased_purges":2,"victory":false,"max_hp_per_floor":[75,75,75,75,75,75,75,75,75,75,75,75,75,75,75,75,75,75,75,75,75,75,75,75,75,75,75,75,75,52,52,52,52,52],"relic_stats":{"Nunchaku":[14],"Regal Pillow":0,"counters":[15,69],"Bronze Scales":[119],"Gambling Chip":[8],"obtain_stats":[{"Nunchaku":6,"Anchor":9,"Regal Pillow":25,"NeowsBlessing":0,"Bronze Scales":19,"Gambling Chip":26,"Enchiridion":27,"Cracked Core":0,"Nuclear Battery":17},{"Nunchaku":4,"Anchor":5,"Regal Pillow":13,"NeowsBlessing":0,"Bronze Scales":9,"Gambling Chip":13,"Enchiridion":13,"Cracked Core":0,"Nuclear Battery":8},{"Nunchaku":8,"Anchor":11,"Regal Pillow":52,"NeowsBlessing":0,"Bronze Scales":34,"Gambling Chip":52,"Enchiridion":52,"Cracked Core":0,"Nuclear Battery":30}]},"card_choices":[{"not_picked":["Beam Cell","Leap"],"picked":"Glacier","floor":1},{"not_picked":["Steam","Sweeping Beam"],"picked":"Lockon","floor":3},{"not_picked":["Conserve Battery","Compile Driver"],"picked":"Ball Lightning","floor":4},{"not_picked":["Blizzard","Redo"],"picked":"Cold Snap","floor":6},{"not_picked":["Hologram","Barrage"],"picked":"BootSequence","floor":7},{"not_picked":["Sunder","Leap"],"picked":"Go for the Eyes","floor":10},{"not_picked":["Go for the Eyes","Steam"],"picked":"Sweeping Beam","floor":11},{"not_picked":["Machine Learning","All For One"],"picked":"Fission","floor":16},{"not_picked":["Sunder","Storm+1"],"picked":"Steam+1","floor":18},{"not_picked":["Barrage","Steam"],"picked":"Conserve Battery","floor":21},{"not_picked":["Rebound","Conserve Battery"],"picked":"Cold Snap+1","floor":22},{"not_picked":["FTL","Compile Driver"],"picked":"Beam Cell+1","floor":24},{"not_picked":["Rebound","Capacitor+1"],"picked":"Leap+1","floor":25},{"not_picked":["Doom and Gloom","White Noise"],"picked":"Hyperbeam","floor":31}],"player_experience":646689,"relics_obtained":[{"floor":6,"key":"Nunchaku"},{"floor":9,"key":"Anchor"},{"floor":25,"key":"Regal Pillow"},{"floor":26,"key":"Gambling Chip"},{"floor":27,"key":"Enchiridion"}],"event_choices":[{"cards_removed":["Defend_B"],"damage_healed":0,"gold_gain":0,"player_choice":"Forget","damage_taken":0,"max_hp_gain":0,"max_hp_loss":0,"event_name":"Living Wall","floor":2,"gold_loss":0},{"damage_healed":0,"gold_gain":0,"player_choice":"Ignored","damage_taken":0,"max_hp_gain":0,"max_hp_loss":0,"event_name":"Liars Game","floor":5,"gold_loss":0},{"damage_healed":0,"gold_gain":75,"player_choice":"Gather Gold","damage_taken":11,"max_hp_gain":0,"max_hp_loss":0,"event_name":"World of Goop","floor":12,"gold_loss":0},{"damage_healed":18,"gold_gain":0,"player_choice":"Healed","damage_taken":0,"max_hp_gain":0,"max_hp_loss":0,"event_name":"The Cleric","floor":14,"gold_loss":35},{"damage_healed":0,"gold_gain":0,"player_choice":"Obtained Relic","damage_taken":0,"relics_obtained":["Bronze Scales"],"max_hp_gain":0,"max_hp_loss":0,"event_name":"Addict","floor":19,"gold_loss":85},{"damage_healed":0,"gold_gain":0,"player_choice":"Obtained Book","damage_taken":16,"max_hp_gain":0,"max_hp_loss":0,"event_name":"Cursed Tome","floor":27,"gold_loss":0},{"damage_healed":0,"gold_gain":0,"player_choice":"Ignored","damage_taken":0,"max_hp_gain":0,"max_hp_loss":0,"event_name":"Ghosts","floor":29,"gold_loss":0},{"damage_healed":0,"gold_gain":0,"player_choice":"Became a vampire","damage_taken":0,"max_hp_gain":0,"max_hp_loss":23,"event_name":"Vampires","floor":30,"gold_loss":0,"cards_obtained":["Bite","Bite","Bite","Bite","Bite"]}],"is_beta":false,"boss_relics":[{"not_picked":["Coffee Dripper","Calling Bell"],"picked":"Nuclear Battery"}],"items_purged_floors":[20,28],"is_endless":false,"potions_floor_spawned":[3,7,10,18,22,25,31],"killed_by":"Champ","ascension_level":7}}