{"host":"7rmsgc3rayi00cdt","time":1613161339,"event":{"mods":["BaseMod","Minty Spire (QoL Compilation)"],"gold_per_floor":[116,291,65,65,76,107,107,123,150,150,183,196,146,179,179,282,282,295,295,276,276,276,276,308,308,308,308,320,199,225,237,237,341,341,358,358,373,723,723,723,756,776,776,403,418,447,143,158,158,158,158],"floor_reached":50,"language":"ENG","playtime":2201,"items_purged":["Doubt","Clumsy"],"score":801,"play_id":"c7870688-204d-4e19-a7df-3ffd9ba1c795","local_time":"20210212202219","is_ascension_mode":true,"campfire_choices":[{"floor":7,"key":"REST"},{"data":"Power Through","floor":10,"key":"SMITH"},{"data":"Defend_R","floor":15,"key":"SMITH"},{"data":"Defend_R","floor":23,"key":"SMITH"},{"data":"Bash","floor":25,"key":"SMITH"},{"floor":32,"key":"REST"},{"floor":40,"key":"REST"},{"floor":49,"key":"REST"}],"circlet_count":0,"master_deck":["Strike_R","Strike_R","Defend_R","Defend_R+1","Defend_R+1","Defend_R+1","Bash+1","Wild Strike","Wild Strike","Power Through+1","Immolate","Pommel Strike+1","Reckless Charge+1","Bludgeon+1","Battle Trance+1","Thunderclap+1","Headbutt+1","Sever Soul+1","Deep Breath","Evolve","Shrug It Off","Reaper+1","CurseOfTheBell","Ghostly Armor","Clothesline+1","Dropkick+1","Uppercut+1","Spot Weakness+1","Demon Form","Heavy Blade+1"],"relics":["Burning Blood","Strawberry","Dream Catcher","Red Skull","Molten Egg 2","PreservedInsect","Mark of Pain","Magic Flower","Ornamental Fan","Nilry\u0027s Codex","Bronze Scales","Calling Bell","Blood Vial","Mummified Hand","Mango","Old Coin","InkBottle","Oddly Smooth Stone","TungstenRod","War Paint","Darkstone Periapt","HandDrill","Lantern"],"acts_visited":["Exordium","TheCity","TheBeyond"],"potions_floor_usage":[16,16,24,24,33,35,41,48,50,50,50],"damage_taken":[{"damage":9,"enemies":"Jaw Worm","floor":1,"turns":5},{"damage":0,"enemies":"Small Slimes","floor":5,"turns":3},{"damage":45,"enemies":"3 Sentries","floor":6,"turns":12},{"damage":1,"enemies":"Cultist","floor":8,"turns":3},{"damage":8,"enemies":"Gremlin Nob","floor":11,"turns":3},{"damage":5,"enemies":"3 Louse","floor":12,"turns":3},{"damage":20,"enemies":"3 Sentries","floor":14,"turns":10},{"damage":17,"enemies":"Slime Boss","floor":16,"turns":7},{"damage":0,"enemies":"Spheric Guardian","floor":18,"turns":1},{"damage":9,"enemies":"2 Thieves","floor":20,"turns":4},{"damage":12,"enemies":"Book of Stabbing","floor":24,"turns":4},{"damage":19,"enemies":"3 Cultists","floor":28,"turns":5},{"damage":22,"enemies":"Slavers","floor":30,"turns":3},{"damage":24,"enemies":"Snake Plant","floor":31,"turns":3},{"damage":28,"enemies":"Collector","floor":33,"turns":9},{"damage":44,"enemies":"3 Darklings","floor":35,"turns":4},{"damage":35,"enemies":"3 Shapes","floor":37,"turns":9},{"damage":24,"enemies":"Mind Bloom Boss Battle","floor":38,"turns":6},{"damage":64,"enemies":"Reptomancer","floor":41,"turns":6},{"damage":46,"enemies":"Transient","floor":42,"turns":5},{"damage":12,"enemies":"4 Shapes","floor":45,"turns":4},{"damage":12,"enemies":"Nemesis","floor":46,"turns":5},{"damage":33,"enemies":"Spire Growth","floor":48,"turns":6},{"damage":88,"enemies":"Time Eater","floor":50,"turns":9}],"seed_played":"-7366095071630825029","potions_obtained":[{"floor":6,"key":"AttackPotion"},{"floor":11,"key":"SkillPotion"},{"floor":14,"key":"SteroidPotion"},{"floor":16,"key":"LiquidBronze"},{"floor":24,"key":"HeartOfIron"},{"floor":33,"key":"Explosive Potion"},{"floor":35,"key":"PowerPotion"},{"floor":37,"key":"HeartOfIron"},{"floor":41,"key":"LiquidMemories"},{"floor":48,"key":"DuplicationPotion"}],"is_trial":false,"path_per_floor":["M","?","$","?","M","E","R","M","T","R","E","M","?","E","R","B",null,"M","?","M","?","?","R","E","R","T","?","M","$","E","M","R","B",null,"M","?","M","?","T","R","E","M","T","$","M","E","$","M","R","B"],"character_chosen":"IRONCLAD","items_purchased":["Strawberry","Sever Soul+1","Deep Breath","War Paint","PowerPotion","Uppercut+1","HandDrill","Lantern"],"campfire_rested":4,"item_purchase_floors":[3,29,29,44,44,44,47,47],"current_hp_per_floor":[77,77,84,84,90,51,79,84,84,84,82,83,83,69,69,58,86,92,92,89,89,89,89,83,83,83,67,57,57,44,29,57,38,95,86,86,63,51,51,83,54,20,20,20,20,20,20,11,43,0,0],"gold":158,"neow_bonus":"TEN_PERCENT_HP_BONUS","is_daily":false,"chose_seed":false,"campfire_upgraded":4,"win_rate":0.0,"timestamp":1613161339,"path_taken":["M","?","$","?","?","E","R","M","T","R","E","M","?","E","R","BOSS","M","?","?","?","?","R","E","R","T","?","M","$","E","M","R","BOSS","M","?","?","?","?","R","E","M","T","$","M","E","?","M","R","BOSS"],"items_purchased_type":["Relic","Card","Card","Relic","Potion","Card","Relic","Relic"],"build_version":"2020-12-22","purchased_purges":2,"victory":false,"max_hp_per_floor":[88,88,95,95,95,95,95,95,95,95,95,95,95,95,95,95,95,95,95,95,95,95,95,95,95,95,95,95,95,95,95,95,95,109,109,109,109,109,109,109,109,109,109,109,109,109,109,109,109,109,109],"card_choices":[{"not_picked":["Shrug It Off","Cleave"],"picked":"Wild Strike","floor":1},{"not_picked":["Pommel Strike","Sword Boomerang"],"picked":"Wild Strike","floor":5},{"not_picked":["Flame Barrier","Headbutt"],"picked":"Power Through","floor":6},{"not_picked":["Metallicize","Body Slam"],"picked":"Immolate","floor":7},{"not_picked":["Heavy Blade","Armaments","Entrench"],"picked":"SKIP","floor":8},{"not_picked":["Combust","Dark Embrace"],"picked":"Pommel Strike+1","floor":11},{"not_picked":["Armaments","Entrench","Heavy Blade+1"],"picked":"SKIP","floor":12},{"not_picked":["Sword Boomerang+1","Carnage+1"],"picked":"Reckless Charge+1","floor":14},{"not_picked":["Barricade","Corruption"],"picked":"Bludgeon+1","floor":16},{"not_picked":["Twin Strike+1","Shrug It Off"],"picked":"Battle Trance","floor":18},{"not_picked":["Havoc","Iron Wave+1","Warcry"],"picked":"SKIP","floor":20},{"not_picked":["Iron Wave+1","Feel No Pain","Ghostly Armor"],"picked":"SKIP","floor":24},{"not_picked":["Feel No Pain","Bloodletting+1"],"picked":"Headbutt+1","floor":28},{"not_picked":["Berserk","Bloodletting"],"picked":"Evolve","floor":30},{"not_picked":["Flex","Wild Strike+1","Dual Wield"],"picked":"SKIP","floor":31},{"not_picked":["Headbutt+1","Entrench"],"picked":"Shrug It Off","floor":32},{"not_picked":["Double Tap","Offering"],"picked":"Reaper+1","floor":33},{"not_picked":["Body Slam+1","Clash+1","Iron Wave+1"],"picked":"SKIP","floor":35},{"not_picked":["Armaments","Intimidate+1"],"picked":"Clothesline+1","floor":37},{"not_picked":["Sword Boomerang+1","Searing Blow+1"],"picked":"Dropkick+1","floor":41},{"not_picked":["Cleave+1","Clash+1","Flame Barrier+1"],"picked":"SKIP","floor":42},{"not_picked":["Warcry","Intimidate"],"picked":"Spot Weakness+1","floor":45},{"not_picked":["Shrug It Off+1","Bloodletting+1"],"picked":"Demon Form","floor":46},{"not_picked":["Armaments","Power Through+1"],"picked":"Heavy Blade+1","floor":48}],"player_experience":810190,"relics_obtained":[{"floor":6,"key":"Dream Catcher"},{"floor":9,"key":"Red Skull"},{"floor":11,"key":"Molten Egg 2"},{"floor":14,"key":"PreservedInsect"},{"floor":24,"key":"Magic Flower"},{"floor":26,"key":"Ornamental Fan"},{"floor":27,"key":"Nilry\u0027s Codex"},{"floor":30,"key":"Bronze Scales"},{"floor":34,"key":"Blood Vial"},{"floor":34,"key":"Mummified Hand"},{"floor":34,"key":"Mango"},{"floor":38,"key":"Old Coin"},{"floor":39,"key":"InkBottle"},{"floor":41,"key":"Oddly Smooth Stone"},{"floor":43,"key":"TungstenRod"},{"floor":46,"key":"Darkstone Periapt"}],"event_choices":[{"damage_healed":0,"gold_gain":175,"player_choice":"AGREE","damage_taken":0,"max_hp_gain":0,"max_hp_loss":0,"event_name":"Liars Game","floor":2,"gold_loss":0,"cards_obtained":["Doubt"]},{"cards_removed":["Strike_R"],"damage_healed":0,"gold_gain":0,"player_choice":"Purged","damage_taken":0,"max_hp_gain":0,"max_hp_loss":0,"event_name":"Purifier","floor":4,"gold_loss":0},{"cards_removed":["Strike_R"],"damage_healed":0,"gold_gain":0,"player_choice":"Card Removal","damage_taken":0,"max_hp_gain":0,"max_hp_loss":0,"event_name":"The Cleric","floor":13,"gold_loss":50},{"cards_removed":["Strike_R"],"damage_healed":0,"gold_gain":0,"player_choice":"Offered Basic","damage_taken":0,"max_hp_gain":0,"max_hp_loss":0,"event_name":"Bonfire Elementals","floor":19,"gold_loss":0},{"damage_healed":0,"gold_gain":0,"player_choice":"Ignored","damage_taken":0,"max_hp_gain":0,"max_hp_loss":0,"event_name":"Beggar","floor":21,"gold_loss":0},{"damage_healed":0,"gold_gain":0,"player_choice":"Read","damage_taken":0,"max_hp_gain":0,"max_hp_loss":0,"event_name":"The Library","floor":22,"gold_loss":0,"cards_obtained":["Thunderclap"]},{"damage_healed":0,"gold_gain":0,"player_choice":"Obtained Book","damage_taken":16,"max_hp_gain":0,"max_hp_loss":0,"event_name":"Cursed Tome","floor":27,"gold_loss":0},{"damage_healed":0,"gold_gain":0,"player_choice":"2 cards matched","damage_taken":0,"max_hp_gain":0,"max_hp_loss":0,"event_name":"Match and Keep!","floor":36,"gold_loss":0,"cards_obtained":["Ghostly Armor","Clumsy"]},{"damage_healed":0,"gold_gain":0,"player_choice":"Fight","damage_taken":0,"max_hp_gain":0,"max_hp_loss":0,"event_name":"MindBloom","floor":38,"gold_loss":0}],"is_beta":false,"boss_relics":[{"not_picked":["Philosopher\u0027s Stone","Coffee Dripper"],"picked":"Mark of Pain"},{"not_picked":["Black Star","SlaversCollar"],"picked":"Calling Bell"}],"items_purged_floors":[3,44],"is_endless":false,"potions_floor_spawned":[6,11,14,16,24,33,35,37,41,48],"killed_by":"Time Eater","ascension_level":7}}