{"host":"grwexcir7mx5yvgg","time":1613114580,"event":{"mods":["AchievementEnabler","Ascension Reborn","Aspiration","BaseMod","Better Vampires","Colored Powertips","Custom Start","Energized Spire","Googly Eyes","Minty Spire (QoL Compilation)","MostiFishMod","Reliquary","Remilia（蕾米莉亚）","Replay The Spire","Shop Mod","Spicy Shops","StSLib","SuperFastMode","TestMod","UnlockEverythingMod","篝火指南"],"gold_per_floor":[115,115,115,129,146,174,189,44,67,78,78,97,-1303,-1303,-1303,-1201,-1201,-1184,-1174,-1160,-1145,-1145,-1112,-1098,-1098,-1098,-1083,-984,-984,-967,-957,-957,-854,-854,-843,-831,-820,-820,-820],"floor_reached":38,"language":"ZHS","playtime":875,"items_purged":[],"score":729,"play_id":"9a4ab8e9-911c-46df-8c23-2b9a03ebe027","local_time":"20210212152300","daily_mods":["Heirloom","Time Dilation","DeadlyEvents","Uncertain Future","Binary"],"is_ascension_mode":true,"campfire_choices":[{"floor":15,"key":"REST"}],"circlet_count":0,"master_deck":["ForecastOfChange+1","KillingBlow+1","BloodySeventeenLaser+1","BloodySeventeenLaser+1","HellCatastrophe+1","ScarletCoffin+1","HeartBreak+1","BloodRain+1","ChaoticDestiny+1","BloodyCatastrophe+1","ScarletNetherworld+1","MastersStateliness+1","MastersStateliness+1","MastersStateliness+1","CeilingFear+1","BloodyHallows+1","FitfulNightmare+1","TwelveNightmare+1","EquivalentExchange+1","BatForm+1","DemonKingCradle+1","CurseOfVladTepes+1","ScarletMeister+1","QueenOfMidnight+1","Ghostly+1","Ghostly+1","Ghostly+1","Mayhem+1","Phantasmal Killer+1","Phantasmal Killer+1","Phantasmal Killer+1","Adrenaline+1","Adrenaline+1","Adrenaline+1","MostiFishMod:GrandStart+1","Reaper+1","Reaper+1","Reaper+1","Feed+1","Feed+1","Feed+1","Dark Embrace+1","Corruption+1","MostiFishMod:Mania+1","Buffer+1","Shame","Gluttony_TH"],"relics":["ScarletHat","Busted Crown","testmod-TestBox","DaveBox","Torii","ReplayTheSpireMod:TigerMarble","Bag of Marbles","SynthV:MejaisSoulstealer","testmod-TimeTraveler","aspiration:FrozenJewel","Replay:Kaleidoscope","reliquary:RedPaperclip","DiscerningMonocle"],"acts_visited":["Exordium","TheCity","TheBeyond"],"potions_floor_usage":[16],"damage_taken":[{"damage":0,"enemies":"Small Slimes","floor":1,"turns":1},{"damage":0,"enemies":"Jaw Worm","floor":4,"turns":1},{"damage":0,"enemies":"Cultist","floor":5,"turns":1},{"damage":0,"enemies":"3 Sentries","floor":6,"turns":1},{"damage":0,"enemies":"Looter","floor":7,"turns":1},{"damage":0,"enemies":"Gremlin Gang","floor":10,"turns":1},{"damage":0,"enemies":"Exordium Thugs","floor":12,"turns":1},{"damage":4,"enemies":"Hexaghost","floor":16,"turns":2},{"damage":0,"enemies":"Shell Parasite","floor":18,"turns":1},{"damage":0,"enemies":"2 Thieves","floor":19,"turns":1},{"damage":0,"enemies":"Snecko","floor":20,"turns":1},{"damage":0,"enemies":"Cultist and Chosen","floor":21,"turns":1},{"damage":0,"enemies":"Book of Stabbing","floor":23,"turns":2},{"damage":0,"enemies":"3 Cultists","floor":24,"turns":1},{"damage":0,"enemies":"Snake Plant","floor":27,"turns":1},{"damage":0,"enemies":"Shelled Parasite and Fungi","floor":30,"turns":1},{"damage":0,"enemies":"Snecko","floor":31,"turns":1},{"damage":42,"enemies":"Automaton","floor":33,"turns":5},{"damage":3,"enemies":"3 Shapes","floor":35,"turns":1},{"damage":0,"enemies":"Orb Walker","floor":36,"turns":1},{"damage":19,"enemies":"Writhing Mass","floor":37,"turns":2}],"seed_played":"-7829229675028183679","potions_obtained":[{"floor":12,"key":"AttackPotion"},{"floor":20,"key":"Block Potion"},{"floor":21,"key":"Adrenaline Potion"},{"floor":27,"key":"Adrenaline Potion"}],"is_trial":true,"path_per_floor":["M","?","?","M","M","E","M","$","T","M","R","M","R","T","R","B",null,"M","M","M","M","?","E","M","$","T","M","?","R","M","M","R","B",null,"M","M","M","$"],"character_chosen":"REMILIA","items_purchased":["Bag of Marbles","SynthV:MejaisSoulstealer"],"campfire_rested":1,"item_purchase_floors":[8,13],"current_hp_per_floor":[79,79,79,79,79,79,79,79,79,79,79,79,79,79,79,79,79,79,79,79,79,94,94,94,94,94,94,94,94,94,94,94,94,94,91,91,80,80,80],"gold":-820,"neow_bonus":"","is_daily":false,"chose_seed":false,"campfire_upgraded":0,"win_rate":0.0,"timestamp":1613114580,"path_taken":["M","?","?","M","M","E","M","$","T","M","R","M","R","?","R","BOSS","M","M","M","M","?","E","M","$","T","M","?","R","?","M","R","BOSS","M","M","M","$"],"items_purchased_type":["Relic","Relic"],"build_version":"2020-12-22","purchased_purges":0,"victory":false,"max_hp_per_floor":[79,79,79,79,79,79,79,79,79,79,79,79,79,79,79,79,79,79,79,79,79,94,94,94,94,94,94,94,94,94,94,94,94,94,94,94,98,98,98],"card_choices":[],"player_experience":114457,"relics_obtained":[{"floor":6,"key":"ReplayTheSpireMod:TigerMarble"},{"floor":9,"key":"Blue Doll"},{"floor":14,"key":"reliquary:HotPoker"},{"floor":23,"key":"aspiration:FrozenJewel"},{"floor":26,"key":"Replay:Kaleidoscope"}],"event_choices":[{"damage_healed":0,"gold_gain":99,"player_choice":"Stole From Cult","damage_taken":0,"max_hp_gain":0,"max_hp_loss":0,"event_name":"Nest","floor":28,"gold_loss":0}],"is_beta":false,"boss_relics":[{"not_picked":["reliquary:RedCape","testmod-Prudence"],"picked":"testmod-TimeTraveler"},{"not_picked":["BloodWine","Snecko Heart"],"picked":"reliquary:RedPaperclip"}],"items_purged_floors":[],"is_endless":true,"potions_floor_spawned":[6,7,12,20,21,27,31,33,35],"ascension_level":0}}