{"host":"iudiqz5bwex5meyb","time":1613163753,"event":{"mods":["AchievementEnabler","BaseMod","Block Reminder","Colored Map","Minty Spire (QoL Compilation)","StSLib","The Senshi","ojb\u0027s Better Paths Mod","ojb\u0027s Info Mod"],"gold_per_floor":[113,131,101,112,130,130,159,173,199,218,173,173,184,28,28,28,28],"floor_reached":16,"language":"ENG","playtime":1819,"items_purged":[],"score":114,"play_id":"4ecef73a-fa57-4630-85a5-b43e6fb8d9a3","local_time":"20210212150233","is_ascension_mode":true,"campfire_choices":[{"data":"Setup","floor":6,"key":"SMITH"},{"floor":12,"key":"REST"},{"data":"Burst","floor":15,"key":"SMITH"}],"circlet_count":0,"master_deck":["Strike_G","Strike_G","Strike_G","Strike_G","Strike_G","Defend_G","Defend_G","Defend_G","Defend_G","Defend_G","Survivor","Neutralize","Cloak And Dagger","Escape Plan","Burst+1","Setup+1","Deflect","Cloak And Dagger","Backflip","Envenom"],"relics":["Ring of the Snake","NeowsBlessing","Smiling Mask","Lantern","Vajra"],"acts_visited":["Exordium"],"potions_floor_usage":[13,13,13,16],"damage_taken":[{"damage":0,"enemies":"Jaw Worm","floor":1,"turns":1},{"damage":0,"enemies":"Cultist","floor":2,"turns":1},{"damage":0,"enemies":"2 Louse","floor":4,"turns":1},{"damage":20,"enemies":"Lots of Slimes","floor":5,"turns":8},{"damage":48,"enemies":"3 Sentries","floor":7,"turns":16},{"damage":0,"enemies":"3 Louse","floor":8,"turns":6},{"damage":0,"enemies":"Blue Slaver","floor":10,"turns":6},{"damage":0,"enemies":"Looter","floor":11,"turns":5},{"damage":4,"enemies":"Large Slime","floor":13,"turns":9},{"damage":29,"enemies":"Slime Boss","floor":16,"turns":11}],"seed_played":"-4272653910670765453","potions_obtained":[{"floor":3,"key":"EssenceOfSteel"},{"floor":3,"key":"Strength Potion"},{"floor":4,"key":"Weak Potion"},{"floor":13,"key":"Swift Potion"}],"is_trial":false,"path_per_floor":["M","M","?","M","M","R","E","M","T","M","M","R","M","$","R","B"],"character_chosen":"THE_SILENT","items_purchased":["Vajra"],"campfire_rested":1,"item_purchase_floors":[14],"current_hp_per_floor":[70,70,70,70,50,50,2,2,2,2,2,23,19,19,19,0,0],"gold":28,"neow_bonus":"THREE_ENEMY_KILL","is_daily":false,"chose_seed":false,"campfire_upgraded":2,"win_rate":0.0,"timestamp":1613163753,"path_taken":["M","M","?","M","M","R","E","M","T","?","M","R","M","$","R","BOSS"],"items_purchased_type":["Relic"],"build_version":"2020-12-22","purchased_purges":0,"victory":false,"max_hp_per_floor":[70,70,70,70,70,70,70,70,70,70,70,70,70,70,70,70,70],"card_choices":[{"not_picked":["Dagger Spray","Dodge and Roll"],"picked":"Cloak And Dagger","floor":1},{"not_picked":["Dodge and Roll","Quick Slash"],"picked":"Escape Plan","floor":2},{"not_picked":["All Out Attack","Flying Knee"],"picked":"Burst","floor":4},{"not_picked":["Sucker Punch","Eviscerate"],"picked":"Setup","floor":5},{"not_picked":["Backflip","Unload"],"picked":"Deflect","floor":7},{"not_picked":["Bane","Slice"],"picked":"Cloak And Dagger","floor":8},{"not_picked":["Distraction","Flechettes","Concentrate"],"picked":"SKIP","floor":10},{"not_picked":["Slice","Deflect"],"picked":"Backflip","floor":11},{"not_picked":["Dagger Spray","Poisoned Stab"],"picked":"Envenom","floor":13}],"player_experience":246498,"relics_obtained":[{"floor":7,"key":"Smiling Mask"},{"floor":9,"key":"Lantern"}],"event_choices":[{"damage_healed":0,"gold_gain":0,"player_choice":"Bought 2 Potions","damage_taken":0,"max_hp_gain":0,"max_hp_loss":0,"event_name":"The Woman in Blue","floor":3,"gold_loss":0}],"is_beta":false,"boss_relics":[],"items_purged_floors":[],"is_endless":false,"potions_floor_spawned":[4,7,10,13],"killed_by":"Slime Boss","ascension_level":2}}