{"host":"ibckqdmmf9y74ymf","time":1613089486,"event":{"mods":["2.2 Compatiblity","BaseMod","Colored Map","Curses Come First","Highlight Path","Minty Spire (QoL Compilation)","Quick Restart","Rare Cards Sparkle","Relic Stats","StSLib"],"gold_per_floor":[99,99,99,99,16,16,16,16,16,16,16,16,16,16,16,16,16,16,16,16,16,16,16,16,16,16,16,16,16,16,16,16,16,16,16,16,16,16,16,16,16,16,16,16,16,16,16,16,16,16,16],"floor_reached":50,"language":"ENG","playtime":3532,"items_purged":[],"score":1291,"play_id":"95634b9a-103c-4a04-a414-c10e71139e39","local_time":"20210212012446","is_ascension_mode":true,"campfire_choices":[{"floor":7.0,"key":"REST"},{"data":"Conclude","floor":10.0,"key":"SMITH"},{"data":"Tantrum","floor":15.0,"key":"SMITH"},{"floor":23.0,"key":"REST"},{"data":"LessonLearned","floor":30.0,"key":"SMITH"},{"data":"DeusExMachina","floor":32.0,"key":"SMITH"},{"data":"SandsOfTime","floor":40.0,"key":"SMITH"},{"floor":42.0,"key":"RECALL"},{"data":"Wallop","floor":46,"key":"SMITH"},{"data":"Vigilance","floor":49,"key":"SMITH"}],"circlet_count":0,"master_deck":["AscendersBane","Defend_P+1","Defend_P+1","Defend_P+1","Eruption","Vigilance+1","FollowUp+1","TalkToTheHand+1","Conclude+1","ReachHeaven+1","MentalFortress+1","Tantrum+1","LessonLearned+1","Meditate+1","Wireheading+1","Collect+1","DeusExMachina+1","Bite+1","Bite+1","Bite+1","Bite+1","Bite+1","Protect+1","Omniscience+1","TalkToTheHand+1","Vengeance+1","SandsOfTime+1","Wallop+1","Eruption"],"relics":["Ectoplasm","Ice Cream","Frozen Egg 2","Eternal Feather","Pen Nib","Snecko Eye","Incense Burner","Happy Flower","TeardropLocket","Red Mask","SlaversCollar","Peace Pipe","Blood Vial","Lantern"],"acts_visited":["Exordium","TheCity","TheBeyond"],"potions_floor_usage":[],"damage_taken":[{"damage":2.0,"enemies":"2 Louse","floor":1.0,"turns":4.0},{"damage":2.0,"enemies":"Jaw Worm","floor":3.0,"turns":4.0},{"damage":27.0,"enemies":"3 Sentries","floor":6.0,"turns":5.0},{"damage":0.0,"enemies":"Gremlin Nob","floor":8.0,"turns":2.0},{"damage":20.0,"enemies":"3 Sentries","floor":11.0,"turns":3.0},{"damage":0.0,"enemies":"Cultist","floor":13.0,"turns":3.0},{"damage":0.0,"enemies":"3 Louse","floor":14.0,"turns":1.0},{"damage":23.0,"enemies":"Hexaghost","floor":16.0,"turns":5.0},{"damage":13.0,"enemies":"3 Byrds","floor":18.0,"turns":2.0},{"damage":7.0,"enemies":"Shell Parasite","floor":19.0,"turns":3.0},{"damage":18.0,"enemies":"Shelled Parasite and Fungi","floor":21.0,"turns":3.0},{"damage":4.0,"enemies":"Cultist and Chosen","floor":22.0,"turns":5.0},{"damage":10.0,"enemies":"Gremlin Leader","floor":24.0,"turns":4.0},{"damage":28.0,"enemies":"Slavers","floor":27.0,"turns":4.0},{"damage":1.0,"enemies":"Centurion and Healer","floor":29.0,"turns":12.0},{"damage":12.0,"enemies":"Masked Bandits","floor":31.0,"turns":3.0},{"damage":9.0,"enemies":"Collector","floor":33.0,"turns":6.0},{"damage":24.0,"enemies":"3 Darklings","floor":35.0,"turns":6.0},{"damage":10.0,"enemies":"3 Shapes","floor":36.0,"turns":4.0},{"damage":0.0,"enemies":"Jaw Worm Horde","floor":38.0,"turns":3.0},{"damage":20.0,"enemies":"2 Orb Walkers","floor":39.0,"turns":3.0},{"damage":0.0,"enemies":"Giant Head","floor":41.0,"turns":5.0},{"damage":0,"enemies":"Reptomancer","floor":44,"turns":3},{"damage":0,"enemies":"Sphere and 2 Shapes","floor":45,"turns":2},{"damage":9,"enemies":"Maw","floor":47,"turns":5},{"damage":0,"enemies":"Donu and Deca","floor":50,"turns":2}],"seed_played":"-5434321916834369462","potions_obtained":[{"floor":6.0,"key":"SkillPotion"},{"floor":8.0,"key":"Regen Potion"},{"floor":16.0,"key":"Explosive Potion"},{"floor":24.0,"key":"DistilledChaos"},{"floor":31.0,"key":"Weak Potion"},{"floor":35.0,"key":"BlessingOfTheForge"},{"floor":36.0,"key":"DuplicationPotion"},{"floor":45,"key":"Dexterity Potion"}],"is_trial":false,"path_per_floor":["M","?","M","?","$","E","R","E","T","R","E","$","M","M","R","B",null,"M","M","?","M","M","R","E","?","T","E","$","M","R","?","R","B",null,"M","M","$","M","?","R","E","R","T","E","M","R","M","?","R","B"],"character_chosen":"WATCHER","items_purchased":["Conclude"],"campfire_rested":2,"item_purchase_floors":[5],"current_hp_per_floor":[59,59,57,50,50,23,43,43,43,52,32,32,32,32,41,18,56,43,36,17,8,4,37,27,27,27,9,9,45,51,41,51,51,51,32,27,27,41,33,48,51,51,51,51,51,51,48,48,51,51,51],"gold":16,"neow_bonus":"BOSS_RELIC","is_daily":false,"chose_seed":false,"campfire_upgraded":7,"win_rate":0.0,"timestamp":1613089486,"path_taken":["M","?","M","?","$","E","R","E","T","R","E","?","?","M","R","BOSS","M","M","?","M","M","R","E","?","T","E","$","M","R","?","R","BOSS","M","M","$","M","?","R","E","R","T","E","M","R","M","?","R","BOSS"],"items_purchased_type":["Card"],"build_version":"2020-12-22","purchased_purges":0,"victory":false,"max_hp_per_floor":[68,68,68,68,68,68,68,68,68,68,68,68,68,68,68,68,68,68,68,73,73,73,73,73,51,51,51,51,51,51,51,51,51,51,51,51,51,51,51,51,51,51,51,51,51,51,51,51,51,51,51],"relic_stats":{"Peace Pipe":1,"Blood Vial":0,"Happy Flower":[19],"counters":[26,102],"Snecko Eye":[130,115,120,108],"Eternal Feather":64,"Ectoplasm":643,"Pen Nib":[24],"obtain_stats":[{"Ice Cream":6,"Lantern":44,"Happy Flower":26,"Eternal Feather":9,"Pen Nib":11,"Incense Burner":24,"TeardropLocket":27,"Frozen Egg 2":8,"Peace Pipe":39,"Blood Vial":41,"SlaversCollar":34,"Snecko Eye":17,"Ectoplasm":0,"Red Mask":31,"PureWater":0},{"Ice Cream":3,"Lantern":23,"Happy Flower":13,"Eternal Feather":4,"Pen Nib":5,"Incense Burner":13,"TeardropLocket":14,"Frozen Egg 2":4,"Peace Pipe":21,"Blood Vial":22,"SlaversCollar":17,"Snecko Eye":8,"Ectoplasm":0,"Red Mask":16,"PureWater":0},{"Ice Cream":13,"Lantern":93,"Happy Flower":44,"Eternal Feather":15,"Pen Nib":18,"Incense Burner":44,"TeardropLocket":48,"Frozen Egg 2":15,"Peace Pipe":85,"Blood Vial":90,"SlaversCollar":69,"Snecko Eye":27,"Ectoplasm":0,"Red Mask":63,"PureWater":0}]},"card_choices":[{"not_picked":["Evaluate","Sanctity"],"picked":"FollowUp","floor":1.0},{"not_picked":["EmptyFist","CarveReality"],"picked":"TalkToTheHand","floor":3.0},{"not_picked":["Collect","CrushJoints"],"picked":"ReachHeaven","floor":6.0},{"not_picked":["DeusExMachina","PathToVictory"],"picked":"MentalFortress+1","floor":8.0},{"not_picked":["Evaluate","Prostrate","Consecrate"],"picked":"SKIP","floor":11.0},{"not_picked":["ClearTheMind","Halt"],"picked":"Tantrum","floor":13.0},{"not_picked":["Crescendo","WindmillStrike","SignatureMove"],"picked":"SKIP","floor":14.0},{"not_picked":["Alpha","Ragnarok"],"picked":"LessonLearned","floor":16.0},{"not_picked":["WaveOfTheHand","Consecrate","EmptyMind"],"picked":"SKIP","floor":18.0},{"not_picked":["Evaluate","PathToVictory"],"picked":"Meditate+1","floor":19.0},{"not_picked":["SignatureMove","InnerPeace"],"picked":"Wireheading+1","floor":21.0},{"not_picked":["BowlingBash+1","PathToVictory"],"picked":"Collect+1","floor":22.0},{"not_picked":["Adaptation+1","Consecrate"],"picked":"DeusExMachina","floor":24.0},{"not_picked":["EmptyMind","Swivel","FlyingSleeves"],"picked":"SKIP","floor":27.0},{"not_picked":["ThirdEye","PathToVictory","Pray"],"picked":"SKIP","floor":29.0},{"not_picked":["JustLucky","FollowUp"],"picked":"Protect+1","floor":31.0},{"not_picked":["MasterReality+1","Judgement"],"picked":"Omniscience","floor":33.0},{"not_picked":["Crescendo","Pray"],"picked":"TalkToTheHand","floor":35.0},{"not_picked":["CrushJoints+1","EmptyBody","ClearTheMind"],"picked":"SKIP","floor":36.0},{"not_picked":["EmptyMind","CutThroughFate"],"picked":"Vengeance+1","floor":38.0},{"not_picked":["ThirdEye","FlurryOfBlows+1"],"picked":"SandsOfTime","floor":39.0},{"not_picked":["Evaluate","PathToVictory","Crescendo"],"picked":"SKIP","floor":41.0},{"not_picked":["Weave","Indignation+1"],"picked":"Wallop","floor":44},{"not_picked":["FlurryOfBlows","Protect+1","ClearTheMind+1"],"picked":"SKIP","floor":45},{"not_picked":["Prostrate","Judgement","ClearTheMind"],"picked":"SKIP","floor":47}],"player_experience":707410,"relics_obtained":[{"floor":6.0,"key":"Ice Cream"},{"floor":8.0,"key":"Frozen Egg 2"},{"floor":9.0,"key":"Eternal Feather"},{"floor":11.0,"key":"Pen Nib"},{"floor":24.0,"key":"Incense Burner"},{"floor":26.0,"key":"Happy Flower"},{"floor":27.0,"key":"TeardropLocket"},{"floor":31.0,"key":"Red Mask"},{"floor":39.0,"key":"Peace Pipe"},{"floor":41.0,"key":"Blood Vial"},{"floor":44,"key":"Lantern"}],"event_choices":[{"damage_healed":0.0,"max_hp_gain":0.0,"max_hp_loss":0.0,"gold_gain":0.0,"event_name":"Liars Game","player_choice":"Ignored","floor":2.0,"gold_loss":0.0,"damage_taken":0.0},{"cards_removed":["Defend_P"],"damage_healed":0.0,"max_hp_gain":0.0,"max_hp_loss":0.0,"gold_gain":0.0,"event_name":"Golden Wing","player_choice":"Card Removal","floor":4.0,"gold_loss":0.0,"damage_taken":7.0},{"damage_healed":0.0,"max_hp_gain":5.0,"max_hp_loss":0.0,"gold_gain":0.0,"event_name":"Forgotten Altar","player_choice":"Shed Blood","floor":20.0,"gold_loss":0.0,"damage_taken":24.0},{"damage_healed":0.0,"max_hp_gain":0.0,"max_hp_loss":22.0,"gold_gain":0.0,"event_name":"Vampires","player_choice":"Became a vampire","floor":25.0,"gold_loss":0.0,"damage_taken":0.0,"cards_obtained":["Bite","Bite","Bite","Bite","Bite"]},{"damage_healed":0.0,"max_hp_gain":0.0,"max_hp_loss":0.0,"gold_gain":0.0,"event_name":"Masked Bandits","player_choice":"Fought Bandits","floor":31.0,"gold_loss":0.0,"damage_taken":0.0},{"damage_healed":0.0,"max_hp_gain":0.0,"max_hp_loss":0.0,"gold_gain":0.0,"event_name":"Mysterious Sphere","player_choice":"Fight","floor":39.0,"gold_loss":0.0,"damage_taken":0.0},{"damage_healed":0,"gold_gain":0,"player_choice":"1 cards matched","damage_taken":0,"max_hp_gain":0,"max_hp_loss":0,"event_name":"Match and Keep!","floor":48,"gold_loss":0,"cards_obtained":["Eruption"]}],"is_beta":false,"boss_relics":[{"not_picked":["Busted Crown","Sozu"],"picked":"Snecko Eye"},{"not_picked":["Tiny House","Astrolabe"],"picked":"SlaversCollar"}],"items_purged_floors":[],"is_endless":false,"potions_floor_spawned":[6,8,16,18,24,31,35,36,38,41,45],"killed_by":"Donu and Deca","ascension_level":20}}