{"host":"6affnl2vk6en9o4b","time":1613132957,"event":{"mods":["AchievementEnabler","Aspiration","BaseMod","BetterRewards","Colored Powertips","Conspire","Downfall","Friendly Minions","Googly Eyes","Highlight Path","Hubris","Minty Spire (QoL Compilation)","Quick Restart","Replay The Spire","StSLib","Unceasing Turn Reminder"],"gold_per_floor":[99,112,130,150,135,35,35,52,84,96,96,111,11,11,28,132,132,32,45,30,30,45,45,113,113,132,148,148,163,163,182,198,198,198,198],"floor_reached":33,"language":"ENG","playtime":1456,"items_purged":[],"score":278,"play_id":"f1c96dbe-9ff5-4087-a8ce-b97437ec533f","local_time":"20210212122917","is_ascension_mode":false,"campfire_choices":[{"floor":1.0,"key":"RECALL"},{"data":"bronze:Verify","floor":6.0,"key":"SMITH"},{"data":"bronze:Boost","floor":13.0,"key":"SMITH"},{"data":"bronze:Fortify","floor":18.0,"key":"SMITH"},{"data":"bronze:Mutator","floor":28,"key":"SMITH"},{"floor":30,"key":"REST"}],"circlet_count":0,"master_deck":["bronze:Strike","bronze:Strike","bronze:Strike","bronze:Strike","bronze:Defend","bronze:Defend","bronze:Defend","bronze:Defend","bronze:Replicate","bronze:Goto","bronze:Separator","bronze:Verify+1","bronze:Branch","bronze:CleanCode","bronze:WildBeam","bronze:Separator","bronze:Boost+1","bronze:Fortify+1","bronze:DigitalCarnage","bronze:Mutator+1","bronze:CutThrough","bronze:Constructor","bronze:Iterate","bronze:AlphaBuild","bronze:Boost+1","bronze:ChosenStrike+1","bronze:DarkDash","bronze:FineTuning+1","bronze:FineTuning","bronze:GetLatest+1"],"relics":["bronze:BronzeCore","downfall:HeartBlessingRed","Ring of Panic","Ring of Hypnosis","downfall:HeartBlessingGreen","aspiration:BabyByrd","SlaversCollar","downfall:HeartBlessingBlue","Nloth\u0027s Gift","Pantograph"],"acts_visited":["Exordium","TheCity"],"potions_floor_usage":[26],"damage_taken":[{"damage":5.0,"enemies":"conspire:RoseBush","floor":2.0,"turns":4.0},{"damage":0.0,"enemies":"2 Louse","floor":3.0,"turns":2.0},{"damage":0.0,"enemies":"Cultist","floor":4.0,"turns":3.0},{"damage":0.0,"enemies":"downfall:FleeingMerchant","floor":5.0,"turns":4.0},{"damage":3.0,"enemies":"3 Louse","floor":8.0,"turns":4.0},{"damage":26.0,"enemies":"Gremlin Nob","floor":9.0,"turns":4.0},{"damage":0.0,"enemies":"Large Slime","floor":10.0,"turns":3.0},{"damage":2.0,"enemies":"2 Fungi Beasts","floor":12.0,"turns":3.0},{"damage":1.0,"enemies":"Red Slaver","floor":15.0,"turns":2.0},{"damage":5.0,"enemies":"IC_STATUS_ARCHETYPE","floor":16.0,"turns":4.0},{"damage":10.0,"enemies":"Spheric Guardian","floor":19.0,"turns":3.0},{"damage":0.0,"enemies":"downfall:FleeingMerchant","floor":20.0,"turns":4.0},{"damage":3.0,"enemies":"conspire:FuzzyDice","floor":22.0,"turns":5.0},{"damage":0,"enemies":"Snecko","floor":26,"turns":4},{"damage":10,"enemies":"Cultist and Chosen","floor":27,"turns":5},{"damage":31,"enemies":"Snake Plant","floor":29,"turns":9},{"damage":14,"enemies":"Centurion and Healer","floor":31,"turns":4},{"damage":29,"enemies":"conspire:HollyBat","floor":32,"turns":8},{"damage":48,"enemies":"WA_ARCHETYPE_CALM","floor":33,"turns":5}],"seed_played":"1875350779020719952","potions_obtained":[{"floor":3.0,"key":"BlessingOfTheForge"},{"floor":8.0,"key":"SkillPotion"},{"floor":10.0,"key":"SkillPotion"},{"floor":12.0,"key":"AttackPotion"},{"floor":22.0,"key":"SteroidPotion"},{"floor":26,"key":"Guardian:BlockOnCardUsePotion"}],"is_trial":false,"path_per_floor":["R","M","M","M","$","R","T","M","E","M","?","M","R","?","M","B",null,"R","M","$","?","M","?","T","?","M","M","R","M","R","M","M","B"],"character_chosen":"THE_AUTOMATON","items_purchased":[],"campfire_rested":1,"item_purchase_floors":[],"current_hp_per_floor":[77,72,72,72,72,72,72,69,43,43,43,41,41,41,40,35,77,87,77,77,77,74,74,74,74,74,64,64,33,59,45,16,0,0,0],"gold":198,"neow_bonus":"TEN_PERCENT_HP_BONUS","is_daily":false,"chose_seed":false,"campfire_upgraded":4,"win_rate":0.0,"timestamp":1613132957,"path_taken":["R","M","M","M","$","R","T","M","E","M","?","M","R","?","M","BOSS","R","M","$","?","?","?","T","?","M","M","R","?","R","M","M","BOSS"],"items_purchased_type":[],"build_version":"2020-12-22","purchased_purges":0,"victory":false,"max_hp_per_floor":[77,77,77,77,77,77,77,77,77,77,77,77,77,77,77,77,77,87,87,87,87,87,87,87,87,87,87,87,87,87,87,87,87,87,87],"card_choices":[{"not_picked":["bronze:Branch","bronze:WildBeam"],"picked":"bronze:Separator","floor":2.0},{"not_picked":["bronze:Branch","bronze:CutThrough"],"picked":"bronze:Verify","floor":3.0},{"not_picked":["bronze:ClassDefault","bronze:Frontload"],"picked":"bronze:Branch","floor":4.0},{"not_picked":["bronze:WildBeam","bronze:WhirlingStrike"],"picked":"bronze:CleanCode","floor":5.0},{"not_picked":["bronze:ItsAFeature","bronze:OilSpill"],"picked":"bronze:WildBeam","floor":8.0},{"not_picked":["bronze:Deprecate","bronze:ItsAFeature"],"picked":"bronze:Separator","floor":9.0},{"not_picked":["bronze:FollowUp","bronze:Optimize"],"picked":"bronze:Boost","floor":10.0},{"not_picked":["bronze:Branch","bronze:Shell"],"picked":"bronze:Fortify","floor":12.0},{"not_picked":["bronze:CutThrough","bronze:Shield"],"picked":"bronze:DigitalCarnage","floor":15.0},{"not_picked":["bronze:HyperBeam","bronze:Verify"],"picked":"bronze:Mutator","floor":16.0},{"not_picked":["bronze:DelayedSlice","bronze:Repulsor"],"picked":"bronze:CutThrough","floor":19.0},{"not_picked":["bronze:Turbo","bronze:Optimize"],"picked":"bronze:Constructor","floor":20.0},{"not_picked":["bronze:OilSpill","bronze:Turbo"],"picked":"bronze:Iterate","floor":22.0},{"not_picked":["bronze:Repair","bronze:DigitalCarnage"],"picked":"bronze:ChosenStrike+1","floor":26},{"not_picked":["bronze:Safeguard","bronze:Verify"],"picked":"bronze:DarkDash","floor":27},{"not_picked":["bronze:Invalidate","bronze:Branch+1"],"picked":"bronze:FineTuning+1","floor":29},{"not_picked":["bronze:Frontload+1","bronze:Overload"],"picked":"bronze:FineTuning","floor":31},{"not_picked":["bronze:Return","bronze:Optimize"],"picked":"bronze:GetLatest+1","floor":32}],"player_experience":244134,"relics_obtained":[{"floor":9.0,"key":"Bag of Preparation"},{"floor":11.0,"key":"Ring of Panic"},{"floor":11.0,"key":"Ring of Hypnosis"},{"floor":24.0,"key":"Pantograph"}],"event_choices":[{"damage_healed":0.0,"max_hp_gain":0.0,"max_hp_loss":0.0,"gold_gain":0.0,"event_name":"The Library","player_choice":"Read","floor":23.0,"gold_loss":0.0,"damage_taken":0.0,"cards_obtained":["bronze:AlphaBuild"]}],"is_beta":false,"boss_relics":[{"not_picked":["conspire:SeveredTorchhead","Replay:Drink Me"],"picked":"SlaversCollar"}],"items_purged_floors":[],"is_endless":false,"potions_floor_spawned":[3,8,10,12,22,26,29,32],"killed_by":"WA_ARCHETYPE_CALM","ascension_level":0}}