{"host":"yml0ux6c8lqydjlc","time":1613171924,"event":{"mods":["Aspiration","BaseMod","Conspire","Downfall","Hermit","Jedi Mod","Minty Spire (QoL Compilation)","Robot Space Explorer","StSLib"],"gold_per_floor":[118,118,135,150,100,100,65,132,180,222,222,238,286,104,104,233,233,273,285,11,11,44,76,76],"floor_reached":23,"language":"ENG","playtime":2831,"items_purged":["Strike_B","Defend_B"],"score":183,"play_id":"59c0623c-66ec-4065-9e42-65b625ef8a82","local_time":"20210212181844","is_ascension_mode":false,"campfire_choices":[{"data":"conspire:SpireCoStock","floor":6.0,"key":"SMITH"},{"data":"Zap","floor":11.0,"key":"SMITH"},{"data":"Capacitor","floor":15.0,"key":"SMITH"}],"circlet_count":0,"master_deck":["Strike_B","Strike_B","Defend_B","Defend_B","Defend_B","Zap+1","Dualcast","Stack","Glacier","Steam","conspire:SpireCoStock+1","Redo","Lockon","Streamline","Leap","Leap","Capacitor+1","All For One","Chaos","Redo","Conserve Battery","Barrage","Flash of Steel","Conserve Battery+1"],"relics":["Cracked Core","HornCleat","Tiny Chest"],"acts_visited":["Exordium","TheCity"],"potions_floor_usage":[22],"damage_taken":[{"damage":7.0,"enemies":"Small Slimes","floor":1.0,"turns":4.0},{"damage":0.0,"enemies":"2 Louse","floor":3.0,"turns":2.0},{"damage":0.0,"enemies":"Jaw Worm","floor":4.0,"turns":5.0},{"damage":14.0,"enemies":"conspire:MimicChest","floor":8.0,"turns":11.0},{"damage":0.0,"enemies":"Blue Slaver","floor":10.0,"turns":4.0},{"damage":3.0,"enemies":"3 Louse","floor":12.0,"turns":3.0},{"damage":5.0,"enemies":"Red Slaver","floor":13.0,"turns":5.0},{"damage":42.0,"enemies":"Slime Boss","floor":16.0,"turns":15.0},{"damage":45,"enemies":"conspire:FuzzyDice","floor":18,"turns":12},{"damage":6,"enemies":"Spheric Guardian","floor":19,"turns":5},{"damage":39,"enemies":"Snecko","floor":22,"turns":8},{"damage":41,"enemies":"Gremlin Leader","floor":23,"turns":9}],"seed_played":"-4057882240761087507","potions_obtained":[{"floor":1.0,"key":"Swift Potion"},{"floor":4.0,"key":"jedi:holywater"},{"floor":13.0,"key":"Regen Potion"},{"floor":18,"key":"Regen Potion"},{"floor":22,"key":"Energy Potion"}],"is_trial":false,"path_per_floor":["M","?","M","M","?","R","?","?","T","M","R","M","M","$","R","B",null,"M","M","$","?","M","E"],"character_chosen":"DEFECT","items_purchased":["Leap","Capacitor","Conserve Battery","Barrage","Flash of Steel"],"campfire_rested":0,"item_purchase_floors":[14,14,20,20,20],"current_hp_per_floor":[75,68,68,68,68,68,82,68,68,68,68,65,60,60,60,33,82,37,31,31,58,33,0,0],"gold":76,"neow_bonus":"TEN_PERCENT_HP_BONUS","is_daily":false,"chose_seed":false,"campfire_upgraded":3,"win_rate":0.0,"timestamp":1613171924,"path_taken":["M","?","M","M","?","R","?","?","T","M","R","M","M","$","R","BOSS","M","M","$","?","M","E"],"items_purchased_type":["Card","Card","Card","Card","Card"],"build_version":"2020-12-22","purchased_purges":2,"victory":false,"max_hp_per_floor":[82,82,82,82,82,82,82,82,82,82,82,82,82,82,82,82,82,82,82,82,82,82,82,82],"card_choices":[{"not_picked":["Double Energy","jedi:locknload"],"picked":"Stack","floor":1.0},{"not_picked":["Stack","Go for the Eyes"],"picked":"Glacier","floor":3.0},{"not_picked":["jedi:BurstLightning","BootSequence"],"picked":"Steam","floor":4.0},{"not_picked":["jedi:locknload","jedi:bruteforce"],"picked":"Redo","floor":8.0},{"not_picked":["jedi:markofdeath","jedi:BurstLightning"],"picked":"Lockon","floor":10.0},{"not_picked":["Steam Power","Glacier"],"picked":"Streamline","floor":12.0},{"not_picked":["jedi:BurstLightning","Sweeping Beam"],"picked":"Leap","floor":13.0},{"not_picked":["Amplify","Echo Form"],"picked":"All For One","floor":16.0},{"not_picked":["Leap","Gash+1"],"picked":"Chaos","floor":18},{"not_picked":["Barrage+1","Sweeping Beam"],"picked":"Redo","floor":19},{"not_picked":["Leap","Streamline+1"],"picked":"Conserve Battery+1","floor":22}],"player_experience":63748,"relics_obtained":[{"floor":8.0,"key":"HornCleat"},{"floor":9.0,"key":"Tiny Chest"}],"event_choices":[{"cards_removed":["Strike_B"],"damage_healed":0.0,"max_hp_gain":0.0,"max_hp_loss":0.0,"gold_gain":0.0,"event_name":"Golden Wing","player_choice":"Card Removal","floor":2.0,"gold_loss":0.0,"damage_taken":7.0},{"damage_healed":0.0,"max_hp_gain":0.0,"max_hp_loss":0.0,"gold_gain":0.0,"event_name":"conspire:Investor","player_choice":"Invest 1","floor":5.0,"gold_loss":0.0,"damage_taken":0.0},{"damage_healed":20.0,"max_hp_gain":0.0,"max_hp_loss":0.0,"gold_gain":0.0,"event_name":"The Cleric","player_choice":"Healed","floor":7.0,"gold_loss":35.0,"damage_taken":0.0},{"damage_healed":27,"gold_gain":0,"player_choice":"Heal","damage_taken":0,"max_hp_gain":0,"max_hp_loss":0,"event_name":"The Library","floor":21,"gold_loss":0}],"is_beta":false,"boss_relics":[{"not_picked":["aspiration:Stellarator","conspire:RunicOctahedron","conspire:SlowCooker"]}],"items_purged_floors":[14,20],"is_endless":false,"potions_floor_spawned":[1,4,13,18,22],"killed_by":"Gremlin Leader","ascension_level":0}}