{"host":"kfd0jpqqxt101ydt","time":1613128518,"event":{"mods":["BaseMod","Downfall","Googly Eyes","Highlight Path","Minty Spire (QoL Compilation)","StSLib"],"gold_per_floor":[99,112,287,349,112,112,162,178,194,212,23,23,43,76,95,199,199,199,213,213,231,231,231,231,231,265,281,281,312,326,326,342,444,444,444,444,444,461,477,527,527,527,527,527,553,18,18,53,53,53,53,53],"floor_reached":50,"language":"ENG","playtime":2665,"items_purged":["Doubt","bronze:Strike","bronze:Optimize"],"score":538,"play_id":"c2116bb5-1cd1-4560-a4be-8e7ad0f97fc5","local_time":"20210212131518","is_ascension_mode":false,"campfire_choices":[{"data":"bronze:Virus","floor":1,"key":"SMITH"},{"data":"bronze:ClassDefault","floor":12,"key":"SMITH"},{"data":"bronze:Overheat","floor":18,"key":"SMITH"},{"data":"bronze:FollowUp","floor":23,"key":"SMITH"},{"data":"bronze:Goto","floor":35,"key":"SMITH"},{"data":"bronze:DelayedSlice","floor":42,"key":"SMITH"},{"data":"bronze:Replicate","floor":44,"key":"SMITH"},{"floor":47,"key":"REST"},{"floor":49,"key":"REST"}],"circlet_count":0,"master_deck":["bronze:Strike+1","bronze:Strike+1","bronze:Strike+1","bronze:Defend+1","bronze:Defend+1","bronze:Defend+1","bronze:Defend+1","bronze:Replicate+1","bronze:Goto+1","bronze:Virus+1","bronze:DelayedSlice+1","bronze:FollowUp+1","bronze:NullPointer+1","bronze:Overheat+1","bronze:WhirlingStrike+1","bronze:ClassDefault+1","bronze:Shell+1","bronze:Assembly+1","bronze:SpaghettiCode+1","CurseOfTheBell","bronze:DigitalCarnage+1","bronze:CutThrough+1","bronze:FineTuning+1","bronze:DelayedGuard+1","expansioncontent:GuardianWhirl","bronze:Shield+1","bronze:Frontload+1","bronze:Iterate"],"relics":["bronze:BronzeCore","Slimebound:StickyStick","MealTicket","Dream Catcher","Centennial Puzzle","Toxic Egg 2","Calling Bell","Boot","bronze:CableSpool","Girya","StoneCalendar","War Paint","bronze:SilverBullet","Strawberry","SacredBark","CaptainsWheel","HornCleat","Peace Pipe","ClockworkSouvenir","Bronze Scales","Regal Pillow"],"acts_visited":["Exordium","TheCity","TheBeyond"],"potions_floor_usage":[4,15,19,25,26,26,27,29,39,40,48,50,50],"damage_taken":[{"damage":0,"enemies":"2 Louse","floor":2,"turns":2},{"damage":22,"enemies":"Gremlin Nob","floor":4,"turns":4},{"damage":2,"enemies":"downfall:FleeingMerchant","floor":5,"turns":4},{"damage":1,"enemies":"Jaw Worm","floor":8,"turns":2},{"damage":0,"enemies":"Cultist","floor":9,"turns":2},{"damage":0,"enemies":"Blue Slaver","floor":10,"turns":2},{"damage":6,"enemies":"downfall:FleeingMerchant","floor":11,"turns":4},{"damage":0,"enemies":"Gremlin Gang","floor":13,"turns":1},{"damage":2,"enemies":"Gremlin Nob","floor":14,"turns":3},{"damage":5,"enemies":"Exordium Thugs","floor":15,"turns":2},{"damage":8,"enemies":"SI_SHIV_ARCHETYPE","floor":16,"turns":7},{"damage":0,"enemies":"Shell Parasite","floor":19,"turns":2},{"damage":0,"enemies":"Chosen and Byrds","floor":21,"turns":4},{"damage":0,"enemies":"Snake Plant","floor":25,"turns":2},{"damage":33,"enemies":"Slavers","floor":26,"turns":4},{"damage":12,"enemies":"Centurion and Healer","floor":27,"turns":5},{"damage":7,"enemies":"Gremlin Leader","floor":29,"turns":4},{"damage":8,"enemies":"Snecko","floor":30,"turns":5},{"damage":0,"enemies":"Snake Plant","floor":32,"turns":2},{"damage":11,"enemies":"WA_ARCHETYPE_CALM","floor":33,"turns":7},{"damage":3,"enemies":"Orb Walker","floor":38,"turns":3},{"damage":11,"enemies":"3 Darklings","floor":39,"turns":2},{"damage":11,"enemies":"3 Darklings","floor":40,"turns":5},{"damage":42,"enemies":"Nemesis","floor":45,"turns":7},{"damage":0,"enemies":"downfall:FleeingMerchant","floor":46,"turns":4},{"damage":8,"enemies":"Giant Head","floor":48,"turns":5},{"damage":175,"enemies":"IC_BLOCK_ARCHETYPE","floor":50,"turns":8}],"seed_played":"-6071048800598957615","potions_obtained":[{"floor":2,"key":"bronze:FreeFunctionsPotion"},{"floor":8,"key":"bronze:CleanCodePotion"},{"floor":9,"key":"Fire Potion"},{"floor":14,"key":"SteroidPotion"},{"floor":15,"key":"SmokeBomb"},{"floor":19,"key":"Regen Potion"},{"floor":26,"key":"BlessingOfTheForge"},{"floor":27,"key":"Regen Potion"},{"floor":30,"key":"Explosive Potion"},{"floor":33,"key":"SneckoOil"},{"floor":39,"key":"LiquidBronze"},{"floor":45,"key":"SteroidPotion"},{"floor":48,"key":"FairyPotion"}],"is_trial":false,"path_per_floor":["R","M","?","?","$","T","T","M","M","M","$","R","M","E","M","B",null,"R","M","?","M","T","R","T","M","E","M","?","E","M","?","M","B",null,"R","?","?","M","M","?","T","R","?","R","E","$","R","E","R","B"],"character_chosen":"THE_AUTOMATON","items_purchased":["MealTicket","bronze:ClassDefault","ClockworkSouvenir","Bronze Scales","Dexterity Potion","bronze:Iterate"],"campfire_rested":2,"item_purchase_floors":[5,11,46,46,46,46],"current_hp_per_floor":[70,70,70,48,46,46,46,45,45,45,54,54,54,52,47,39,70,70,70,70,70,70,70,70,70,46,34,34,46,38,38,38,27,77,77,77,77,74,63,52,52,52,52,52,10,25,48,40,77,0,0,0],"gold":53,"neow_bonus":"ONE_RANDOM_RARE_CARD","is_daily":false,"chose_seed":false,"campfire_upgraded":7,"win_rate":0.0,"timestamp":1613128518,"path_taken":["R","M","?","?","$","?","T","?","M","M","$","R","?","E","M","BOSS","R","M","?","?","?","R","T","M","E","M","?","E","M","?","M","BOSS","R","?","?","M","M","?","T","R","?","R","E","$","R","E","R","BOSS"],"items_purchased_type":["Relic","Card","Relic","Relic","Potion","Card"],"build_version":"2020-12-22","purchased_purges":3,"victory":false,"max_hp_per_floor":[70,70,70,70,70,70,70,70,70,70,70,70,70,70,70,70,70,70,70,70,70,70,70,70,70,70,70,70,77,77,77,77,77,77,77,77,77,77,77,77,77,77,77,77,77,77,77,77,77,77,77,77],"card_choices":[{"not_picked":["bronze:Flail","bronze:ForLoop"],"picked":"bronze:DelayedSlice","floor":2},{"not_picked":["bronze:Shield","bronze:Overheat"],"picked":"bronze:FollowUp","floor":4},{"not_picked":["bronze:Turbo","bronze:NullPointer"],"picked":"bronze:Flail","floor":5},{"not_picked":["bronze:Shield","bronze:Philosophize"],"picked":"bronze:NullPointer","floor":8},{"not_picked":["bronze:BitShift","bronze:BuggyMess"],"picked":"bronze:Overheat","floor":9},{"not_picked":["bronze:WildBeam","bronze:BronzeArmor","bronze:DarkDash"],"picked":"SKIP","floor":10},{"not_picked":["bronze:Shell","bronze:Deprecate"],"picked":"bronze:WhirlingStrike","floor":11},{"not_picked":["bronze:Repulsor","bronze:BuggyMess","bronze:Flail"],"picked":"SKIP","floor":13},{"not_picked":["bronze:ChosenStrike","bronze:BuggyMess+1"],"picked":"bronze:Shell+1","floor":14},{"not_picked":["bronze:WildBeam","bronze:Turbo+1"],"picked":"bronze:Assembly+1","floor":15},{"not_picked":["bronze:RecursiveStrike","bronze:HardenedForm"],"picked":"bronze:SpaghettiCode+1","floor":16},{"not_picked":["bronze:Safeguard+1","bronze:WhirlingStrike"],"picked":"bronze:DigitalCarnage+1","floor":19},{"not_picked":["bronze:HyperBeam","bronze:Philosophize+1"],"picked":"bronze:CutThrough","floor":21},{"not_picked":["bronze:Shield+1","bronze:FindAndReplace+1"],"picked":"bronze:FineTuning+1","floor":26},{"not_picked":["bronze:FineTuning+1","bronze:DelayedSlice"],"picked":"bronze:DelayedGuard+1","floor":27},{"not_picked":["bronze:WildBeam+1","bronze:DelayedGuard+1","bronze:BuggyMess+1"],"picked":"SKIP","floor":29},{"not_picked":["bronze:Flail","bronze:WildBeam","bronze:DelayedGuard+1"],"picked":"SKIP","floor":30},{"not_picked":["bronze:CloningBeam","bronze:Shell+1","bronze:FineTuning+1"],"picked":"SKIP","floor":32},{"not_picked":["expansioncontent:PolyBeam","expansioncontent:Chronoboost"],"picked":"expansioncontent:GuardianWhirl","floor":36},{"not_picked":["bronze:Deprecate+1","bronze:Fortify+1","bronze:Turbo+1"],"picked":"SKIP","floor":38},{"not_picked":["bronze:Shell+1","bronze:OilSpill","bronze:Backtrace+1"],"picked":"SKIP","floor":39},{"not_picked":["bronze:BuggyMess+1","bronze:WhirlingStrike+1"],"picked":"bronze:Shield+1","floor":40},{"not_picked":["bronze:Return+1","bronze:Repulsor"],"picked":"bronze:Optimize","floor":45},{"not_picked":["bronze:Philosophize+1","bronze:CutThrough"],"picked":"bronze:Frontload+1","floor":46},{"not_picked":["bronze:Repulsor","bronze:Optimize","bronze:FindAndReplace+1"],"picked":"SKIP","floor":48}],"player_experience":40040,"relics_obtained":[{"floor":4,"key":"Slimebound:StickyStick"},{"floor":6,"key":"Dream Catcher"},{"floor":7,"key":"Centennial Puzzle"},{"floor":14,"key":"Toxic Egg 2"},{"floor":17,"key":"Boot"},{"floor":17,"key":"bronze:CableSpool"},{"floor":17,"key":"Girya"},{"floor":22,"key":"StoneCalendar"},{"floor":24,"key":"War Paint"},{"floor":26,"key":"bronze:SilverBullet"},{"floor":29,"key":"Strawberry"},{"floor":40,"key":"CaptainsWheel"},{"floor":41,"key":"HornCleat"},{"floor":45,"key":"Peace Pipe"},{"floor":48,"key":"Regal Pillow"}],"event_choices":[{"damage_healed":0,"gold_gain":0,"player_choice":"Ignored","damage_taken":0,"max_hp_gain":0,"max_hp_loss":0,"event_name":"NoteForYourself","floor":20,"gold_loss":0},{"cards_removed":["bronze:Flail"],"damage_healed":0,"gold_gain":0,"player_choice":"Removed Attack","damage_taken":0,"max_hp_gain":0,"max_hp_loss":0,"event_name":"Falling","floor":37,"gold_loss":0}],"is_beta":false,"boss_relics":[{"not_picked":["Empty Cage","Busted Crown"],"picked":"Calling Bell"},{"not_picked":["Astrolabe","Velvet Choker"],"picked":"SacredBark"}],"items_purged_floors":[5,11,46],"is_endless":false,"potions_floor_spawned":[2,8,9,14,15,19,26,27,30,33,39,45,48],"killed_by":"IC_BLOCK_ARCHETYPE","ascension_level":0}}