{"host":"Cenci","time":1613131422,"event":{"mods":["BaseMod","Downfall","Highlight Path","Minty Spire (QoL Compilation)","StSLib"],"gold_per_floor":[99,110,130,130,130,130,157,157,188,199,199,374,137,151,166,261,261,61,61,61,61],"floor_reached":19,"language":"ENG","playtime":981,"items_purged":["Doubt"],"score":215,"play_id":"349227c3-c5a9-42a1-837c-78fe05f6293c","local_time":"20210212130342","is_ascension_mode":true,"campfire_choices":[{"floor":1,"key":"RECALL"},{"data":"sneckomod:UnendingSupply","floor":6,"key":"SMITH"},{"data":"sneckomod:UnendingSupply","floor":11,"key":"SMITH"},{"data":"sneckomod:Transmogrify","floor":18,"key":"SMITH"}],"circlet_count":0,"master_deck":["sneckomod:Strike","sneckomod:Strike","sneckomod:Strike","sneckomod:Defend","sneckomod:Defend","sneckomod:Defend","sneckomod:TailWhip","sneckomod:SnekBite","sneckomod:Unknown","sneckomod:Unknown","Shame","sneckomod:UnlimitedRolls","sneckomod:UnendingSupply+1","sneckomod:QuickBite","sneckomod:UnknownRarePower","sneckomod:UnendingSupply+1","sneckomod:CheapStock","sneckomod:DefensiveFlair","sneckomod:Transmogrify+1"],"relics":["sneckomod:SneckoSoul","Slimebound:StickyStick","Sozu","downfall:HeartBlessingBlue","downfall:HeartBlessingRed"],"acts_visited":["Exordium","TheCity"],"potions_floor_usage":[16],"damage_taken":[{"damage":5,"enemies":"Small Slimes","floor":2,"turns":2},{"damage":8,"enemies":"2 Louse","floor":3,"turns":2},{"damage":32,"enemies":"3 Sentries","floor":9,"turns":5},{"damage":7,"enemies":"Jaw Worm","floor":10,"turns":4},{"damage":1,"enemies":"downfall:FleeingMerchant","floor":13,"turns":4},{"damage":3,"enemies":"2 Fungi Beasts","floor":14,"turns":5},{"damage":0,"enemies":"Large Slime","floor":15,"turns":5},{"damage":10,"enemies":"WA_ARCHETYPE_RETAIN","floor":16,"turns":7},{"damage":29,"enemies":"3 Byrds","floor":19,"turns":2}],"seed_played":"-5914890987579361250","potions_obtained":[{"floor":2,"key":"PowerPotion"},{"floor":3,"key":"hexamod:SoulburnPotion"},{"floor":16,"key":"sneckomod:DiceRollPotion"}],"is_trial":false,"path_per_floor":["R","M","M","?","?","R","T","?","E","M","R","?","$","M","M","B",null,"R","M"],"character_chosen":"THE_SNECKO","items_purchased":["sneckomod:CheapStock","sneckomod:DefensiveFlair"],"campfire_rested":0,"item_purchase_floors":[13,13],"current_hp_per_floor":[90,85,77,82,82,82,82,79,47,40,40,40,39,36,36,26,95,105,76,76,76],"gold":61,"neow_bonus":"THREE_RARE_CARDS","is_daily":false,"chose_seed":false,"campfire_upgraded":3,"win_rate":0.0,"timestamp":1613131422,"path_taken":["R","M","M","?","?","R","T","?","E","?","R","?","$","M","M","BOSS","R","M"],"items_purchased_type":["Card","Card"],"build_version":"2020-11-17","purchased_purges":1,"victory":false,"max_hp_per_floor":[90,90,90,95,95,95,95,95,95,95,95,95,95,95,95,95,95,105,105,105,105],"card_choices":[{"not_picked":["sneckomod:Restock","sneckomod:UnknownRareAttack"],"picked":"sneckomod:UnlimitedRolls","floor":0},{"not_picked":["sneckomod:ImprovisedAttack","sneckomod:UnknownCommonSkill"],"picked":"sneckomod:UnendingSupply","floor":2},{"not_picked":["sneckomod:IronFang","sneckomod:DiceBlock"],"picked":"sneckomod:QuickBite","floor":3},{"not_picked":["sneckomod:UnknownDraw","sneckomod:WideSting"],"picked":"sneckomod:UnknownRarePower","floor":9},{"not_picked":["sneckomod:UnknownCommonSkill","sneckomod:TrashToTreasure"],"picked":"sneckomod:UnendingSupply","floor":10},{"not_picked":["sneckomod:Nope","sneckomod:GlitteringGambit","sneckomod:QuickMove"],"picked":"SKIP","floor":13},{"not_picked":["sneckomod:Unknown0Cost","sneckomod:WideSting","sneckomod:IronFang"],"picked":"SKIP","floor":14},{"not_picked":["sneckomod:DiceCrush","sneckomod:SoulDraw","sneckomod:DiceBlock"],"picked":"SKIP","floor":15},{"not_picked":["sneckomod:UnknownBoss","sneckomod:DangerNoodle"],"picked":"sneckomod:Transmogrify","floor":16}],"player_experience":308113,"relics_obtained":[{"floor":9,"key":"Thread and Needle"}],"event_choices":[{"damage_healed":0,"gold_gain":0,"player_choice":"Donut","damage_taken":0,"max_hp_gain":5,"max_hp_loss":0,"event_name":"Big Fish","floor":4,"gold_loss":0},{"damage_healed":0,"gold_gain":0,"player_choice":"Success","damage_taken":3,"relics_obtained":["Slimebound:StickyStick"],"max_hp_gain":0,"max_hp_loss":0,"event_name":"Scrap Ooze","floor":8,"gold_loss":0}],"is_beta":true,"boss_relics":[{"not_picked":["Philosopher\u0027s Stone","SacredBark"],"picked":"Sozu"}],"items_purged_floors":[13],"is_endless":false,"potions_floor_spawned":[2,3,16],"killed_by":"3 Byrds","ascension_level":3}}