{"host":"pgm1p3lvdjflie30","time":1613103001,"event":{"mods":["AchievementEnabler","Alarm Clock","Aspiration","BaseMod","Challenge The Spire","Colored Map","Colored Powertips","Conspire","Dark Map","Energized Spire","GungeonMod","Hermit","HornydragonMod","Minty Spire (QoL Compilation)","Quarter Circle Forward PUNCH!","Quick Restart","Reimu（博???）","Relic Stats","Reliquary","Replay The Spire","Robot Space Explorer","Spicy Shops","StSLib","The Blackbeard","The Bug Knight","The Cursed","The Hayseed","The IronCluck","The Runesmith","Waifu the Spire","Yakumo Yukari mod","【功能Mod】混沌之?修复?丁","篝火指南"],"gold_per_floor":[115,115,125,135,95,124,124,28,51,65,65,65,90,10,10,105,105,123,143,143,143,158,158,40,54,54,54,54,4,23,40,40,40,40],"floor_reached":33,"language":"ZHS","playtime":1563,"items_purged":[],"score":245,"play_id":"26b0ab4d-79d8-4502-965a-5caeea615de4","local_time":"20210212121001","is_ascension_mode":false,"campfire_choices":[{"data":"Hyperbeam","floor":7,"key":"SMITH"},{"data":"Biased Cognition","floor":12,"key":"SMITH"},{"data":"Static Discharge","floor":15,"key":"SMITH"},{"data":"ReplayTheSpireMod:Omega Cannon","floor":23,"key":"SMITH"},{"floor":28,"key":"REST"},{"floor":32,"key":"REST"}],"circlet_count":0,"master_deck":["Strike_B","Strike_B","Strike_B","Strike_B","Defend_B","Defend_B","Defend_B","Defend_B","Zap","Dualcast","Biased Cognition+1","Ball Lightning","BootSequence","Hyperbeam+1","ReplaySolidLightProjector","Tempest","Static Discharge+1","Time Bomb","ReplayTheSpireMod:Omega Cannon+1","Auto Shields+1","BasicCrystalCard+1","Panic Button","Loop","Core Surge","Good Instincts","BasicCrystalCard","Redo+1"],"relics":["Cracked Core"],"acts_visited":["Exordium","TheCity"],"potions_floor_usage":[6,10,13,16,18,19,22,25,33,33,33],"damage_taken":[{"damage":0,"enemies":"Cultist","floor":1,"turns":2},{"damage":0,"enemies":"Small Slimes","floor":3,"turns":2},{"damage":0,"enemies":"2 Louse","floor":4,"turns":2},{"damage":22,"enemies":"3 Sentries","floor":6,"turns":4},{"damage":5,"enemies":"Looter","floor":10,"turns":3},{"damage":25,"enemies":"conspire:MimicChest","floor":13,"turns":4},{"damage":21,"enemies":"The Guardian","floor":16,"turns":7},{"damage":2,"enemies":"2 Thieves","floor":18,"turns":3},{"damage":19,"enemies":"Shell Parasite","floor":19,"turns":5},{"damage":26,"enemies":"Centurion and Healer","floor":22,"turns":7},{"damage":21,"enemies":"Snake Plant","floor":25,"turns":2},{"damage":0,"enemies":"3 Cultists","floor":30,"turns":2},{"damage":1,"enemies":"Cultist and Chosen","floor":31,"turns":5},{"damage":66,"enemies":"Automaton","floor":33,"turns":8}],"seed_played":"-6651209145803914407","potions_obtained":[{"floor":5,"key":"GamblersBrew"},{"floor":5,"key":"SpeedPotion"},{"floor":5,"key":"FocusPotion"},{"floor":10,"key":"Weak Potion"},{"floor":16,"key":"DemoMod:LeadSkinPotion"},{"floor":22,"key":"Swift Potion"},{"floor":31,"key":"Swift Potion"}],"is_trial":false,"path_per_floor":["M","?","M","M","?","E","R","$","T","M","?","R","?","$","R","B",null,"M","M","?","?","M","R","$","M","T","?","R","$","M","M","R","B"],"character_chosen":"DEFECT","items_purchased":["Energy Potion","Time Bomb","Loop","ColorlessPotion","Fire Potion"],"campfire_rested":2,"item_purchase_floors":[8,14,24,24,29],"current_hp_per_floor":[75,75,75,75,75,53,53,53,53,48,53,53,28,28,28,7,80,78,59,59,59,33,33,33,12,12,12,36,36,36,35,59,0,0],"gold":40,"neow_bonus":"ONE_RANDOM_RARE_CARD","is_daily":false,"chose_seed":false,"campfire_upgraded":4,"win_rate":0.0,"timestamp":1613103001,"path_taken":["M","?","M","M","?","E","R","$","T","?","?","R","?","$","R","BOSS","M","M","?","?","M","R","$","M","T","?","R","?","M","M","R","BOSS"],"items_purchased_type":["Potion","Card","Card","Potion","Potion"],"build_version":"2020-12-22","purchased_purges":0,"victory":false,"max_hp_per_floor":[75,75,75,75,75,75,75,75,75,75,80,80,80,80,80,80,80,80,80,80,80,80,80,80,80,80,80,80,80,80,80,80,80,80],"relic_stats":{"counters":[14,56],"obtain_stats":[{"DemoMod:GlassGuonStoneRelic":10,"Cracked Core":0},{"DemoMod:GlassGuonStoneRelic":5,"Cracked Core":0},{"DemoMod:GlassGuonStoneRelic":13,"Cracked Core":0}]},"card_choices":[{"not_picked":["Redo","Leap"],"picked":"Ball Lightning","floor":1},{"not_picked":["conspire:Rain","Hologram"],"picked":"BootSequence","floor":3},{"not_picked":["Ball Lightning","Redo"],"picked":"Hyperbeam","floor":4},{"not_picked":["Sweeping Beam","Undo"],"picked":"ReplaySolidLightProjector","floor":6},{"not_picked":["ReplaySort","Chaos"],"picked":"Tempest","floor":10},{"not_picked":["Hologram","Consume"],"picked":"Static Discharge","floor":13},{"not_picked":["Multi-Cast","Reboot"],"picked":"ReplayTheSpireMod:Omega Cannon","floor":16},{"not_picked":["Turbo","Consume"],"picked":"Auto Shields+1","floor":18},{"not_picked":["Blizzard","Redo"],"picked":"BasicCrystalCard+1","floor":19},{"not_picked":["Consume+1","Heatsinks+1"],"picked":"Panic Button","floor":22},{"not_picked":["Sweeping Beam+1","Turbo"],"picked":"Core Surge","floor":25},{"not_picked":["Darkness+1","Blizzard"],"picked":"BasicCrystalCard","floor":30},{"not_picked":["Steam","Consume"],"picked":"Redo+1","floor":31}],"player_experience":485408,"relics_obtained":[],"event_choices":[{"damage_healed":0,"gold_gain":0,"player_choice":"Leave","damage_taken":0,"max_hp_gain":0,"max_hp_loss":0,"event_name":"conspire:Investor","floor":2,"gold_loss":0},{"damage_healed":0,"gold_gain":0,"player_choice":"Bought 3 Potions","damage_taken":0,"max_hp_gain":0,"max_hp_loss":0,"event_name":"The Woman in Blue","floor":5,"gold_loss":0},{"damage_healed":0,"gold_gain":0,"player_choice":"Donut","damage_taken":0,"max_hp_gain":5,"max_hp_loss":0,"event_name":"Big Fish","floor":11,"gold_loss":0},{"damage_healed":0,"gold_gain":0,"player_choice":"Ignored","damage_taken":0,"max_hp_gain":0,"max_hp_loss":0,"event_name":"Cursed Tome","floor":20,"gold_loss":0}],"is_beta":false,"boss_relics":[{"not_picked":["Empty Cage","energizedSpire:StickyHand","qcfpunch:Dark_Gi"]}],"items_purged_floors":[],"is_endless":false,"potions_floor_spawned":[10,16,22,31],"killed_by":"Automaton","ascension_level":0}}