{"host":"4epvxsx6d4oxmc67","time":1613104704,"event":{"mods":["AchievementEnabler","BaseMod","Colored Map","Highlight Path","Minty Spire (QoL Compilation)"],"gold_per_floor":[116,128,203,222,234,234,234,234,234,302,334,346,377,389,401,510,522,549,3,22,32,32,60,159,159,182,202,49,49,49,66,66,66,66],"floor_reached":33,"language":"ENG","playtime":1485,"items_purged":["Strike_R","Strike_R"],"score":308,"play_id":"7d2992e5-2a6f-4fbd-a505-bf1116e944eb","local_time":"20210212043824","is_ascension_mode":true,"campfire_choices":[{"data":"Thunderclap","floor":6,"key":"SMITH"},{"data":"Clothesline","floor":8,"key":"SMITH"},{"data":"True Grit","floor":12,"key":"SMITH"},{"data":"Pommel Strike","floor":15,"key":"SMITH"},{"data":"1","floor":29,"key":"LIFT"},{"floor":32,"key":"REST"}],"circlet_count":0,"master_deck":["Strike_R","Strike_R","Strike_R","Defend_R","Defend_R","Defend_R","Defend_R","Bash","Clothesline+1","Thunderclap+1","Battle Trance","True Grit+1","Pommel Strike+1","Feed","Pummel","Shockwave","Sword Boomerang+1","Thunderclap+1","Headbutt+1","Cleave"],"relics":["Burning Blood","Incense Burner","MawBank","Paper Frog","Black Star","Girya","Sling","Mercury Hourglass","Thread and Needle","Smiling Mask"],"acts_visited":["Exordium","TheCity"],"potions_floor_usage":[10,18,18,21,23,31,31,33],"damage_taken":[{"damage":1,"enemies":"Cultist","floor":1,"turns":4},{"damage":10,"enemies":"Jaw Worm","floor":2,"turns":4},{"damage":9,"enemies":"Small Slimes","floor":4,"turns":3},{"damage":0,"enemies":"Exordium Wildlife","floor":5,"turns":3},{"damage":15,"enemies":"3 Sentries","floor":10,"turns":8},{"damage":5,"enemies":"Blue Slaver","floor":11,"turns":3},{"damage":3,"enemies":"Looter","floor":13,"turns":3},{"damage":32,"enemies":"Slime Boss","floor":16,"turns":13},{"damage":31,"enemies":"3 Byrds","floor":18,"turns":6},{"damage":11,"enemies":"2 Thieves","floor":20,"turns":4},{"damage":32,"enemies":"3 Cultists","floor":21,"turns":6},{"damage":28,"enemies":"Book of Stabbing","floor":23,"turns":5},{"damage":4,"enemies":"Centurion and Healer","floor":27,"turns":7},{"damage":3,"enemies":"Snecko","floor":31,"turns":6},{"damage":45,"enemies":"Champ","floor":33,"turns":11}],"seed_played":"-6521303007781138209","potions_obtained":[{"floor":2,"key":"SkillPotion"},{"floor":4,"key":"Weak Potion"},{"floor":13,"key":"Swift Potion"},{"floor":16,"key":"SneckoOil"},{"floor":27,"key":"EssenceOfSteel"},{"floor":31,"key":"Swift Potion"}],"is_trial":false,"path_per_floor":["M","M","?","M","M","R","?","R","T","?","M","R","M","$","R","B",null,"M","$","M","M","?","E","?","?","T","M","$","R","?","M","R","B"],"character_chosen":"IRONCLAD","items_purchased":["Girya","Sling","AttackPotion","Block Potion","Cleave"],"campfire_rested":1,"item_purchase_floors":[19,19,19,28,28],"current_hp_per_floor":[61,57,46,43,49,49,49,49,49,40,41,41,44,44,44,18,80,58,58,56,33,33,11,11,11,11,13,13,13,13,16,42,0,0],"gold":66,"neow_bonus":"ONE_RARE_RELIC","is_daily":false,"chose_seed":false,"campfire_upgraded":4,"win_rate":0.0,"timestamp":1613104704,"path_taken":["M","?","?","M","M","R","?","R","T","?","M","R","M","$","R","BOSS","M","$","M","M","?","E","?","?","T","M","$","R","?","M","R","BOSS"],"items_purchased_type":["Relic","Relic","Potion","Potion","Card"],"build_version":"2020-12-22","purchased_purges":2,"victory":false,"max_hp_per_floor":[80,80,80,80,80,80,80,80,80,80,80,80,80,80,80,80,80,83,83,86,89,89,89,89,89,89,89,89,89,89,89,89,89,89],"card_choices":[{"not_picked":["Shrug It Off","Disarm"],"picked":"Clothesline","floor":1},{"not_picked":["Carnage","Uppercut"],"picked":"Thunderclap","floor":2},{"not_picked":["Headbutt","Wild Strike"],"picked":"Battle Trance","floor":4},{"not_picked":["Clothesline","Havoc","Searing Blow"],"picked":"SKIP","floor":5},{"not_picked":["Anger","Body Slam"],"picked":"True Grit","floor":11},{"not_picked":["Clash","Hemokinesis"],"picked":"Pommel Strike","floor":13},{"not_picked":["Bludgeon","Impervious"],"picked":"Feed","floor":16},{"not_picked":["Evolve","Armaments"],"picked":"Pummel","floor":18},{"not_picked":["Havoc","Shrug It Off"],"picked":"Shockwave","floor":20},{"not_picked":["Wild Strike+1","True Grit+1"],"picked":"Sword Boomerang+1","floor":21},{"not_picked":["Flex","Hemokinesis"],"picked":"Thunderclap+1","floor":23},{"not_picked":["Heavy Blade","Twin Strike"],"picked":"Headbutt+1","floor":27},{"not_picked":["Demon Form","Clothesline","Wild Strike+1"],"picked":"SKIP","floor":31}],"player_experience":94042,"relics_obtained":[{"floor":9,"key":"MawBank"},{"floor":23,"key":"Mercury Hourglass"},{"floor":23,"key":"Thread and Needle"},{"floor":26,"key":"Smiling Mask"}],"event_choices":[{"damage_healed":0,"gold_gain":75,"player_choice":"Gather Gold","damage_taken":11,"max_hp_gain":0,"max_hp_loss":0,"event_name":"World of Goop","floor":3,"gold_loss":0},{"damage_healed":0,"gold_gain":0,"player_choice":"Ignored","damage_taken":0,"max_hp_gain":0,"max_hp_loss":0,"event_name":"Liars Game","floor":7,"gold_loss":0},{"damage_healed":0,"gold_gain":0,"player_choice":"Searched \u00272\u0027 times","damage_taken":0,"relics_obtained":["Paper Frog"],"max_hp_gain":0,"max_hp_loss":0,"event_name":"Dead Adventurer","floor":10,"gold_loss":0},{"damage_healed":0,"gold_gain":0,"player_choice":"Ignored","damage_taken":0,"max_hp_gain":0,"max_hp_loss":0,"event_name":"Vampires","floor":22,"gold_loss":0},{"damage_healed":0,"gold_gain":99,"player_choice":"Stole From Cult","damage_taken":0,"max_hp_gain":0,"max_hp_loss":0,"event_name":"Nest","floor":24,"gold_loss":0},{"damage_healed":0,"gold_gain":0,"player_choice":"Ignored","damage_taken":0,"max_hp_gain":0,"max_hp_loss":0,"event_name":"Cursed Tome","floor":25,"gold_loss":0}],"is_beta":false,"boss_relics":[{"not_picked":["Pandora\u0027s Box","Astrolabe"],"picked":"Black Star"}],"items_purged_floors":[19,28],"is_endless":false,"potions_floor_spawned":[2,4,13,16,18,27,31],"killed_by":"Champ","ascension_level":4}}