{"host":"z2qbs5oitkx9dzyk","time":1613152445,"event":{"mods":["BaseMod","Colored Map","Colored Powertips","Minty Spire (QoL Compilation)","Shop Mod"],"gold_per_floor":[114,126,126,81,97,125,139,139,139,155,185,185,40,60,60,155,155,169,22,37,37,37,37,37,37,37,37,53,69,69,88,88,88,88],"floor_reached":33,"language":"ENG","playtime":1053,"items_purged":[],"score":259,"play_id":"42111886-169d-4ad4-b2bd-92c6e84e3cf1","local_time":"20210212115405","is_ascension_mode":false,"campfire_choices":[{"floor":8.0,"key":"REST"},{"floor":12.0,"key":"REST"},{"data":"White Noise","floor":15.0,"key":"SMITH"},{"data":"Panacea","floor":24,"key":"SMITH"},{"floor":30,"key":"REST"},{"floor":32,"key":"REST"}],"circlet_count":0,"master_deck":["Strike_B","Strike_B","Strike_B","Strike_B","Defend_B","Defend_B","Defend_B","Defend_B","Zap","Dualcast","White Noise+1","White Noise+1","Conserve Battery","Doom and Gloom","Streamline+1","Multi-Cast","Barrage+1","Panacea+1","Leap+1","Redo+1"],"relics":["Cracked Core","NeowsBlessing","Frozen Egg 2","Dead Branch","Unceasing Top","Inserter","Nloth\u0027s Gift","Bottled Flame"],"acts_visited":["Exordium","TheCity"],"potions_floor_usage":[23,29,29,33],"damage_taken":[{"damage":0.0,"enemies":"Cultist","floor":1.0,"turns":1.0},{"damage":0.0,"enemies":"2 Louse","floor":2.0,"turns":1.0},{"damage":0.0,"enemies":"Jaw Worm","floor":5.0,"turns":1.0},{"damage":36.0,"enemies":"Gremlin Nob","floor":6.0,"turns":4.0},{"damage":20.0,"enemies":"Exordium Thugs","floor":7.0,"turns":4.0},{"damage":4.0,"enemies":"2 Fungi Beasts","floor":10.0,"turns":4.0},{"damage":24.0,"enemies":"3 Sentries","floor":11.0,"turns":3.0},{"damage":13.0,"enemies":"Red Slaver","floor":14.0,"turns":3.0},{"damage":58.0,"enemies":"The Guardian","floor":16.0,"turns":11.0},{"damage":22.0,"enemies":"Shell Parasite","floor":18.0,"turns":4.0},{"damage":20,"enemies":"Spheric Guardian","floor":20,"turns":4},{"damage":0,"enemies":"Snake Plant","floor":23,"turns":1},{"damage":32,"enemies":"Shelled Parasite and Fungi","floor":28,"turns":6},{"damage":2,"enemies":"Centurion and Healer","floor":29,"turns":3},{"damage":22,"enemies":"Snecko","floor":31,"turns":5},{"damage":37,"enemies":"Collector","floor":33,"turns":3}],"seed_played":"8647130165881456367","potions_obtained":[{"floor":1.0,"key":"DuplicationPotion"},{"floor":10.0,"key":"DistilledChaos"},{"floor":11.0,"key":"Swift Potion"},{"floor":14.0,"key":"Ancient Potion"},{"floor":20,"key":"SmokeBomb"},{"floor":31,"key":"PowerPotion"}],"is_trial":false,"path_per_floor":["M","M","?","$","M","E","M","R","T","M","E","R","$","M","R","B",null,"M","$","M","?","$","M","R","$","T","?","M","M","R","M","R","B"],"character_chosen":"DEFECT","items_purchased":["Conserve Battery","Lee\u0027s Waffle","Panacea","PowerPotion"],"campfire_rested":4,"item_purchase_floors":[4,13,19,19],"current_hp_per_floor":[75,75,75,75,75,39,19,41,41,37,13,35,82,69,69,11,82,60,60,40,40,40,40,40,40,40,40,8,6,30,8,32,0,0],"gold":88,"neow_bonus":"THREE_ENEMY_KILL","is_daily":false,"chose_seed":false,"campfire_upgraded":2,"win_rate":0.0,"timestamp":1613152445,"path_taken":["M","?","?","$","M","E","?","R","T","M","E","R","$","M","R","BOSS","M","$","M","?","$","M","R","?","T","?","M","M","R","M","R","BOSS"],"items_purchased_type":["Card","Relic","Card","Potion"],"build_version":"2020-12-22","purchased_purges":0,"victory":false,"max_hp_per_floor":[75,75,75,75,75,75,75,75,75,75,75,75,82,82,82,82,82,82,82,82,82,82,82,82,82,82,82,82,82,82,82,82,82,82],"card_choices":[{"not_picked":["Storm","Conserve Battery"],"picked":"White Noise","floor":1.0},{"not_picked":["Steam","Coolheaded"],"picked":"White Noise","floor":2.0},{"not_picked":["Undo","Barrage"],"picked":"Doom and Gloom","floor":5.0},{"not_picked":["Sweeping Beam","Consume"],"picked":"Streamline","floor":6.0},{"not_picked":["Rip and Tear","Redo","Cold Snap"],"picked":"SKIP","floor":7.0},{"not_picked":["Beam Cell","Doom and Gloom","Consume"],"picked":"SKIP","floor":10.0},{"not_picked":["Consume","Streamline","Compile Driver"],"picked":"SKIP","floor":11.0},{"not_picked":["Barrage","Fusion","Ball Lightning"],"picked":"SKIP","floor":14.0},{"not_picked":["Hyperbeam","All For One"],"picked":"Multi-Cast","floor":16.0},{"not_picked":["Gash+1","Coolheaded"],"picked":"Barrage+1","floor":18.0},{"not_picked":["Steam","Turbo","Cold Snap"],"picked":"SKIP","floor":20},{"not_picked":["Redo","Chaos"],"picked":"Leap+1","floor":28},{"not_picked":["Darkness","Leap"],"picked":"Redo+1","floor":29},{"not_picked":["Redo","All For One","Streamline"],"picked":"SKIP","floor":31}],"player_experience":417652,"relics_obtained":[{"floor":6.0,"key":"Frozen Egg 2"},{"floor":9.0,"key":"Dead Branch"},{"floor":11.0,"key":"Unceasing Top"},{"floor":26,"key":"Bottled Flame"}],"event_choices":[{"damage_healed":0.0,"max_hp_gain":0.0,"max_hp_loss":0.0,"gold_gain":0.0,"event_name":"Upgrade Shrine","player_choice":"Upgraded","floor":3.0,"gold_loss":0.0,"damage_taken":0.0,"cards_upgraded":["White Noise"]},{"damage_healed":0,"gold_gain":0,"player_choice":"Traded Relic","damage_taken":0,"relics_obtained":["Nloth\u0027s Gift"],"max_hp_gain":0,"max_hp_loss":0,"event_name":"N\u0027loth","floor":21,"relics_lost":["Lee\u0027s Waffle"],"gold_loss":0},{"damage_healed":0,"gold_gain":0,"player_choice":"Upgraded","damage_taken":0,"max_hp_gain":0,"max_hp_loss":0,"event_name":"Upgrade Shrine","floor":27,"gold_loss":0,"cards_upgraded":["Streamline"]}],"is_beta":false,"boss_relics":[{"not_picked":["Velvet Choker","Philosopher\u0027s Stone"],"picked":"Inserter"}],"items_purged_floors":[],"is_endless":false,"potions_floor_spawned":[1,10,11,14,20,31],"killed_by":"Collector","ascension_level":0}}