{"host":"lx933ja015x1ub68","time":1613144596,"event":{"mods":["AchievementEnabler","BaseMod","Better Match","Better Third Choice","BetterRewards","Colored Map","Exacting","FTL Soundtrack","Minty Spire (QoL Compilation)","Shop Mod","StSLib"],"gold_per_floor":[118,33,33,50,80,80,111,111,111,111,157,187,187,106,106,205,205,225,206,13,25,45,45,77,111,181,181,181,181,7,39,51,166,178,225,301,323,355,1366,1378,1410,1438,1450,1462,957,967,977,496,496,511,511],"floor_reached":50,"language":"ENG","playtime":4066,"items_purged":["Normality","Normality"],"score":869,"play_id":"3298a956-8021-43c9-bd72-7cf2ba739f06","local_time":"20210213024316","is_ascension_mode":true,"campfire_choices":[{"data":"Deflect","floor":6.0,"key":"SMITH"},{"floor":8.0,"key":"REST"},{"data":"Bane","floor":10.0,"key":"SMITH"},{"data":"Night Terror","floor":13.0,"key":"SMITH"},{"data":"Accuracy","floor":15.0,"key":"SMITH"},{"floor":23.0,"key":"REST"},{"floor":27.0,"key":"REST"},{"data":"Accuracy","floor":32.0,"key":"SMITH"},{"floor":40.0,"key":"REST"},{"floor":49.0,"key":"REST"}],"circlet_count":0,"master_deck":["Strike_G","Strike_G","Strike_G","Strike_G","Strike_G","Defend_G","Defend_G+1","Defend_G","Defend_G","Defend_G","Survivor","Neutralize+1","Blade Dance","Noxious Fumes","Outmaneuver","Dramatic Entrance","Bane+1","Deflect+1","Backflip","Night Terror+1","Accuracy+1","Corpse Explosion","Quick Slash+1","Accuracy+1","Distraction","Noxious Fumes+1","Infinite Blades+1","Noxious Fumes","Deadly Poison","Accuracy","Cloak And Dagger+1","Venomology","Quick Slash+1","Poisoned Stab+1","Cloak And Dagger","Dash+1","Accuracy+1","Dagger Throw+1","Catalyst","Panacea","Parasite","Storm of Steel","Blade Dance+1"],"relics":["Ring of the Snake","CultistMask","Eternal Feather","Question Card","PreservedInsect","WristBlade","Membership Card","Paper Crane","Ninja Scroll","Ice Cream","MawBank","SacredBark","Pocketwatch","Girya","MerchantsRug","Toy Ornithopter","Mercury Hourglass","Bottled Tornado","Toolbox","Darkstone Periapt"],"acts_visited":["Exordium","TheCity","TheBeyond"],"potions_floor_usage":[50,50],"damage_taken":[{"damage":0.0,"enemies":"Cultist","floor":1.0,"turns":4.0},{"damage":3.0,"enemies":"Jaw Worm","floor":4.0,"turns":3.0},{"damage":0.0,"enemies":"2 Louse","floor":5.0,"turns":2.0},{"damage":23.0,"enemies":"Lagavulin","floor":7.0,"turns":9.0},{"damage":0.0,"enemies":"Looter","floor":12.0,"turns":3.0},{"damage":25.0,"enemies":"Hexaghost","floor":16.0,"turns":8.0},{"damage":2.0,"enemies":"Chosen","floor":18.0,"turns":5.0},{"damage":11.0,"enemies":"2 Thieves","floor":19.0,"turns":4.0},{"damage":25.0,"enemies":"Snake Plant","floor":21.0,"turns":3.0},{"damage":29.0,"enemies":"Shelled Parasite and Fungi","floor":22.0,"turns":5.0},{"damage":0.0,"enemies":"Gremlin Leader","floor":24.0,"turns":4.0},{"damage":28.0,"enemies":"Sentry and Sphere","floor":25.0,"turns":4.0},{"damage":0.0,"enemies":"Slavers","floor":31.0,"turns":1.0},{"damage":24.0,"enemies":"Automaton","floor":33.0,"turns":8.0},{"damage":14.0,"enemies":"Orb Walker","floor":35.0,"turns":4.0},{"damage":42.0,"enemies":"2 Orb Walkers","floor":36.0,"turns":4.0},{"damage":0.0,"enemies":"3 Shapes","floor":37.0,"turns":3.0},{"damage":0.0,"enemies":"Spire Growth","floor":38.0,"turns":4.0},{"damage":9.0,"enemies":"Maw","floor":41.0,"turns":5.0},{"damage":27.0,"enemies":"Transient","floor":42.0,"turns":5.0},{"damage":0.0,"enemies":"3 Darklings","floor":44.0,"turns":1.0},{"damage":29.0,"enemies":"Writhing Mass","floor":46.0,"turns":4.0},{"damage":5.0,"enemies":"Transient","floor":47.0,"turns":5.0},{"damage":124,"enemies":"Awakened One","floor":50,"turns":6}],"seed_played":"-1625886116313647315","potions_obtained":[{"floor":4.0,"key":"GhostInAJar"},{"floor":12.0,"key":"Poison Potion"},{"floor":16.0,"key":"SkillPotion"},{"floor":21.0,"key":"Ancient Potion"},{"floor":22.0,"key":"AttackPotion"},{"floor":31.0,"key":"ColorlessPotion"},{"floor":33.0,"key":"Swift Potion"},{"floor":36.0,"key":"Poison Potion"},{"floor":38.0,"key":"ColorlessPotion"}],"is_trial":false,"path_per_floor":["M","$","?","M","M","R","E","R","T","R","T","M","R","$","R","B",null,"M","M","$","M","M","R","E","M","T","R","?","?","$","E","R","B",null,"M","?","M","M","?","R","M","M","T","M","$","M","M","$","R","B"],"character_chosen":"THE_SILENT","items_purchased":["Blade Dance","Noxious Fumes","Dramatic Entrance","Accuracy","Membership Card","Distraction","Ice Cream","Energy Potion","MerchantsRug","Fruit Juice","Toy Ornithopter","Mercury Hourglass","Catalyst","Panacea","BlessingOfTheForge","Ancient Potion","Fruit Juice","Bottled Tornado","Toolbox","AttackPotion","Energy Potion","Darkstone Periapt"],"campfire_rested":5,"item_purchase_floors":[0,0,2,14,20,20,30,30,45,45,45,45,45,45,45,45,48,48,48,48,48,48],"current_hp_per_floor":[65,65,51,48,48,48,25,55,55,64,64,64,70,70,70,45,70,68,57,57,32,3,39,39,11,11,47,47,47,47,47,65,41,70,56,14,14,14,14,56,47,20,20,20,35,21,16,31,82,0,0],"gold":511,"neow_bonus":"","is_daily":false,"chose_seed":false,"campfire_upgraded":5,"win_rate":0.0,"timestamp":1613144596,"path_taken":["M","?","?","M","M","R","E","R","T","R","?","M","R","$","R","BOSS","M","M","$","M","M","R","E","M","T","R","?","?","$","E","R","BOSS","M","?","M","M","?","R","M","?","T","M","?","M","M","$","R","BOSS"],"items_purchased_type":["Card","Card","Card","Card","Relic","Card","Relic","Potion","Relic","Potion","Relic","Relic","Card","Card","Potion","Potion","Potion","Relic","Relic","Potion","Potion","Relic"],"build_version":"2020-12-22","purchased_purges":2,"victory":false,"max_hp_per_floor":[70,70,70,70,70,70,70,70,70,70,70,70,70,70,70,70,70,70,70,70,70,70,70,70,70,70,70,70,70,70,70,70,70,70,70,70,70,70,70,70,70,70,70,70,80,80,80,90,90,90,90],"card_choices":[{"not_picked":["Dagger Spray","Acrobatics"],"picked":"Outmaneuver","floor":1.0},{"not_picked":["Well Laid Plans","Masterful Stab"],"picked":"Bane","floor":4.0},{"not_picked":["Blade Dance","Dagger Throw"],"picked":"Deflect","floor":5.0},{"not_picked":["Dagger Spray","Expertise"],"picked":"Backflip","floor":7.0},{"not_picked":["PiercingWail","Quick Slash","Cloak And Dagger"],"picked":"Night Terror","floor":12.0},{"not_picked":["Doppelganger","Bullet Time","Burst"],"picked":"Corpse Explosion","floor":16.0},{"not_picked":["Flechettes+1","Cloak And Dagger","Expertise+1"],"picked":"Quick Slash+1","floor":18.0},{"not_picked":["Outmaneuver","Dagger Throw","Expertise"],"picked":"Accuracy","floor":19.0},{"not_picked":["Prepared","Cloak And Dagger","Backflip"],"picked":"Noxious Fumes+1","floor":21.0},{"not_picked":["Well Laid Plans","Dodge and Roll+1","Deadly Poison"],"picked":"Infinite Blades+1","floor":22.0},{"not_picked":["Wraith Form v2","Bane","Blade Dance"],"picked":"Noxious Fumes","floor":24.0},{"not_picked":["Acrobatics","Cloak And Dagger","PiercingWail"],"picked":"Deadly Poison","floor":25.0},{"not_picked":["Flying Knee","Poisoned Stab","Storm of Steel"],"picked":"Cloak And Dagger+1","floor":31.0},{"not_picked":["Storm of Steel","Bullet Time","Tools of the Trade"],"picked":"Venomology","floor":33.0},{"not_picked":["Expertise+1","Dagger Throw","Prepared"],"picked":"Quick Slash+1","floor":35.0},{"not_picked":["PiercingWail+1","Dagger Throw","Backflip"],"picked":"Poisoned Stab+1","floor":36.0},{"not_picked":["Sucker Punch","Escape Plan+1","PiercingWail"],"picked":"Cloak And Dagger","floor":37.0},{"not_picked":["Deadly Poison+1","Flying Knee","Deflect"],"picked":"Dash+1","floor":38.0},{"not_picked":["Backflip","Footwork+1","Dagger Throw"],"picked":"Accuracy+1","floor":41.0},{"not_picked":["Sucker Punch","Dagger Spray","Outmaneuver"],"picked":"Dagger Throw+1","floor":42.0},{"not_picked":["Outmaneuver+1","All Out Attack","Dagger Spray+1"],"picked":"Storm of Steel","floor":46.0},{"not_picked":["Crippling Poison+1","Endless Agony","Dagger Throw+1"],"picked":"Blade Dance+1","floor":47.0}],"player_experience":78738,"relics_obtained":[{"floor":7.0,"key":"Eternal Feather"},{"floor":9.0,"key":"Question Card"},{"floor":11.0,"key":"PreservedInsect"},{"floor":24.0,"key":"Paper Crane"},{"floor":26.0,"key":"Ninja Scroll"},{"floor":31.0,"key":"MawBank"},{"floor":36.0,"key":"Pocketwatch"},{"floor":43.0,"key":"Girya"}],"event_choices":[{"damage_healed":65.0,"max_hp_gain":0.0,"max_hp_loss":70.0,"gold_gain":0.0,"event_name":"betterThird:BetterShining","player_choice":"Upgrade","floor":3.0,"gold_loss":0.0,"damage_taken":14.0,"cards_upgraded":["Neutralize","Defend_G"]},{"damage_healed":0.0,"max_hp_gain":0.0,"max_hp_loss":0.0,"gold_gain":0.0,"event_name":"Vampires","player_choice":"Ignored","floor":28.0,"gold_loss":0.0,"damage_taken":0.0},{"damage_healed":0.0,"max_hp_gain":0.0,"max_hp_loss":0.0,"gold_gain":0.0,"event_name":"The Library","player_choice":"Read","floor":29.0,"gold_loss":0.0,"damage_taken":0.0,"cards_obtained":["Accuracy"]},{"damage_healed":0.0,"max_hp_gain":0.0,"max_hp_loss":0.0,"gold_gain":0.0,"event_name":"Mysterious Sphere","player_choice":"Fight","floor":36.0,"gold_loss":0.0,"damage_taken":0.0},{"damage_healed":0.0,"max_hp_gain":0.0,"max_hp_loss":0.0,"gold_gain":999.0,"event_name":"MindBloom","player_choice":"Gold","floor":39.0,"gold_loss":0.0,"damage_taken":0.0,"cards_obtained":["Normality","Normality"]}],"is_beta":false,"boss_relics":[{"not_picked":["Black Star","Fusion Hammer"],"picked":"WristBlade"},{"not_picked":["Ring of the Serpent","Philosopher\u0027s Stone"],"picked":"SacredBark"}],"items_purged_floors":[45,48],"is_endless":false,"potions_floor_spawned":[4,12,16,21,22,31,33,36,38,44],"killed_by":"Awakened One","ascension_level":1}}