{"host":"qxt9611uhnemh1bn","time":1613165416,"event":{"mods":["AchievementEnabler","BaseMod","Minty Spire (QoL Compilation)","StSLib"],"gold_per_floor":[113,113,113,38,51,77,97,97,97,110,110,123,135,148,148,243,243,258,270,285,105,105,105],"floor_reached":22,"language":"ENG","playtime":611,"items_purged":["Strike_B","Strike_B"],"score":215,"play_id":"6f677547-547b-416c-9e77-ba0772557650","local_time":"20210212153016","is_ascension_mode":false,"campfire_choices":[{"data":"Hologram","floor":8,"key":"SMITH"},{"floor":11,"key":"REST"},{"floor":15,"key":"REST"}],"circlet_count":0,"master_deck":["Strike_B","Strike_B","Defend_B","Defend_B","Defend_B","Defend_B+1","Zap+1","Dualcast+1","Streamline","Conserve Battery","Echo Form","Hologram+1","Cold Snap+1","Sweeping Beam+1","Beam Cell+1","Defragment","Amplify","Genetic Algorithm","Aggregate"],"relics":["Cracked Core","NeowsBlessing","Unceasing Top","Molten Egg 2","Runic Pyramid"],"acts_visited":["Exordium","TheCity"],"potions_floor_usage":[16,16,18,20],"damage_taken":[{"damage":0,"enemies":"2 Louse","floor":1,"turns":1},{"damage":0,"enemies":"Small Slimes","floor":5,"turns":1},{"damage":0,"enemies":"Lagavulin","floor":6,"turns":1},{"damage":6,"enemies":"Cultist","floor":7,"turns":4},{"damage":15,"enemies":"Gremlin Gang","floor":10,"turns":5},{"damage":0,"enemies":"Looter","floor":12,"turns":2},{"damage":12,"enemies":"Blue Slaver","floor":13,"turns":2},{"damage":2,"enemies":"Lots of Slimes","floor":14,"turns":4},{"damage":7,"enemies":"Hexaghost","floor":16,"turns":7},{"damage":15,"enemies":"3 Byrds","floor":18,"turns":4},{"damage":10,"enemies":"Chosen","floor":19,"turns":4},{"damage":15,"enemies":"Snake Plant","floor":20,"turns":4},{"damage":0,"enemies":"Sentry and Sphere","floor":22,"turns":2}],"seed_played":"-2009803596702031453","potions_obtained":[{"floor":12,"key":"Weak Potion"},{"floor":13,"key":"PowerPotion"},{"floor":14,"key":"PowerPotion"},{"floor":19,"key":"Fire Potion"},{"floor":20,"key":"FearPotion"}],"is_trial":false,"path_per_floor":["M","?","?","$","M","E","M","R","T","M","R","M","M","M","R","B",null,"M","M","M","$","M"],"character_chosen":"DEFECT","items_purchased":["Aggregate"],"campfire_rested":2,"item_purchase_floors":[21],"current_hp_per_floor":[75,60,60,60,60,60,54,54,54,39,61,61,49,47,69,62,75,60,50,35,35,35,35],"gold":105,"neow_bonus":"THREE_ENEMY_KILL","is_daily":false,"chose_seed":false,"campfire_upgraded":1,"win_rate":0.0,"timestamp":1613165416,"path_taken":["M","?","?","$","M","E","M","R","T","M","R","M","M","?","R","BOSS","M","M","M","$","?"],"items_purchased_type":["Card"],"build_version":"2020-12-22","purchased_purges":2,"victory":false,"max_hp_per_floor":[75,75,75,75,75,75,75,75,75,75,75,75,75,75,75,75,75,75,75,75,75,75,75],"card_choices":[{"not_picked":["Beam Cell","Turbo"],"picked":"Streamline","floor":1},{"not_picked":["Auto Shields","Streamline"],"picked":"Conserve Battery","floor":5},{"not_picked":["Cold Snap","Sweeping Beam"],"picked":"Echo Form","floor":6},{"not_picked":["Turbo","Go for the Eyes"],"picked":"Hologram","floor":7},{"not_picked":["Turbo","Gash+1"],"picked":"Cold Snap+1","floor":10},{"not_picked":["Compile Driver+1","Loop"],"picked":"Sweeping Beam+1","floor":12},{"not_picked":["FTL+1","Cold Snap+1"],"picked":"Beam Cell+1","floor":13},{"not_picked":["Recycle","Reprogram"],"picked":"Defragment","floor":14},{"not_picked":["Thunder Strike+1","Hyperbeam+1"],"picked":"Amplify","floor":16},{"not_picked":["Gash+1","Streamline+1","FTL+1"],"picked":"SKIP","floor":18},{"not_picked":["Beam Cell+1","Doom and Gloom+1","Gash+1"],"picked":"SKIP","floor":19},{"not_picked":["Go for the Eyes+1","Barrage+1"],"picked":"Genetic Algorithm","floor":20}],"player_experience":245576,"relics_obtained":[{"floor":6,"key":"Unceasing Top"},{"floor":9,"key":"Molten Egg 2"}],"event_choices":[{"damage_healed":0,"gold_gain":0,"player_choice":"Entered Light","damage_taken":15,"max_hp_gain":0,"max_hp_loss":0,"event_name":"Shining Light","floor":2,"gold_loss":0,"cards_upgraded":["Dualcast","Defend_B"]},{"damage_healed":0,"gold_gain":0,"player_choice":"Upgraded","damage_taken":0,"max_hp_gain":0,"max_hp_loss":0,"event_name":"Upgrade Shrine","floor":3,"gold_loss":0,"cards_upgraded":["Zap"]}],"is_beta":false,"boss_relics":[{"not_picked":["Black Star","FrozenCore"],"picked":"Runic Pyramid"}],"items_purged_floors":[4,21],"is_endless":false,"potions_floor_spawned":[12,13,14,19,20],"killed_by":"Sentry and Sphere","ascension_level":0}}