{"host":"kfd0jpqqxt101ydt","time":1613112724,"event":{"mods":["BaseMod","Downfall","Googly Eyes","Highlight Path","Minty Spire (QoL Compilation)","StSLib"],"gold_per_floor":[99,116,116,116,26,26,26,26],"floor_reached":6,"language":"ENG","playtime":469,"items_purged":["Guardian:Defend_Guardian"],"score":34,"play_id":"09c60b6a-2f9a-4a0b-aa04-14f1dc5ab375","local_time":"20210212085204","is_ascension_mode":true,"campfire_choices":[{"data":"Guardian:TwinSlam","floor":1,"key":"SMITH"}],"circlet_count":0,"master_deck":["Guardian:Strike_Guardian","Guardian:Strike_Guardian","Guardian:Strike_Guardian","Guardian:Strike_Guardian","Guardian:Defend_Guardian","Guardian:Defend_Guardian","Guardian:CurlUp","Guardian:TwinSlam+1","Guardian:TimeSifter","Guardian:Gem_Crimson","Guardian:Gem_Yellow","Guardian:Gem_Cyan","Guardian:Gem_Crimson","Guardian:ShieldCharger"],"relics":["Guardian:ModeShifter","Guardian:PickAxe"],"acts_visited":["Exordium"],"potions_floor_usage":[],"damage_taken":[{"damage":2,"enemies":"Small Slimes","floor":2,"turns":5},{"damage":12,"enemies":"Small Slimes","floor":3,"turns":6},{"damage":7,"enemies":"downfall:FleeingMerchant","floor":5,"turns":4},{"damage":36,"enemies":"3 Sentries","floor":6,"turns":9}],"seed_played":"8489398931877469764","potions_obtained":[{"floor":2,"key":"Guardian:AcceleratePotion"}],"is_trial":false,"path_per_floor":["R","M","?","?","$","E"],"character_chosen":"GUARDIAN","items_purchased":[],"campfire_rested":0,"item_purchase_floors":[],"current_hp_per_floor":[56,54,42,42,35,0,0,0],"gold":26,"neow_bonus":"THREE_RARE_CARDS","is_daily":false,"chose_seed":false,"campfire_upgraded":1,"win_rate":0.0,"timestamp":1613112724,"path_taken":["R","M","?","?","$","E"],"items_purchased_type":[],"build_version":"2020-12-22","purchased_purges":1,"victory":false,"max_hp_per_floor":[80,80,80,80,80,80,80,80],"card_choices":[{"not_picked":["Guardian:Gem_Synthetic","Guardian:StasisField"],"picked":"Guardian:TimeSifter","floor":0},{"not_picked":["Guardian:DecasProtection","Guardian:Gem_Cyan"],"picked":"Guardian:Gem_Crimson","floor":2},{"not_picked":["Guardian:Incinerate","Guardian:ShieldSpikes"],"picked":"Guardian:ShieldCharger","floor":5}],"player_experience":35657,"relics_obtained":[],"event_choices":[{"cards_removed":["Guardian:Defend_Guardian"],"damage_healed":0,"gold_gain":0,"player_choice":"Card Removal","damage_taken":0,"max_hp_gain":0,"max_hp_loss":0,"event_name":"The Cleric","floor":4,"gold_loss":0}],"is_beta":false,"boss_relics":[],"items_purged_floors":[5],"is_endless":false,"potions_floor_spawned":[2],"killed_by":"3 Sentries","ascension_level":1}}