{"host":"xz7n3qy1zq36rzpg","time":1613129791,"event":{"mods":["BaseMod","Colored Map","Colored Powertips","Highlight Path","Minty Spire (QoL Compilation)","Quick Restart","Shop Mod"],"gold_per_floor":[113,44,9,24,38,72,72,100,100,100,79,79,79,97,97,97,97],"floor_reached":16,"language":"ENG","playtime":646,"items_purged":[],"score":135,"play_id":"9224c0d1-94d4-4502-905f-4d0c6ec03d4b","local_time":"20210212123631","is_ascension_mode":true,"campfire_choices":[{"data":"Bash","floor":7,"key":"SMITH"},{"data":"Juggernaut","floor":10,"key":"SMITH"},{"floor":12,"key":"REST"},{"floor":15,"key":"REST"}],"circlet_count":0,"master_deck":["Strike_R","Strike_R","Strike_R","Strike_R","Strike_R","Defend_R","Defend_R","Defend_R","Defend_R","Bash+1","Juggernaut+1","Flame Barrier","Ghostly Armor","Shrug It Off","True Grit","Entrench","Sword Boomerang","Feel No Pain"],"relics":["Burning Blood","MealTicket","Du-Vu Doll","The Courier","Anchor"],"acts_visited":["Exordium"],"potions_floor_usage":[6,8],"damage_taken":[{"damage":18,"enemies":"Jaw Worm","floor":1,"turns":4},{"damage":1,"enemies":"Small Slimes","floor":4,"turns":4},{"damage":2,"enemies":"Cultist","floor":5,"turns":4},{"damage":28,"enemies":"Lagavulin","floor":6,"turns":10},{"damage":37,"enemies":"3 Sentries","floor":8,"turns":9},{"damage":39,"enemies":"Exordium Thugs","floor":14,"turns":6},{"damage":49,"enemies":"Hexaghost","floor":16,"turns":11}],"seed_played":"5676303927954591019","potions_obtained":[{"floor":4,"key":"LiquidMemories"},{"floor":5,"key":"SkillPotion"},{"floor":6,"key":"SpeedPotion"}],"is_trial":false,"path_per_floor":["M","$","?","M","M","E","R","E","T","R","?","R","?","M","R","B"],"character_chosen":"IRONCLAD","items_purchased":["Ghostly Armor"],"campfire_rested":2,"item_purchase_floors":[2],"current_hp_per_floor":[68,68,80,80,80,58,58,27,27,27,27,51,51,18,42,0,0],"gold":97,"neow_bonus":"ONE_RANDOM_RARE_CARD","is_daily":false,"chose_seed":false,"campfire_upgraded":2,"win_rate":0.0,"timestamp":1613129791,"path_taken":["M","$","?","M","M","E","R","E","T","R","?","R","?","M","R","BOSS"],"items_purchased_type":["Card"],"build_version":"2020-12-22","purchased_purges":0,"victory":false,"max_hp_per_floor":[80,80,80,80,80,80,80,80,80,80,80,80,80,80,80,80,80],"card_choices":[{"not_picked":["Clash","Iron Wave"],"picked":"Flame Barrier","floor":1},{"not_picked":["Twin Strike","Ghostly Armor"],"picked":"Shrug It Off","floor":4},{"not_picked":["Infernal Blade","Warcry"],"picked":"True Grit","floor":5},{"not_picked":["Burning Pact","Reaper"],"picked":"Entrench","floor":6},{"not_picked":["Power Through","Clash"],"picked":"Sword Boomerang","floor":8},{"not_picked":["Flex","Offering"],"picked":"Feel No Pain","floor":14}],"player_experience":505659,"relics_obtained":[{"floor":6,"key":"MealTicket"},{"floor":8,"key":"Du-Vu Doll"},{"floor":9,"key":"The Courier"}],"event_choices":[{"damage_healed":20,"gold_gain":0,"player_choice":"Healed","damage_taken":0,"max_hp_gain":0,"max_hp_loss":0,"event_name":"The Cleric","floor":3,"gold_loss":35},{"damage_healed":0,"gold_gain":0,"player_choice":"Left Gold","damage_taken":0,"max_hp_gain":0,"max_hp_loss":0,"event_name":"World of Goop","floor":11,"gold_loss":21},{"damage_healed":0,"gold_gain":0,"player_choice":"Gave Potion","damage_taken":0,"relics_obtained":["Anchor"],"max_hp_gain":0,"max_hp_loss":0,"event_name":"WeMeetAgain","floor":13,"gold_loss":0}],"is_beta":false,"boss_relics":[],"items_purged_floors":[],"is_endless":false,"potions_floor_spawned":[4,5,6],"killed_by":"Hexaghost","ascension_level":5}}