{"host":"7uty67eufarcrkdl","time":1613093378,"event":{"mods":["AchievementEnabler","Act Like it!","BaseMod","Bestiary","Better Altar","Better Match","Better Note","Better Sensory Stone","Better Skull","Better Third Choice","Better Vampires","BetterRewards","Block Reminder","Challenge The Spire","Colored Map","Colored Powertips","DeckTracker","Defuse TimeMaze Blight","Displayed Cursed Tome","Downfall","Ekko","Hubris","Infinite Spire","Minty Spire (QoL Compilation)","MonsterHotkey","Permanent Neow","Rare Cards Sparkle","Relic Stats","Replay The Spire","Shop Mod","StSLib","The Blue Laboratory","Thieving Mod","Transform Curses","Uncapped","Wandering Minibosses"],"gold_per_floor":[119,119,119,119,137,137,137],"floor_reached":6,"language":"ENG","playtime":213,"items_purged":[],"score":37,"play_id":"7d2db233-e3ef-47a1-8cce-16e540260c5b","local_time":"20210211182938","is_ascension_mode":true,"campfire_choices":[],"circlet_count":0,"master_deck":["Strike_B","Strike_B","Strike_B","Defend_B","Time Bomb","BasicCrystalCard"],"relics":["Cracked Core"],"acts_visited":["Exordium"],"potions_floor_usage":[],"damage_taken":[{"damage":6,"enemies":"2 Louse","floor":1,"turns":3},{"damage":6,"enemies":"Cultist","floor":5,"turns":3},{"damage":52,"enemies":"Gremlin Nob","floor":6,"turns":4}],"seed_played":"-1461485279174911152","potions_obtained":[],"is_trial":false,"path_per_floor":["M","?","$","?","M","E"],"character_chosen":"DEFECT","items_purchased":[],"campfire_rested":0,"item_purchase_floors":[],"current_hp_per_floor":[69,69,49,49,43,0,0],"gold":137,"neow_bonus":"","is_daily":false,"chose_seed":false,"campfire_upgraded":0,"win_rate":0.0,"timestamp":1613093378,"path_taken":["M","?","?","?","?","E"],"items_purchased_type":[],"build_version":"2020-12-22","purchased_purges":0,"victory":false,"max_hp_per_floor":[75,75,75,75,75,75,75],"relic_stats":{"counters":[5,17],"obtain_stats":[{"hubris:Icosahedron":3,"Ginger":0,"infinitespire:Lucky Rock":4,"Cracked Core":0},{"hubris:Icosahedron":1,"Ginger":0,"infinitespire:Lucky Rock":1,"Cracked Core":0},{"hubris:Icosahedron":4,"Ginger":0,"infinitespire:Lucky Rock":4,"Cracked Core":0}]},"card_choices":[{"not_picked":["Force Field","Static Discharge"],"picked":"Steam","floor":1},{"not_picked":["ReplayTheSpireMod:GoodbyeWorld","Stack"],"picked":"BasicCrystalCard","floor":5}],"player_experience":168259,"relics_obtained":[],"event_choices":[{"cards_removed":["Defend_B"],"damage_healed":0,"gold_gain":0,"player_choice":"Offered Basic","damage_taken":0,"max_hp_gain":0,"max_hp_loss":0,"event_name":"Bonfire Elementals","floor":2,"gold_loss":0},{"damage_healed":0,"gold_gain":0,"cards_transformed":["Strike_B"],"player_choice":"Change","damage_taken":0,"max_hp_gain":0,"max_hp_loss":0,"event_name":"Living Wall","floor":4,"gold_loss":0,"cards_obtained":["Time Bomb"]}],"is_beta":false,"boss_relics":[],"items_purged_floors":[],"is_endless":false,"potions_floor_spawned":[],"killed_by":"Gremlin Nob","ascension_level":2}}