{"host":"mmvmlqmvbrlj5jge","time":1613144172,"event":{"mods":["Act Like it!","BaseMod","Dota2Spire","Gensokyo","GifTheSpireLib","Hallownest","Lobotomy","Mari Mod (Legacy)","Mari\u0027s V1 Patch","Minty Spire (QoL Compilation)","MostiFishMod","Pale of the Ancients","Quick Restart","Remilia（蕾米莉亚）","Replay The Spire","RumiaBox-露米娅的神秘盒子","Spicy Shops","StSLib","TestMod","The Bug Knight","noobMod","【功能Mod】混沌之环修复补丁","【遗物卡牌】REMEMod","篝火指南"],"gold_per_floor":[116,116,38,53,70,105,105,30,57,76,76,101,118,130,5,109,109,122,32,32,32,32,67,77,111,136,169,182,202,235,249,249,350,350,365,186,200,115,115,115,141,79,79,91,116,132,146,180,180,180,197,217,1216,277,277,295,295,72,72,72],"floor_reached":61,"language":"ZHS","playtime":2282,"items_purged":["Dualcast","Strike_B","Decay","Shame","Decay"],"score":1798,"play_id":"348adf66-5ae6-4fa8-b174-211a1b0afbbb","local_time":"20210212233612","is_ascension_mode":true,"campfire_choices":[{"data":"Zap","floor":32,"key":"SMITH"},{"data":"Gash","floor":40,"key":"SMITH"},{"floor":49,"key":"DIG"},{"data":"Hallownest:skillKingdomsEdgeMap","floor":55,"key":"SMITH"},{"data":"Strike_B","floor":57,"key":"SMITH"}],"circlet_count":0,"master_deck":["Strike_B","Strike_B","Strike_B+1","Defend_B","Defend_B","Defend_B","Defend_B","Zap+1","Gash+1","Hallownest:skillKingdomsEdgeMap+1","Gash+1","Gash"],"relics":["DaveBox","testmod-TestBox","REME_ComplimentaryCards","ice","EGODaCapo","testmod-ThousandKnives","SynthV:TestCard","AddBug","SecretRecord","SecretRecord","SecretRecord","SecretRecord","SecretRecord","SecretRecord","SecretRecord","SecretRecord"],"acts_visited":["Hallownest:Greenpath","Hallownest:CityofTears","Hallownest:KingdomsEdge","paleoftheancients:PaleOfTheAncients"],"potions_floor_usage":[35],"damage_taken":[{"damage":15.0,"enemies":"Hallownest:2_Tiktiks_and_1_Crawlid","floor":1.0,"turns":5.0},{"damage":0.0,"enemies":"Hallownest:monsterHuskGuard","floor":4.0,"turns":3.0},{"damage":2.0,"enemies":"2_ Uuma","floor":5.0,"turns":3.0},{"damage":1.0,"enemies":"Hallownest:eliteVengeflyKing","floor":6.0,"turns":6.0},{"damage":0.0,"enemies":"Hallownest:Guard_and_Warrior","floor":10.0,"turns":5.0},{"damage":11.0,"enemies":"Hallownest:eliteCrystalGuardian","floor":12.0,"turns":5.0},{"damage":2.0,"enemies":"Hallownest:monsterMossCharger","floor":13.0,"turns":3.0},{"damage":0.0,"enemies":"Hallownest:monsterFoolEater","floor":14.0,"turns":3.0},{"damage":7.0,"enemies":"Hallownest:BossBrokenVessel","floor":16.0,"turns":9.0},{"damage":1.0,"enemies":"Hallownest:Guard_and_Sentry","floor":18.0,"turns":5.0},{"damage":49.0,"enemies":"Hallownest:eliteWatcherKnight","floor":23.0,"turns":12.0},{"damage":0.0,"enemies":"Hallownest:2_Mistakes","floor":24.0,"turns":9.0},{"damage":18.0,"enemies":"Hallownest:eliteSoulWarrior","floor":25.0,"turns":6.0},{"damage":1.0,"enemies":"Hallownest:eliteWatcherKnight","floor":27.0,"turns":12.0},{"damage":12.0,"enemies":"Hallownest:2_Husk_Sentries","floor":28.0,"turns":5.0},{"damage":20.0,"enemies":"Hallownest:monsterMisterMushroom","floor":29.0,"turns":6.0},{"damage":0.0,"enemies":"Hallownest:Nosk","floor":30.0,"turns":5.0},{"damage":0.0,"enemies":"Hallownest:Master_and_Novice","floor":31.0,"turns":3.0},{"damage":46,"enemies":"Hallownest:BossMantisLord","floor":33,"turns":9},{"damage":43,"enemies":"Hallownest:3_Siblings","floor":35,"turns":13},{"damage":19,"enemies":"Hallownest:2_Littles","floor":37,"turns":4},{"damage":0,"enemies":"Hallownest:StalkingDevout","floor":41,"turns":4},{"damage":0,"enemies":"Hallownest:2_Wing_and_1_Kings","floor":44,"turns":4},{"damage":0,"enemies":"Hallownest:eliteHiveKnight","floor":45,"turns":4},{"damage":0,"enemies":"Hallownest:monsterPrimalAspid","floor":46,"turns":3},{"damage":0,"enemies":"Hallownest:2_Great","floor":47,"turns":3},{"damage":0,"enemies":"Hallownest:StalkingDevout","floor":48,"turns":4},{"damage":11,"enemies":"Hallownest:BossHollowKnight","floor":50,"turns":5},{"damage":0,"enemies":"Hallownest:BossHollowKnight","floor":51,"turns":6},{"damage":4,"enemies":"Hallownest:BossHollowKnight","floor":52,"turns":5},{"damage":26,"enemies":"Hallownest:BossHollowKnight","floor":56,"turns":13},{"damage":3,"enemies":"paleoftheancients:N","floor":60,"turns":6}],"seed_played":"1069497245675549578","potions_obtained":[{"floor":1.0,"key":"FocusPotion"},{"floor":4.0,"key":"Regen Potion"},{"floor":12.0,"key":"Doom Potion"},{"floor":35,"key":"Strength Potion"}],"is_trial":false,"path_per_floor":["M","?","$","M","M","E","T","R","T","M","$","E","M","M","R","B",null,"M","?","$","?","?","E","M","E","T","E","M","M","E","M","R","B",null,"M","$","M","?","$","R","E","R","T","M","E","M","M","E","R","B","M","M","?","$","R","M","R","$","?","B",null],"character_chosen":"DEFECT","items_purchased":["BrkXgEgg","Membership Card","SynthV:MejaisSoulstealer","Gash","DiscerningMonocle","Guide Book","InkBottle","Kunai","Art of War","Gash"],"campfire_rested":0,"item_purchase_floors":[3,15,20,36,42,54,54,54,54,58],"current_hp_per_floor":[60,60,60,60,58,57,57,57,57,57,57,46,44,44,44,37,75,74,74,74,74,74,25,25,75,75,74,62,42,42,42,42,90,104,61,61,42,42,42,42,42,42,42,42,42,42,42,42,42,161,161,157,157,157,157,149,149,149,149,146],"gold":72,"neow_bonus":"BOSS_RELIC","is_daily":false,"chose_seed":false,"campfire_upgraded":4,"win_rate":0.0,"timestamp":1613144172,"path_taken":["M","?","?","?","M","E","?","R","T","M","?","E","M","M","R","BOSS","M","?","$","?","?","E","M","E","T","E","M","M","E","M","R","BOSS","M","$","M","?","$","R","E","R","T","M","E","M","M","E","R","BOSS","M","M","?","$","R","M","R","$","?","BOSS"],"items_purchased_type":["Relic","Relic","Relic","Card","Relic","Relic","Relic","Relic","Relic","Card"],"build_version":"2020-12-22","purchased_purges":5,"victory":true,"max_hp_per_floor":[75,75,75,75,75,75,75,75,75,75,75,75,75,75,75,75,75,75,75,75,75,75,75,75,75,75,85,93,95,97,100,100,104,104,115,115,123,123,123,123,123,123,123,129,132,138,139,140,140,161,165,173,173,173,173,194,194,194,194,213],"card_choices":[{"not_picked":["Consume","Panic Button","Redo"],"picked":"SKIP","floor":1.0},{"not_picked":["MostiFishMod:ReprogramOld","Hologram","Streamline","Ball Lightning","REME_DataAnalysis"],"picked":"SKIP","floor":4.0},{"not_picked":["ReplayTheSpireMod:System Scan","MostiFishMod:PushDownKick","Stack","Hologram","Sweeping Beam"],"picked":"SKIP","floor":5.0},{"not_picked":["Conserve Battery","Go for the Eyes","Stack","Cold Snap","REME_Compress"],"picked":"SKIP","floor":6.0},{"not_picked":["Cold Snap","Capacitor","Undo","Compile Driver"],"picked":"ReplayTheSpireMod:Fabricate Wheel","floor":10.0},{"not_picked":["MostiFishMod:GatherIntelligence","Rebound","Compile Driver","Conserve Battery","ReplayTheSpireMod:Repulse"],"picked":"SKIP","floor":12.0},{"not_picked":["Sweeping Beam","Steam","Steam Power","Rip and Tear","Compile Driver"],"picked":"SKIP","floor":13.0},{"not_picked":["Glacier","Beam Cell","Hologram","Buffer","White Noise"],"picked":"SKIP","floor":14.0},{"not_picked":["MostiFishMod:Distribution","MostiFishMod:DawningShadow","MostiFishMod:Culaccino","Buffer"],"picked":"ReplayTheSpireMod:Fabricate Wheel","floor":16.0},{"not_picked":["Hologram+1","Barrage+1","ReplayTheSpireMod:System Scan","Go for the Eyes","Redo"],"picked":"SKIP","floor":18.0},{"not_picked":["Consume","MostiFishMod:ReprogramOld+1","Fusion","Glacier","Beam Cell"],"picked":"SKIP","floor":23.0},{"not_picked":["Sunder","MostiFishMod:PushDownKick","FIFO Queue","Sweeping Beam","ReplayGash+1"],"picked":"SKIP","floor":24.0},{"not_picked":["Turbo","MostiFishMod:Exploitation","Beam Cell","Sweeping Beam+1","Ball Lightning"],"picked":"SKIP","floor":25.0},{"not_picked":["Compile Driver","Buffer","Turbo+1","Sweeping Beam+1","Streamline"],"picked":"SKIP","floor":27.0},{"not_picked":["Barrage","MostiFishMod:IceShield","Stack+1","Turbo","BasicCrystalCard"],"picked":"SKIP","floor":28.0},{"not_picked":["BasicCrystalCard+1","Stack","Turbo","ReplayTheSpireMod:Calculation Training","Beam Cell"],"picked":"SKIP","floor":29.0},{"not_picked":["BasicCrystalCard+1","Conserve Battery+1","Coolheaded","Redo","Thunder Strike"],"picked":"SKIP","floor":30.0},{"not_picked":["Hologram+1","Steam","Go for the Eyes+1","Hello World","Sweeping Beam"],"picked":"SKIP","floor":31.0},{"not_picked":["Barrage","Cold Snap","Ball Lightning+1","Leap","Redo"],"picked":"SKIP","floor":35},{"not_picked":["Rebound","Sunder","Go for the Eyes+1","ReplayGash","Hologram+1"],"picked":"SKIP","floor":37},{"not_picked":["Rebound","Steam","MostiFishMod:FluxCapactior+1","Consume+1","Self Repair+1"],"picked":"SKIP","floor":41},{"not_picked":["ReplaySolidLightProjector+1","Redo+1","BootSequence+1","MostiFishMod:ReprogramOld+1","Go for the Eyes"],"picked":"SKIP","floor":44},{"not_picked":["Steam+1","MostiFishMod:PushDownKick+1","Aggregate","MostiFishMod:TalkingToTheRain","Turbo+1"],"picked":"SKIP","floor":45},{"not_picked":["Heatsinks","Aggregate","Defragment","Go for the Eyes+1","Conserve Battery"],"picked":"SKIP","floor":46},{"not_picked":["White Noise","Reinforced Body+1","Reprogram","Self Repair","Time Bomb"],"picked":"SKIP","floor":47},{"not_picked":["Auto Shields+1","Beam Cell","BasicCrystalCard","Tempest","Reinforced Body+1"],"picked":"SKIP","floor":48},{"not_picked":["Rebound","BasicCrystalCard+1","MostiFishMod:InterfaceCompatibility","Redo","Consume+1"],"picked":"SKIP","floor":51},{"not_picked":["Conserve Battery+1","Rebound","Panic Button+1","Loop+1","Barrage"],"picked":"SKIP","floor":52},{"not_picked":["Chaos+1","Ball Lightning+1","Redo+1","Consume+1"],"picked":"Gash+1","floor":56}],"player_experience":141754,"relics_obtained":[{"floor":1.0,"key":"SynthV:TestCard"},{"floor":1.0,"key":"AddBug"},{"floor":4.0,"key":"SecretRecord"},{"floor":6.0,"key":"REME_LimitBreaker"},{"floor":7.0,"key":"Oddly Smooth Stone"},{"floor":9.0,"key":"Dota2Spire:PowerTreads"},{"floor":12.0,"key":"Dota2Spire:ShadowBlade"},{"floor":14.0,"key":"SecretRecord"},{"floor":21.0,"key":"Ring of Hypnosis"},{"floor":21.0,"key":"ReplayTheSpireMod:Ring of Addiction"},{"floor":23.0,"key":"Bronze Scales"},{"floor":24.0,"key":"SecretRecord"},{"floor":25.0,"key":"Replay:Baseball"},{"floor":26.0,"key":"War Paint"},{"floor":27.0,"key":"ReplayTheSpireMod:TigerMarble"},{"floor":29.0,"key":"SecretRecord"},{"floor":30.0,"key":"Whetstone"},{"floor":41,"key":"Mercury Hourglass"},{"floor":43,"key":"Dota2Spire:AghanimScepter"},{"floor":44,"key":"SecretRecord"},{"floor":45,"key":"Dota2Spire:BattleFury"},{"floor":46,"key":"SecretRecord"},{"floor":48,"key":"Gambling Chip"},{"floor":49,"key":"Dota2Spire:HandOfMidas"},{"floor":51,"key":"paleoftheancients:SoulOfTheShowman"},{"floor":52,"key":"paleoftheancients:SoulOfTheTimeEater"},{"floor":52,"key":"SecretRecord"},{"floor":56,"key":"paleoftheancients:SoulOfTheBandit"}],"event_choices":[{"damage_healed":0,"gold_gain":999,"player_choice":"Sell","damage_taken":0,"max_hp_gain":0,"max_hp_loss":0,"event_name":"恩洛斯的盘子","floor":53,"relics_lost":["Runic Dome"],"gold_loss":0}],"is_beta":false,"boss_relics":[{"not_picked":["testmod-SaigiyounoYou","REME_DemonsWealth"],"picked":"Abe\u0027s Treasure"},{"not_picked":["Busted Crown","Snecko Eye"],"picked":"Fusion Hammer"}],"items_purged_floors":[8,15,36,54,58],"is_endless":false,"potions_floor_spawned":[1,4,12,14,16,23,25,27,30,35,46,47,52],"ascension_level":3}}