{"host":"06x7ibqulglyn97c","time":1613157260,"event":{"mods":["AchievementEnabler","BaseMod","Downfall","Minty Spire (QoL Compilation)","Rare Cards Sparkle","Relic Sorter","Relic Stats","StSLib","The Awakened One except there are too many feathers"],"gold_per_floor":[99,116,131,150,163,2,2,2,102,122,122,122,32,45,59,161,161,161,161,175,188,199,41,92,107,126,126,144,160,160,178,196,196,196,196],"floor_reached":33,"language":"ENG","playtime":3002,"items_purged":["hexamod:Strike"],"score":272,"play_id":"c8c16d3f-3531-48b9-bd91-cf22c8de015e","local_time":"20210212191420","is_ascension_mode":false,"campfire_choices":[{"data":"hexamod:Sear","floor":1.0,"key":"SMITH"},{"floor":8,"key":"REST"},{"data":"hexamod:FastForward","floor":12,"key":"SMITH"},{"data":"hexamod:StepThrough","floor":18,"key":"SMITH"},{"floor":27,"key":"REST"},{"floor":30,"key":"REST"}],"circlet_count":0,"master_deck":["hexamod:Strike","hexamod:Strike","hexamod:Defend","hexamod:Defend","hexamod:Defend","hexamod:Defend","hexamod:Sear+1","hexamod:Float","hexamod:DynamicBlow","hexamod:GhostOfSpireFuture","hexamod:AdvancingGuard","hexamod:FastForward+1","hexamod:SoulSteal","hexamod:StepThrough+1","hexamod:GhostOfSpireFuture","hexamod:SpectralAdrenaline","hexamod:WildfireWeapon","hexamod:ExtraCrispy+1","hexamod:ChargedBarrage+1","hexamod:ShieldOfDarkness","hexamod:ForkedFlame","hexamod:BurningTouch","hexamod:InspiringFlames","hexamod:GhostflameBarrier"],"relics":["hexamod:SpiritBrand","Mercury Hourglass","hexamod:IceCube","Strawberry","Centennial Puzzle"],"acts_visited":["Exordium","TheCity"],"potions_floor_usage":[10,13,16,16,20,29,32,32],"damage_taken":[{"damage":12.0,"enemies":"2 Louse","floor":2.0,"turns":3.0},{"damage":2.0,"enemies":"Small Slimes","floor":3.0,"turns":4.0},{"damage":8.0,"enemies":"Jaw Worm","floor":4.0,"turns":4.0},{"damage":19.0,"enemies":"Gremlin Gang","floor":5.0,"turns":6.0},{"damage":0,"enemies":"downfall:FleeingMerchant","floor":6,"turns":4},{"damage":1,"enemies":"Red Slaver","floor":10,"turns":3},{"damage":1,"enemies":"downfall:FleeingMerchant","floor":13,"turns":4},{"damage":1,"enemies":"2 Fungi Beasts","floor":14,"turns":3},{"damage":0,"enemies":"Exordium Wildlife","floor":15,"turns":2},{"damage":3,"enemies":"SI_SHIV_ARCHETYPE","floor":16,"turns":6},{"damage":5,"enemies":"Shell Parasite","floor":20,"turns":4},{"damage":9,"enemies":"Snake Plant","floor":21,"turns":4},{"damage":29,"enemies":"Sentry and Sphere","floor":22,"turns":6},{"damage":7,"enemies":"downfall:FleeingMerchant","floor":23,"turns":4},{"damage":5,"enemies":"Centurion and Healer","floor":25,"turns":5},{"damage":6,"enemies":"Snake Plant","floor":26,"turns":5},{"damage":1,"enemies":"Cultist and Chosen","floor":28,"turns":4},{"damage":21,"enemies":"3 Cultists","floor":29,"turns":5},{"damage":15,"enemies":"Snake Plant","floor":31,"turns":4},{"damage":6,"enemies":"Shelled Parasite and Fungi","floor":32,"turns":5},{"damage":31,"enemies":"IC_MUSHROOM_ARCHETYPE","floor":33,"turns":7}],"seed_played":"5386298785762076434","potions_obtained":[{"floor":5.0,"key":"Swift Potion"},{"floor":10,"key":"LiquidMemories"},{"floor":14,"key":"Slimebound:ThreeZeroPotion"},{"floor":15,"key":"FearPotion"},{"floor":16,"key":"Swift Potion"},{"floor":21,"key":"Dexterity Potion"},{"floor":28,"key":"GamblersBrew"},{"floor":29,"key":"GamblersBrew"}],"is_trial":false,"path_per_floor":["R","M","M","M","M","$","T","R","?","M","?","R","$","M","M","B",null,"R","?","M","M","M","$","T","M","M","R","M","M","R","M","M","B"],"character_chosen":"THE_SPIRIT","items_purchased":["hexamod:SoulSteal","hexamod:StepThrough","Strawberry"],"campfire_rested":3,"item_purchase_floors":[6,6,23],"current_hp_per_floor":[77,65,63,55,36,36,36,59,59,58,58,58,57,56,56,53,77,77,77,72,63,34,34,34,29,23,48,47,26,51,36,30,0,0,0],"gold":196,"neow_bonus":"TEN_PERCENT_HP_BONUS","is_daily":false,"chose_seed":false,"campfire_upgraded":3,"win_rate":0.0,"timestamp":1613157260,"path_taken":["R","M","M","M","M","$","T","R","?","M","?","R","$","M","M","BOSS","R","?","?","M","M","$","T","M","M","R","M","M","R","M","M","BOSS"],"items_purchased_type":["Card","Card","Relic"],"build_version":"2020-12-22","purchased_purges":1,"victory":false,"max_hp_per_floor":[77,77,77,77,77,77,77,77,77,77,77,77,77,77,77,77,77,77,77,77,77,77,84,84,84,84,84,84,84,84,84,84,84,84,84],"relic_stats":{"Centennial Puzzle":[21],"counters":[21,92],"obtain_stats":[{"Centennial Puzzle":24,"downfall:BrokenWingStatue":11,"Strawberry":23,"hexamod:SpiritBrand":0,"hexamod:IceCube":17,"Mercury Hourglass":7},{"Centennial Puzzle":14,"downfall:BrokenWingStatue":6,"Strawberry":14,"hexamod:SpiritBrand":0,"hexamod:IceCube":10,"Mercury Hourglass":5},{"Centennial Puzzle":57,"downfall:BrokenWingStatue":24,"Strawberry":57,"hexamod:SpiritBrand":0,"hexamod:IceCube":39,"Mercury Hourglass":21}],"Mercury Hourglass":[221]},"card_choices":[{"not_picked":["hexamod:GhostShield","hexamod:SwordOfDarkness"],"picked":"hexamod:DynamicBlow","floor":2.0},{"not_picked":["hexamod:GhostLash","hexamod:PhantomCloak"],"picked":"hexamod:GhostOfSpireFuture","floor":3.0},{"not_picked":["hexamod:StepThrough","hexamod:NightmareGuise"],"picked":"hexamod:AdvancingGuard","floor":4.0},{"not_picked":["hexamod:GhostLash","hexamod:EtherealExpedition"],"picked":"hexamod:FastForward","floor":5.0},{"not_picked":["hexamod:GhostShield","hexamod:GhostOfSpireFuture","hexamod:Incineration"],"picked":"SKIP","floor":6},{"not_picked":["hexamod:DynamicBlow","hexamod:FifthSeal"],"picked":"hexamod:GhostOfSpireFuture","floor":10},{"not_picked":["hexamod:SoulSteal","hexamod:BacktrackSmack","hexamod:UnleashSpirits"],"picked":"SKIP","floor":13},{"not_picked":["hexamod:ThirdSeal","hexamod:ShieldOfDarkness"],"picked":"hexamod:SpectralAdrenaline","floor":14},{"not_picked":["hexamod:Hexaguard","hexamod:Rewind","hexamod:BacktrackSmack"],"picked":"SKIP","floor":15},{"not_picked":["hexamod:GhostOfSpirePresent","hexamod:HexaLevel"],"picked":"hexamod:WildfireWeapon","floor":16},{"not_picked":["hexamod:NightmareGuise","hexamod:InspiringFlames"],"picked":"hexamod:ExtraCrispy+1","floor":20},{"not_picked":["hexamod:NightmareGuise","hexamod:Firestarter"],"picked":"hexamod:ChargedBarrage+1","floor":21},{"not_picked":["hexamod:Firestarter+1","hexamod:ThermalTransfer"],"picked":"hexamod:ShieldOfDarkness","floor":22},{"not_picked":["hexamod:AdvancingGuard","hexamod:RetreatToShadows+1"],"picked":"hexamod:ForkedFlame","floor":23},{"not_picked":["hexamod:AdvancingGuard","hexamod:FourthSeal"],"picked":"hexamod:BurningTouch","floor":25},{"not_picked":["hexamod:NightmareStrike","hexamod:BacktrackSmack+1","hexamod:HauntingEcho+1"],"picked":"SKIP","floor":26},{"not_picked":["hexamod:GhostShield","hexamod:EtherealExpedition","hexamod:NecessarySacrifice"],"picked":"SKIP","floor":28},{"not_picked":["hexamod:ThermalTransfer","hexamod:GhostLash"],"picked":"hexamod:InspiringFlames","floor":29},{"not_picked":["hexamod:HeatMetal+1","hexamod:Incineration+1"],"picked":"hexamod:GhostflameBarrier","floor":31},{"not_picked":["hexamod:RecurringNightmare","hexamod:NightmareGuise+1","hexamod:FourthSeal"],"picked":"SKIP","floor":32}],"player_experience":690404,"relics_obtained":[{"floor":7,"key":"Mercury Hourglass"},{"floor":24,"key":"Centennial Puzzle"}],"event_choices":[],"is_beta":false,"boss_relics":[{"not_picked":["Fusion Hammer","SlaversCollar"],"picked":"hexamod:IceCube"}],"items_purged_floors":[13],"is_endless":false,"potions_floor_spawned":[5,10,14,15,16,21,28,29],"killed_by":"IC_MUSHROOM_ARCHETYPE","ascension_level":0}}