{"host":"Lrdox","time":1613165075,"event":{"mods":["BaseMod","Colored Map","Minty Spire (QoL Compilation)","Relic Stats"],"gold_per_floor":[12,23,37,56,70,70,96,96,122,122,136,136,149,74,74,174,174,184,184,194,19,39,65,65,65,115,115,115,134,165,182,182,277,277,290,308,1307,1319,1319,1354,536,536,536,536,556,556,556],"floor_reached":46,"language":"ENG","playtime":3010,"items_purged":["Strike_G","Strike_G","Normality"],"score":689,"play_id":"0024585f-3fc3-4a8e-9bf8-274cf1132ab6","local_time":"20210212222435","is_ascension_mode":true,"campfire_choices":[{"data":"Neutralize","floor":6.0,"key":"SMITH"},{"floor":8.0,"key":"REST"},{"data":"Predator","floor":10.0,"key":"SMITH"},{"data":"Dash","floor":12.0,"key":"SMITH"},{"data":"Footwork","floor":15.0,"key":"SMITH"},{"data":"Malaise","floor":25.0,"key":"SMITH"},{"data":"Caltrops","floor":27.0,"key":"SMITH"},{"floor":32.0,"key":"REST"},{"floor":44,"key":"REST"}],"circlet_count":0,"master_deck":["Strike_G","Defend_G","Defend_G","Survivor","Neutralize+1","PiercingWail","Dash+1","Caltrops+1","Flying Knee","Predator+1","Blade Dance","Footwork+1","Malaise+1","Noxious Fumes+1","Finisher","Deadly Poison","Footwork","Footwork+1","Calculated Gamble+1","Malaise+1","Catalyst","Deadly Poison","A Thousand Cuts","PiercingWail+1","Normality","Venomology","Acrobatics"],"relics":["Ring of the Serpent","Pen Nib","Anchor","Snake Skull","Centennial Puzzle","Fusion Hammer","Oddly Smooth Stone","CeramicFish","Pear","OrangePellets","Ornamental Fan"],"acts_visited":["Exordium","TheCity","TheBeyond"],"potions_floor_usage":[45,46,46],"damage_taken":[{"damage":0.0,"enemies":"Cultist","floor":1.0,"turns":4.0},{"damage":0.0,"enemies":"2 Louse","floor":2.0,"turns":4.0},{"damage":0.0,"enemies":"Small Slimes","floor":3.0,"turns":4.0},{"damage":4.0,"enemies":"Red Slaver","floor":4.0,"turns":6.0},{"damage":5.0,"enemies":"Exordium Thugs","floor":5.0,"turns":5.0},{"damage":31.0,"enemies":"Gremlin Nob","floor":7.0,"turns":6.0},{"damage":0.0,"enemies":"Blue Slaver","floor":11.0,"turns":3.0},{"damage":0.0,"enemies":"Large Slime","floor":13.0,"turns":5.0},{"damage":8.0,"enemies":"Hexaghost","floor":16.0,"turns":8.0},{"damage":0.0,"enemies":"Shell Parasite","floor":18.0,"turns":7.0},{"damage":0.0,"enemies":"3 Byrds","floor":20.0,"turns":2.0},{"damage":3.0,"enemies":"Snake Plant","floor":22.0,"turns":5.0},{"damage":12.0,"enemies":"Book of Stabbing","floor":23.0,"turns":6.0},{"damage":0.0,"enemies":"Shelled Parasite and Fungi","floor":29.0,"turns":7.0},{"damage":20.0,"enemies":"Gremlin Leader","floor":30.0,"turns":10.0},{"damage":2.0,"enemies":"3 Cultists","floor":31.0,"turns":7.0},{"damage":19.0,"enemies":"Collector","floor":33.0,"turns":11.0},{"damage":7.0,"enemies":"Orb Walker","floor":35.0,"turns":5.0},{"damage":0.0,"enemies":"3 Shapes","floor":36.0,"turns":5.0},{"damage":33.0,"enemies":"Jaw Worm Horde","floor":38.0,"turns":7.0},{"damage":35.0,"enemies":"Nemesis","floor":40.0,"turns":7.0},{"damage":23,"enemies":"Sphere and 2 Shapes","floor":45,"turns":5},{"damage":47,"enemies":"Reptomancer","floor":46,"turns":3}],"seed_played":"355060074877049285","potions_obtained":[{"floor":5.0,"key":"SpeedPotion"},{"floor":7.0,"key":"GamblersBrew"},{"floor":11.0,"key":"SteroidPotion"},{"floor":13.0,"key":"DuplicationPotion"},{"floor":16.0,"key":"EntropicBrew"},{"floor":29.0,"key":"EntropicBrew"},{"floor":36.0,"key":"Swift Potion"},{"floor":40.0,"key":"EssenceOfSteel"},{"floor":45,"key":"EssenceOfSteel"}],"is_trial":false,"path_per_floor":["M","M","M","M","M","R","E","R","T","R","M","R","M","$","R","B",null,"M","?","M","$","M","E","?","R","T","R","?","M","E","M","R","B",null,"M","M","?","M","?","E","$","?","T","R","M","E"],"character_chosen":"THE_SILENT","items_purchased":["Footwork","CeramicFish","Pear","OrangePellets","Venomology"],"campfire_rested":3,"item_purchase_floors":[21,41,41,41,41],"current_hp_per_floor":[63,63,63,59,54,54,23,44,44,44,44,44,44,44,44,36,62,62,62,62,62,59,47,47,47,47,47,47,47,27,25,46,27,59,52,52,52,19,61,26,36,36,36,57,34,0,0],"gold":556,"neow_bonus":"REMOVE_TWO","is_daily":false,"chose_seed":false,"campfire_upgraded":6,"win_rate":0.0,"timestamp":1613165075,"path_taken":["M","?","M","M","M","R","E","R","T","R","M","R","?","$","R","BOSS","M","?","M","$","M","E","?","R","T","R","?","M","E","?","R","BOSS","M","M","?","M","?","E","$","?","T","R","M","E"],"items_purchased_type":["Card","Relic","Relic","Relic","Card"],"build_version":"2020-12-18","purchased_purges":3,"victory":false,"max_hp_per_floor":[70,70,70,70,70,70,70,70,70,70,70,70,70,70,70,70,70,70,70,70,70,70,70,70,70,70,70,70,70,70,70,70,70,70,70,70,70,70,61,61,71,71,71,71,71,71,71],"relic_stats":{"OrangePellets":[0],"Centennial Puzzle":[21],"counters":[23,132],"Ornamental Fan":[0],"CeramicFish":18,"Pen Nib":[16],"Snake Skull":[75],"obtain_stats":[{"OrangePellets":41,"Anchor":9,"Centennial Puzzle":30,"Pear":41,"Ornamental Fan":43,"CeramicFish":41,"Oddly Smooth Stone":40,"Pen Nib":7,"Snake Skull":23,"Fusion Hammer":34,"Ring of the Serpent":17,"Ring of the Snake":0},{"OrangePellets":21,"Anchor":6,"Centennial Puzzle":15,"Pear":21,"Ornamental Fan":21,"CeramicFish":21,"Oddly Smooth Stone":21,"Pen Nib":6,"Snake Skull":13,"Fusion Hammer":17,"Ring of the Serpent":9,"Ring of the Snake":0},{"OrangePellets":124,"Anchor":29,"Centennial Puzzle":82,"Pear":124,"Ornamental Fan":124,"CeramicFish":124,"Oddly Smooth Stone":124,"Pen Nib":29,"Snake Skull":65,"Fusion Hammer":100,"Ring of the Serpent":45,"Ring of the Snake":0}]},"card_choices":[{"not_picked":["Slice","Backstab"],"picked":"PiercingWail","floor":1.0},{"not_picked":["Underhanded Strike","Dodge and Roll"],"picked":"Dash","floor":2.0},{"not_picked":["Cloak And Dagger","Bouncing Flask"],"picked":"Caltrops","floor":3.0},{"not_picked":["Cloak And Dagger","Setup"],"picked":"Flying Knee","floor":4.0},{"not_picked":["Deflect","Finisher","Accuracy"],"picked":"SKIP","floor":5.0},{"not_picked":["Acrobatics","Slice"],"picked":"Predator","floor":7.0},{"not_picked":["Calculated Gamble","Choke"],"picked":"Blade Dance","floor":11.0},{"not_picked":["Bane","Sucker Punch"],"picked":"Footwork","floor":13.0},{"not_picked":["Doppelganger","Burst"],"picked":"Malaise","floor":16.0},{"not_picked":["Deflect+1","Outmaneuver"],"picked":"Noxious Fumes+1","floor":18.0},{"not_picked":["PiercingWail","Sucker Punch","Catalyst"],"picked":"SKIP","floor":20.0},{"not_picked":["Endless Agony","Dagger Throw"],"picked":"Footwork+1","floor":22.0},{"not_picked":["Finisher","Flechettes"],"picked":"Calculated Gamble+1","floor":23.0},{"not_picked":["Noxious Fumes","Sucker Punch+1","Slice"],"picked":"SKIP","floor":29.0},{"not_picked":["Deflect+1","Dagger Throw"],"picked":"Catalyst","floor":30.0},{"not_picked":["Eviscerate","Dagger Spray"],"picked":"Deadly Poison","floor":31.0},{"not_picked":["Phantasmal Killer","Grand Finale"],"picked":"A Thousand Cuts","floor":33.0},{"not_picked":["Poisoned Stab+1","Deadly Poison+1"],"picked":"PiercingWail+1","floor":35.0},{"not_picked":["Poisoned Stab","Terror","Slice"],"picked":"SKIP","floor":36.0},{"not_picked":["Dagger Spray","Backstab+1","Deflect"],"picked":"SKIP","floor":38.0},{"not_picked":["Underhanded Strike","Concentrate","Calculated Gamble"],"picked":"SKIP","floor":40.0},{"not_picked":["Grand Finale","Flying Knee+1","Acrobatics"],"picked":"SKIP","floor":45},{"not_picked":["Grand Finale","Flying Knee+1"],"picked":"Acrobatics","floor":45}],"player_experience":253959,"relics_obtained":[{"floor":7.0,"key":"Pen Nib"},{"floor":9.0,"key":"Anchor"},{"floor":23.0,"key":"Snake Skull"},{"floor":30.0,"key":"Centennial Puzzle"},{"floor":40.0,"key":"Oddly Smooth Stone"},{"floor":43,"key":"Ornamental Fan"}],"event_choices":[{"damage_healed":0.0,"max_hp_gain":0.0,"max_hp_loss":0.0,"gold_gain":0.0,"cards_transformed":["Strike_G","Defend_G"],"event_name":"Drug Dealer","player_choice":"Became Test Subject","floor":19.0,"gold_loss":0.0,"damage_taken":0.0,"cards_obtained":["Finisher","Deadly Poison"]},{"damage_healed":0.0,"max_hp_gain":0.0,"max_hp_loss":0.0,"gold_gain":0.0,"event_name":"Vampires","player_choice":"Ignored","floor":24.0,"gold_loss":0.0,"damage_taken":0.0},{"damage_healed":0.0,"max_hp_gain":0.0,"max_hp_loss":0.0,"gold_gain":0.0,"event_name":"Duplicator","player_choice":"Copied","floor":28.0,"gold_loss":0.0,"damage_taken":0.0,"cards_obtained":["Malaise"]},{"damage_healed":0.0,"max_hp_gain":0.0,"max_hp_loss":0.0,"gold_gain":999.0,"event_name":"MindBloom","player_choice":"Gold","floor":37.0,"gold_loss":0.0,"damage_taken":0.0,"cards_obtained":["Normality","Normality"]},{"damage_healed":61.0,"max_hp_gain":0.0,"max_hp_loss":9.0,"gold_gain":0.0,"event_name":"The Moai Head","player_choice":"Heal","floor":39.0,"gold_loss":0.0,"damage_taken":0.0},{"cards_removed":["Defend_G"],"damage_healed":0,"gold_gain":0,"player_choice":"Removed Skill","damage_taken":0,"max_hp_gain":0,"max_hp_loss":0,"event_name":"Falling","floor":42,"gold_loss":0}],"is_beta":true,"boss_relics":[{"not_picked":["Calling Bell","Runic Dome"],"picked":"Ring of the Serpent"},{"not_picked":["HoveringKite","SacredBark"],"picked":"Fusion Hammer"}],"items_purged_floors":[14,21,41],"is_endless":false,"potions_floor_spawned":[5,7,11,13,16,29,30,33,36,40,45],"killed_by":"Reptomancer","ascension_level":7}}