{"host":"kpyoctgc7jne3jiy","time":1613119272,"event":{"mods":["AchievementEnabler","BaseMod","Downfall","Minty Spire (QoL Compilation)","Relic Stats","StSLib"],"gold_per_floor":[99,110,121,141,153,178,251,251,269,282,69,82,82,67,87,184,184,184,194,212,223,23,42,65,65,76,92,92,92,92,77,97,197,197,197,210,224,224,243,243,266,286,302,329,329,341,58,71,91,91],"floor_reached":51,"language":"ENG","playtime":4820,"items_purged":["Slimebound:Strike_Slimebound","Slimebound:Strike_Slimebound"],"score":716,"play_id":"ca946332-2544-4eef-9914-e8244f9f7ba2","local_time":"20210212094112","is_ascension_mode":false,"campfire_choices":[{"data":"Slimebound:CorrosiveSpit","floor":1.0,"key":"SMITH"},{"data":"Slimebound:GoopSpray","floor":13,"key":"SMITH"},{"data":"Slimebound:LeadByExample","floor":18,"key":"SMITH"},{"data":"Slimebound:LivingWall","floor":25,"key":"SMITH"},{"data":"Slimebound:Split","floor":28,"key":"SMITH"},{"data":"Slimebound:MassFeed","floor":35,"key":"SMITH"},{"data":"Slimebound:Repurpose","floor":45,"key":"SMITH"}],"circlet_count":0,"master_deck":["Slimebound:Strike_Slimebound","Slimebound:Tackle","Slimebound:Defend_Slimebound","Slimebound:Defend_Slimebound","Slimebound:Defend_Slimebound","Slimebound:Defend_Slimebound","Slimebound:Split+1","Slimebound:CorrosiveSpit+1","Slimebound:ProtectTheBoss","Slimebound:FinishingTackle","Slimebound:ItLooksTasty","Slimebound:SlimeSpikes","Slimebound:LeadByExample+1","Slimebound:Schlurp","Slimebound:PrepareCrush","Slimebound:GoopSpray+1","Slimebound:Equalize","Slimebound:LivingWall","Slimebound:Prepare","Slimebound:SplitBruiser","Slimebound:MassRepurpose","Slimebound:Repurpose+1","Slimebound:SplitMire","Slimebound:LivingWall+1","expansioncontent:QuickStudy","Slimebound:LeechingTouch","Slimebound:Nibble+1","Slimebound:SplitAcid","Slimebound:MassFeed+1","Slimebound:SamplingLick+1","Clumsy","Slimebound:SpikyOuterGoop+1","Slimebound:LevelUp+1","Slimebound:FormOfPuddle","Slimebound:LeadByExample+1","Slimebound:LevelUp+1","Slimebound:AcidTongue","Slimebound:LeechEnergy"],"relics":["Slimebound:AbsorbEndCombat","Ice Cream","Meat on the Bone","Snecko Eye","Centennial Puzzle","Oddly Smooth Stone","Cursed Key","Vajra","Shuriken","OrangePellets","Frozen Egg 2"],"acts_visited":["Exordium","TheCity","TheBeyond"],"potions_floor_usage":[26,33,36,44,50,50],"damage_taken":[{"damage":7.0,"enemies":"2 Louse","floor":2.0,"turns":3.0},{"damage":0.0,"enemies":"Cultist","floor":3.0,"turns":4.0},{"damage":3.0,"enemies":"Jaw Worm","floor":4.0,"turns":5.0},{"damage":4.0,"enemies":"Blue Slaver","floor":5.0,"turns":5.0},{"damage":28,"enemies":"3 Sentries","floor":6,"turns":11},{"damage":14,"enemies":"Exordium Wildlife","floor":9,"turns":5},{"damage":0,"enemies":"Large Slime","floor":10,"turns":6},{"damage":5,"enemies":"downfall:FleeingMerchant","floor":11,"turns":4},{"damage":6,"enemies":"Blue Slaver","floor":12,"turns":3},{"damage":0,"enemies":"downfall:FleeingMerchant","floor":14,"turns":4},{"damage":3,"enemies":"3 Louse","floor":15,"turns":3},{"damage":8,"enemies":"IC_STATUS_ARCHETYPE","floor":16,"turns":8},{"damage":3,"enemies":"Spheric Guardian","floor":19,"turns":3},{"damage":0,"enemies":"Shell Parasite","floor":20,"turns":5},{"damage":3,"enemies":"Centurion and Healer","floor":21,"turns":5},{"damage":10,"enemies":"downfall:FleeingMerchant","floor":22,"turns":4},{"damage":29,"enemies":"Snake Plant","floor":23,"turns":7},{"damage":5,"enemies":"Shelled Parasite and Fungi","floor":26,"turns":6},{"damage":1,"enemies":"Chosen and Byrds","floor":27,"turns":5},{"damage":0,"enemies":"downfall:FleeingMerchant","floor":31,"turns":4},{"damage":0,"enemies":"Snecko","floor":32,"turns":5},{"damage":36,"enemies":"SI_MIRROR_ARCHETYPE","floor":33,"turns":11},{"damage":15,"enemies":"3 Darklings","floor":36,"turns":6},{"damage":0,"enemies":"Orb Walker","floor":37,"turns":4},{"damage":24,"enemies":"Orb Walker","floor":38,"turns":5},{"damage":29,"enemies":"Spire Growth","floor":39,"turns":6},{"damage":13,"enemies":"Jaw Worm Horde","floor":42,"turns":6},{"damage":0,"enemies":"3 Darklings","floor":43,"turns":5},{"damage":43,"enemies":"Giant Head","floor":44,"turns":11},{"damage":7,"enemies":"Maw","floor":46,"turns":6},{"damage":5,"enemies":"downfall:FleeingMerchant","floor":47,"turns":3},{"damage":2,"enemies":"Spire Growth","floor":48,"turns":4},{"damage":10,"enemies":"Sphere and 2 Shapes","floor":49,"turns":5},{"damage":52,"enemies":"DF_ARCHETYPE_ORBS","floor":50,"turns":10}],"seed_played":"864858465632062975","potions_obtained":[{"floor":2.0,"key":"FearPotion"},{"floor":5.0,"key":"Ancient Potion"},{"floor":10,"key":"sneckomod:MuddlingPotion"},{"floor":12,"key":"BlessingOfTheForge"},{"floor":21,"key":"Guardian:BlockOnCardUsePotion"},{"floor":26,"key":"SkillPotion"},{"floor":32,"key":"Slimebound:ThreeZeroPotion"},{"floor":33,"key":"Slimebound:SpawnSlimePotion"},{"floor":37,"key":"SpeedPotion"},{"floor":39,"key":"Explosive Potion"}],"is_trial":false,"path_per_floor":["R","M","M","M","M","E","T","?","M","M","$","M","R","$","M","B",null,"R","M","M","M","$","M","T","R","M","M","R","?","?","$","M","B",null,"R","M","M","?","M","?","T","M","M","E","R","M","$","M","M","B",null],"character_chosen":"SLIMEBOUND","items_purchased":["Slimebound:GoopSpray","Slimebound:Equalize","expansioncontent:QuickStudy","Slimebound:AcidTongue","Slimebound:LeechEnergy","champ:CounterPotion","OrangePellets","Frozen Egg 2"],"campfire_rested":0,"item_purchase_floors":[11,11,22,47,47,47,47,47],"current_hp_per_floor":[71,66,70,71,69,43,43,71,61,69,68,67,67,71,70,71,71,71,71,71,71,71,48,48,48,59,71,71,71,71,71,71,47,71,71,64,71,55,46,46,46,49,65,46,46,55,66,74,80,48],"gold":91,"neow_bonus":"TEN_PERCENT_HP_BONUS","is_daily":false,"chose_seed":false,"campfire_upgraded":7,"win_rate":0.0,"timestamp":1613119272,"path_taken":["R","M","M","M","M","E","T","?","?","M","$","M","R","?","M","BOSS","R","M","M","M","$","M","T","R","M","M","R","?","?","?","M","BOSS","R","M","M","?","M","?","T","M","M","E","R","M","$","M","M","BOSS"],"items_purchased_type":["Card","Card","Card","Card","Card","Potion","Relic","Relic"],"build_version":"2020-12-22","purchased_purges":2,"victory":true,"max_hp_per_floor":[71,71,71,71,71,71,71,71,71,71,71,71,71,71,71,71,71,71,71,71,71,71,71,71,71,71,71,71,71,71,71,71,71,71,71,71,71,71,71,71,71,75,75,79,79,79,83,83,91,91],"relic_stats":{"OrangePellets":[5],"Centennial Puzzle":[39],"counters":[34,186],"Shuriken":[2],"Snecko Eye":[177,188,199,197],"Cursed Key":1,"obtain_stats":[{"Ice Cream":6,"OrangePellets":47,"Centennial Puzzle":24,"Shuriken":44,"Snecko Eye":17,"Oddly Smooth Stone":29,"Vajra":41,"Slimebound:AbsorbEndCombat":0,"Frozen Egg 2":47,"Cursed Key":34,"Meat on the Bone":7},{"Ice Cream":5,"OrangePellets":31,"Centennial Puzzle":17,"Shuriken":29,"Snecko Eye":12,"Oddly Smooth Stone":19,"Vajra":26,"Slimebound:AbsorbEndCombat":0,"Frozen Egg 2":31,"Cursed Key":22,"Meat on the Bone":5},{"Ice Cream":27,"OrangePellets":167,"Centennial Puzzle":84,"Shuriken":158,"Snecko Eye":60,"Oddly Smooth Stone":95,"Vajra":136,"Slimebound:AbsorbEndCombat":0,"Frozen Egg 2":167,"Cursed Key":115,"Meat on the Bone":27}],"Meat on the Bone":48},"card_choices":[{"not_picked":["Slimebound:FlameTackle","Slimebound:LeechingTouch"],"picked":"Slimebound:ProtectTheBoss","floor":2.0},{"not_picked":["Slimebound:PressTheAttack","Slimebound:SplitAcid"],"picked":"Slimebound:FinishingTackle","floor":3.0},{"not_picked":["Slimebound:LeadByExample","Slimebound:SplitLeeching"],"picked":"Slimebound:ItLooksTasty","floor":4.0},{"not_picked":["Slimebound:SamplingLick","Slimebound:SplitBruiser"],"picked":"Slimebound:SlimeSpikes","floor":5.0},{"not_picked":["Slimebound:SlimeSpikes","Slimebound:LeechingTouch"],"picked":"Slimebound:LeadByExample","floor":6},{"not_picked":["Slimebound:ViciousTackle","Slimebound:RollThrough"],"picked":"Slimebound:Schlurp","floor":9},{"not_picked":["Slimebound:SlimeBrawl","Slimebound:Nibble"],"picked":"Slimebound:PrepareCrush","floor":10},{"not_picked":["Slimebound:SplitAcid","Slimebound:SlimeBarrage","Slimebound:Gluttony"],"picked":"SKIP","floor":11},{"not_picked":["Slimebound:ViciousTackle","Slimebound:Schlurp"],"picked":"Slimebound:LivingWall","floor":12},{"not_picked":["Slimebound:Schlurp","Slimebound:LeechingTouch"],"picked":"Slimebound:Prepare","floor":14},{"not_picked":["Slimebound:SelfFormingGoo","Slimebound:Schlurp"],"picked":"Slimebound:SplitBruiser","floor":15},{"not_picked":["Slimebound:LeechLife","Slimebound:Teamwork"],"picked":"Slimebound:MassRepurpose","floor":16},{"not_picked":["Slimebound:Schlurp","Slimebound:LeechingTouch","Slimebound:FinishingTackle"],"picked":"SKIP","floor":19},{"not_picked":["Slimebound:FlameTackle","Slimebound:ComboTackle"],"picked":"Slimebound:Repurpose","floor":20},{"not_picked":["Slimebound:GoopSpray","Slimebound:HauntingLick"],"picked":"Slimebound:SplitMire","floor":21},{"not_picked":["Slimebound:Nibble","Slimebound:MinionMaster"],"picked":"Slimebound:LivingWall","floor":22},{"not_picked":["Slimebound:GoopSpray","Slimebound:SlimeSpikes"],"picked":"Slimebound:LeechingTouch","floor":23},{"not_picked":["Slimebound:SplitMire+1","Slimebound:ComboTackle+1"],"picked":"Slimebound:Nibble+1","floor":26},{"not_picked":["Slimebound:Prepare+1","Slimebound:LivingWall"],"picked":"Slimebound:OneTwoCombo","floor":27},{"not_picked":["Slimebound:LeechingTouch","Slimebound:FlameTackle"],"picked":"Slimebound:SplitAcid","floor":31},{"not_picked":["Slimebound:ItLooksTasty","Slimebound:LivingWall","Slimebound:SamplingLick"],"picked":"SKIP","floor":32},{"not_picked":["Slimebound:SelfFormingGoo","Slimebound:OozeBath"],"picked":"Slimebound:MassFeed","floor":33},{"not_picked":["Slimebound:Replication","Slimebound:PressTheAttack+1"],"picked":"Slimebound:SamplingLick+1","floor":36},{"not_picked":["Slimebound:RollThrough+1","Slimebound:ForwardTackle+1","Slimebound:Equalize"],"picked":"SKIP","floor":37},{"not_picked":["Slimebound:LeechingTouch","Slimebound:Nibble+1","Slimebound:GoopTackle+1"],"picked":"SKIP","floor":39},{"not_picked":["Slimebound:SamplingLick","Slimebound:PressTheAttack"],"picked":"Slimebound:SpikyOuterGoop+1","floor":42},{"not_picked":["Slimebound:SpikyOuterGoop+1","Slimebound:PressTheAttack"],"picked":"Slimebound:LevelUp+1","floor":43},{"not_picked":["Slimebound:Schlurp+1","Slimebound:LeechEnergy"],"picked":"Slimebound:FormOfPuddle","floor":44},{"not_picked":["Slimebound:Dissolve","Slimebound:SamplingLick"],"picked":"Slimebound:LeadByExample+1","floor":46},{"not_picked":["Slimebound:DuplicatedForm","Slimebound:SpikyOuterGoop+1"],"picked":"Slimebound:LevelUp+1","floor":47},{"not_picked":["Slimebound:LeadByExample+1","Slimebound:ItLooksTasty+1","Slimebound:GoopTackle+1"],"picked":"SKIP","floor":48},{"not_picked":["Slimebound:LivingWall","Slimebound:SplitBruiser+1","Slimebound:ViciousTackle"],"picked":"SKIP","floor":49}],"player_experience":358967,"relics_obtained":[{"floor":6,"key":"Ice Cream"},{"floor":7,"key":"Meat on the Bone"},{"floor":24,"key":"Centennial Puzzle"},{"floor":41,"key":"Vajra"},{"floor":44,"key":"Shuriken"}],"event_choices":[{"damage_healed":28,"gold_gain":0,"player_choice":"Full Heal","damage_taken":0,"max_hp_gain":0,"max_hp_loss":0,"event_name":"Wheel of Change","floor":8,"gold_loss":0},{"damage_healed":0,"gold_gain":0,"player_choice":"Ignored","damage_taken":0,"max_hp_gain":0,"max_hp_loss":0,"event_name":"Ghosts","floor":30,"gold_loss":0},{"cards_removed":["Slimebound:OneTwoCombo"],"damage_healed":0,"gold_gain":0,"player_choice":"Removed Attack","damage_taken":0,"max_hp_gain":0,"max_hp_loss":0,"event_name":"Falling","floor":40,"gold_loss":0}],"is_beta":false,"boss_relics":[{"not_picked":["Runic Pyramid","Tiny House"],"picked":"Snecko Eye"},{"not_picked":["Astrolabe","Pandora\u0027s Box"],"picked":"Cursed Key"}],"items_purged_floors":[11,47],"is_endless":false,"potions_floor_spawned":[2,5,10,12,21,23,26,32,33,37,39,48],"ascension_level":0}}