{"host":"fortuna","time":1613139267,"event":{"mods":["100% Spire Juice","Act Like it!","Arknights","BaseMod","CapriCore","Gensokyo","Hallownest","Koishi","Minty Spire (QoL Compilation)","MostiFishMod","Reimu£®≤©¿ˆ¡È√Œ£©","Relic Stats","StSLib","The Animator","The Bug Knight","The Immortal","Waifu the Spire","WarShipGirlsR/’ΩΩ¢…Ÿ≈ÆR mod","Yakumo Yukari mod"],"gold_per_floor":[109,127,127,127,141,168,178,206,230,230,37,65,65,78,78,176,176,196,209,219,219,219,219,219],"floor_reached":23,"language":"ZHS","playtime":1220,"items_purged":["HollowMod:NailStrikeStart"],"score":229,"play_id":"e72a84f1-2ee8-4b3f-8787-32be5eb08275","local_time":"20210212221427","is_ascension_mode":true,"campfire_choices":[{"data":"HollowMod:VengefulVoid","floor":13,"key":"SMITH"},{"floor":15,"key":"REST"}],"circlet_count":0,"master_deck":["HollowMod:NailStrikeStart","HollowMod:QuickDashStart","HollowMod:QuickDashStart","HollowMod:QuickDashStart","HollowMod:QuickDashStart","HollowMod:FocusHealStart","HollowMod:PogoStrike","HollowMod:VengefulVoid+1","HollowMod:VengefulVoid","HollowMod:CloakDash","HollowMod:NewJinnsSoul","HollowMod:BlackTendrils","HollowMod:Weaversong","HollowMod:SharpenedShadows","HollowMod:DescendingDark","HollowMod:VoidDash","HollowMod:GrimmsGift+1","HollowMod:AbyssShriek"],"relics":["HollowMod:VesselMask","DaveBox","HollowMod:MillibellesNoteRelic","SynthV:TestCard","SynthV","Ornamental Fan","Pen Nib","Hallownest:DreamNailRelic","Art of War","GuanYuAspect"],"acts_visited":["Hallownest:Greenpath","Hallownest:CityofTears"],"potions_floor_usage":[8,14],"damage_taken":[{"damage":3,"enemies":"Hallownest:2_MossCreeps","floor":1,"turns":4},{"damage":4,"enemies":"Hallownest:monsterHuskWarrior","floor":2,"turns":3},{"damage":4,"enemies":"Hallownest:2_Baldur","floor":5,"turns":3},{"damage":28,"enemies":"Hallownest:eliteCrystalGuardian","floor":6,"turns":7},{"damage":12,"enemies":"Hallownest:1_Ooma_and_2_Uuma","floor":7,"turns":7},{"damage":3,"enemies":"Hallownest:eliteVengeflyKing","floor":8,"turns":5},{"damage":12,"enemies":"Hallownest:eliteCrystalGuardian","floor":12,"turns":5},{"damage":18,"enemies":"Hallownest:1_Baldur_1_Crawlid_1_Warrior","floor":14,"turns":4},{"damage":45,"enemies":"Hallownest:BossBrokenVessel","floor":16,"turns":13},{"damage":23,"enemies":"Hallownest:2_Mistakes","floor":18,"turns":5},{"damage":6,"enemies":"Hallownest:Flukemon_and_Top","floor":19,"turns":3},{"damage":37,"enemies":"Hallownest:monsterMisterMushroom","floor":20,"turns":6},{"damage":31,"enemies":"Hallownest:eliteSoulWarrior","floor":23,"turns":3}],"seed_played":"-4205750599316801998","potions_obtained":[{"floor":2,"key":"LiquidMemories"},{"floor":6,"key":"Fire Potion"},{"floor":8,"key":"GamblersBrew"},{"floor":16,"key":"Dexterity Potion"}],"is_trial":false,"path_per_floor":["M","M","?","?","M","E","M","E","T","?","$","E","R","M","R","B",null,"M","M","M","?","?","E"],"character_chosen":"THE_BUGKNIGHT","items_purchased":["HollowMod:SharpenedShadows","HollowMod:DescendingDark"],"campfire_rested":1,"item_purchase_floors":[11,11],"current_hp_per_floor":[72,68,68,68,64,42,36,55,55,55,55,45,45,29,51,8,38,37,38,12,12,12,0,0],"gold":219,"neow_bonus":"RANDOM_COMMON_RELIC","is_daily":false,"chose_seed":false,"campfire_upgraded":1,"win_rate":0.0,"timestamp":1613139267,"path_taken":["M","M","?","?","M","E","M","E","T","?","$","E","R","M","R","BOSS","M","?","?","?","?","E"],"items_purchased_type":["Card","Card"],"build_version":"2020-12-18","purchased_purges":1,"victory":false,"max_hp_per_floor":[75,75,75,75,75,75,75,75,75,75,75,75,75,75,75,75,38,38,38,38,38,38,38,38],"relic_stats":{"counters":[13,68],"Ornamental Fan":[68],"Pen Nib":[7],"Art of War":[1],"obtain_stats":[{"SynthV:TestCard":1,"DaveBox":0,"GuanYuAspect":17,"SynthV":1,"Ornamental Fan":6,"HollowMod:VesselMask":0,"Pen Nib":8,"Hallownest:DreamNailRelic":10,"Art of War":12,"HollowMod:MillibellesNoteRelic":0},{"SynthV:TestCard":1,"DaveBox":0,"GuanYuAspect":9,"SynthV":1,"Ornamental Fan":4,"HollowMod:VesselMask":0,"Pen Nib":6,"Hallownest:DreamNailRelic":6,"Art of War":7,"HollowMod:MillibellesNoteRelic":0},{"SynthV:TestCard":4,"DaveBox":0,"GuanYuAspect":51,"SynthV":4,"Ornamental Fan":17,"HollowMod:VesselMask":0,"Pen Nib":29,"Hallownest:DreamNailRelic":29,"Art of War":34,"HollowMod:MillibellesNoteRelic":0}]},"card_choices":[{"not_picked":["HollowMod:SharpenedNail","HollowMod:FallenFury"],"picked":"HollowMod:VengefulVoid","floor":1},{"not_picked":["HollowMod:PureNailStrike","HollowMod:LifebloodCocoon","HollowMod:CloakDash","HollowMod:HowlingWraiths"],"picked":"HollowMod:VengefulVoid","floor":2},{"not_picked":["HollowMod:RecoilStrike","HollowMod:QuirrelsAssistance","HollowMod:LifebloodCore","HollowMod:MothsMistake"],"picked":"HollowMod:CloakDash","floor":5},{"not_picked":["HollowMod:CoiledNail","HollowMod:TaintedHusks","HollowMod:DungDefenderAura","HollowMod:InfectedAttack"],"picked":"HollowMod:NewJinnsSoul","floor":6},{"not_picked":["HollowMod:NewJinnsSoul","HollowMod:SharpenedNail","HollowMod:HeavyBlow","HollowMod:HowlingWraiths"],"picked":"HollowMod:BlackTendrils","floor":7},{"not_picked":["HollowMod:SoulVessel","HollowMod:HuntersJournal","HollowMod:WraithStrike","HollowMod:HeavyBlow"],"picked":"HollowMod:Weaversong","floor":8},{"not_picked":["HollowMod:CycloneSlash","HollowMod:TaintedHusks","HollowMod:HowlingWraiths","HollowMod:NewGlowingWomb","HollowMod:GoodIntentions"],"picked":"SKIP","floor":12},{"not_picked":["HollowMod:CycloneSlash","HollowMod:SoulEater","HollowMod:CrystalDash","HollowMod:InfectedCysts","HollowMod:ZotesMagnificence"],"picked":"SKIP","floor":14},{"not_picked":["HollowMod:PureVessel","HollowMod:ElderbugsWisdom","HollowMod:LifebloodCore","HollowMod:HornetsHelp"],"picked":"HollowMod:VoidDash","floor":16},{"not_picked":["HollowMod:ChannelNail","HollowMod:DoubleDash","HollowMod:HeavyBlow","HollowMod:QuirrelsAssistance"],"picked":"HollowMod:GrimmsGift+1","floor":18},{"not_picked":["HollowMod:NewLittleFool","HollowMod:CornifersMapStart","HollowMod:DesolateDive","HollowMod:LifebloodCocoon+1","HollowMod:SoulSplash+1"],"picked":"SKIP","floor":19},{"not_picked":["HollowMod:HeavyBlow+1","HollowMod:DoubleDash+1","HollowMod:LifebloodCocoon","HollowMod:MothsMistake+1"],"picked":"HollowMod:AbyssShriek","floor":20}],"player_experience":373777,"relics_obtained":[{"floor":1,"key":"SynthV:TestCard"},{"floor":6,"key":"Ornamental Fan"},{"floor":8,"key":"Pen Nib"},{"floor":12,"key":"Art of War"}],"event_choices":[],"is_beta":true,"boss_relics":[{"not_picked":["Ectoplasm","Runic Pyramid"],"picked":"GuanYuAspect"}],"items_purged_floors":[11],"is_endless":false,"potions_floor_spawned":[2,6,8,12,16,19],"killed_by":"Hallownest:eliteSoulWarrior","ascension_level":2}}