{"host":"zcipiasjj2sqh3bo","time":1613092784,"event":{"mods":["BaseMod","Colored Map","Colored Powertips","Downfall","Minty Spire (QoL Compilation)","Replay The Spire","StSLib"],"gold_per_floor":[99,111,130,130,142,171,220,20,20,20,36,36,21,53,70,167,167,167,182,182,201,221,321,398,298,344,358,358,392,392,406,423,520,520,520,520,534,544,559,559,559,590,605,622,622,642,642,128,143,143,143,176,6,6,6,6,6,6],"floor_reached":56,"language":"ENG","playtime":5379,"items_purged":["Hallucinations","Hallucinations"],"score":736,"play_id":"55550f08-9664-41bf-a08f-67c8f3ba9b69","local_time":"20210211201944","is_ascension_mode":false,"campfire_choices":[{"floor":1.0,"key":"RECALL"},{"data":"Guardian:Repulse","floor":8.0,"key":"SMITH"},{"data":"Guardian:ChargeUp","floor":10.0,"key":"SMITH"},{"floor":18.0,"key":"DIG"},{"data":"Guardian:RefractedBeam+1","floor":25.0,"key":"SMITH"},{"floor":30.0,"key":"REST"},{"floor":35,"key":"DIG"},{"data":"Amnesia","floor":40,"key":"PURGE"},{"floor":45,"key":"REST"},{"floor":47,"key":"REST"},{"floor":54,"key":"REST"}],"circlet_count":1,"master_deck":["Guardian:Strike_Guardian","Guardian:Defend_Guardian","Guardian:Defend_Guardian","Guardian:Defend_Guardian","Guardian:CurlUp","Guardian:TwinSlam","Guardian:SentryBeam","Guardian:BodySlam","Guardian:WalkerClaw+1","Guardian:PolyBeam","Guardian:FastForward","Guardian:ChargeUp+1","Guardian:Repulse+1","Guardian:DonusPower","Guardian:PiercingHide+1","Guardian:PolyBeam","Guardian:SentryBeam","Guardian:RevengeProtocol","Guardian:RefractedBeam+3","Guardian:BronzeArmor","CommonCold","Guardian:StasisStrike","Guardian:PiercingHide+1","Guardian:ShieldSpikes","Guardian:Orbwalk+1","Guardian:Clone+1","Guardian:Repulse","expansioncontent:StudyTheSpire","Guardian:WalkerClaw+1","expansioncontent:AwakenDeath"],"relics":["Guardian:ModeShifter","Simple Rune","downfall:HeartBlessingRed","downfall:HeartBlessingBlue","Juzu Bracelet","Cursed Key","Pantograph","Nilry\u0027s Codex","Chameleon Ring","Gambling Chip","Replay:Bottled Eggs","downfall:HeartBlessingGreen","Pen Nib","Circlet","Peace Pipe","Prayer Wheel","Iron Hammer","Membership Card","Bronze Scales","Gremlin Food","Guardian:DefensiveModeMoreBlock","Guardian:StasisUpgradeRelic"],"acts_visited":["Exordium","TheCity","TheBeyond","TheEnding"],"potions_floor_usage":[39,42,42,46,50,50],"damage_taken":[{"damage":0.0,"enemies":"Small Slimes","floor":2.0,"turns":3.0},{"damage":0.0,"enemies":"Cultist","floor":3.0,"turns":4.0},{"damage":0.0,"enemies":"2 Louse","floor":5.0,"turns":3.0},{"damage":16.0,"enemies":"Lagavulin","floor":6.0,"turns":4.0},{"damage":11.0,"enemies":"Blue Slaver","floor":11.0,"turns":3.0},{"damage":2.0,"enemies":"downfall:FleeingMerchant","floor":13.0,"turns":4.0},{"damage":31.0,"enemies":"Gremlin Nob","floor":14.0,"turns":4.0},{"damage":4.0,"enemies":"3 Louse","floor":15.0,"turns":2.0},{"damage":3.0,"enemies":"DF_ARCHETYPE_STREAMLINE","floor":16.0,"turns":8.0},{"damage":0.0,"enemies":"Spheric Guardian","floor":19.0,"turns":3.0},{"damage":10.0,"enemies":"3 Byrds","floor":21.0,"turns":3.0},{"damage":2.0,"enemies":"Sentry and Sphere","floor":22.0,"turns":5.0},{"damage":9.0,"enemies":"WA_ARCHETYPE_RETAIN","floor":23.0,"turns":5.0},{"damage":5.0,"enemies":"Snake Plant","floor":27.0,"turns":4.0},{"damage":17.0,"enemies":"Gremlin Leader","floor":29.0,"turns":4.0},{"damage":0.0,"enemies":"Snecko","floor":31.0,"turns":3.0},{"damage":6.0,"enemies":"3 Cultists","floor":32.0,"turns":4.0},{"damage":82.0,"enemies":"IC_MUSHROOM_ARCHETYPE","floor":33.0,"turns":8.0},{"damage":5,"enemies":"3 Shapes","floor":37,"turns":5},{"damage":0,"enemies":"Orb Walker","floor":38,"turns":2},{"damage":1,"enemies":"Writhing Mass","floor":39,"turns":7},{"damage":3,"enemies":"Reptomancer","floor":42,"turns":6},{"damage":28,"enemies":"Sphere and 2 Shapes","floor":43,"turns":6},{"damage":0,"enemies":"Jaw Worm Horde","floor":44,"turns":4},{"damage":0,"enemies":"Maw","floor":46,"turns":7},{"damage":0,"enemies":"downfall:FleeingMerchant","floor":48,"turns":4},{"damage":13,"enemies":"Sphere and 2 Shapes","floor":49,"turns":3},{"damage":11,"enemies":"SI_POISON_ARCHETYPE","floor":50,"turns":6},{"damage":51,"enemies":"downfall:CharBossMerchant","floor":52,"turns":8},{"damage":52,"enemies":"downfall:NeowBoss","floor":55,"turns":19},{"damage":125,"enemies":"downfall:NeowBossFinal","floor":56,"turns":6}],"seed_played":"-8062079759925587706","potions_obtained":[{"floor":2.0,"key":"sneckomod:MuddlingPotion"},{"floor":3.0,"key":"bronze:BurnAndBuffPotion"},{"floor":6.0,"key":"Flashbang"},{"floor":11.0,"key":"AttackPotion"},{"floor":16.0,"key":"EssenceOfSteel"},{"floor":27.0,"key":"Guardian:DefensiveModePotion"},{"floor":44,"key":"Languid Potion"},{"floor":49,"key":"hexamod:SoulburnPotion"}],"is_trial":false,"path_per_floor":["R_BF","M","M","?","M","E","T","R","?","R","M","?","$","E","M","B",null,"R_BF","M","?","M","M","?","T","R","T","M","?","E","R","M","M","B",null,"R_BF","?","M","M","M","R","T","E","M","M","R","M","R","$","M","B",null,"E","$","R","B","B"],"character_chosen":"GUARDIAN","items_purchased":["Membership Card","Bronze Scales","Gremlin Food","expansioncontent:StudyTheSpire","SteroidPotion","Guardian:StasisUpgradeRelic","expansioncontent:AwakenDeath"],"campfire_rested":4,"item_purchase_floors":[48,48,48,48,48,53,53],"current_hp_per_floor":[80,80,80,80,80,64,64,74,74,74,63,63,61,30,26,23,90,90,90,74,64,62,78,78,78,78,73,73,56,83,90,84,8,90,90,90,85,85,84,84,84,81,53,53,80,80,90,90,77,79,90,39,39,66,38,0,0,0],"gold":6,"neow_bonus":"TRANSFORM_CARD","is_daily":false,"chose_seed":false,"campfire_upgraded":3,"win_rate":0.0,"timestamp":1613092784,"path_taken":["R_BF","M","M","?","?","E","T","R","?","R","M","?","$","E","M","BOSS","R_BF","M","?","M","M","?","T","R","?","M","?","E","R","M","M","BOSS","R_BF","?","M","M","M","R","T","E","M","M","R","M","R","$","M","BOSS","E","$","R","BOSS","BOSS"],"items_purchased_type":["Relic","Relic","Relic","Card","Potion","Relic","Card"],"build_version":"2020-12-22","purchased_purges":2,"victory":false,"max_hp_per_floor":[80,80,80,80,80,80,80,90,90,90,90,90,90,90,90,90,90,90,90,90,90,90,90,90,90,90,90,90,90,90,90,90,90,90,90,90,90,90,90,90,90,90,90,90,90,90,90,90,90,90,90,90,90,90,90,90,90,90],"card_choices":[{"not_picked":["Guardian:WalkerClaw","Guardian:Gem_Cyan"],"picked":"Guardian:BodySlam","floor":2.0},{"not_picked":["Guardian:Gem_Red","Guardian:Gem_Green"],"picked":"Guardian:WalkerClaw","floor":3.0},{"not_picked":["Guardian:Gem_Red","Guardian:Recover"],"picked":"Guardian:Gem_Cyan","floor":5.0},{"not_picked":["Guardian:PrismaticBarrier","Guardian:TemporalStrike"],"picked":"Guardian:Repulse","floor":6.0},{"not_picked":["Guardian:Gem_Lightblue","Guardian:Gem_Green"],"picked":"Guardian:DonusPower","floor":11.0},{"not_picked":["Guardian:Recover","Guardian:Suspension"],"picked":"Guardian:PiercingHide","floor":13.0},{"not_picked":["Guardian:RollAttack","Guardian:GuardianWhirl"],"picked":"Guardian:PolyBeam","floor":14.0},{"not_picked":["Guardian:Planning","Guardian:Gem_Yellow"],"picked":"Guardian:SentryBeam","floor":15.0},{"not_picked":["Guardian:StasisField","Guardian:Gem_Synthetic"],"picked":"Guardian:RevengeProtocol","floor":16.0},{"not_picked":["Guardian:Gem_Red","Guardian:Gem_Lightblue"],"picked":"Guardian:RefractedBeam+1","floor":19.0},{"not_picked":["Guardian:PrismaticBarrier","Guardian:TimeCapacitor"],"picked":"Guardian:BronzeArmor","floor":21.0},{"not_picked":["Guardian:TimeCapacitor","Guardian:Gem_Lightblue"],"picked":"Guardian:Gem_Blue","floor":22.0},{"not_picked":["Guardian:PolyBeam","Guardian:TemporalShield","Guardian:Planning"],"picked":"SKIP","floor":27.0},{"not_picked":["Guardian:PrimingBeam","Guardian:ExploitGems"],"picked":"Guardian:Gem_Purple","floor":29.0},{"not_picked":["Guardian:Recover","Guardian:RollAttack+1","Guardian:RefractedBeam"],"picked":"SKIP","floor":31.0},{"not_picked":["Guardian:GuardianWhirl","Guardian:Reroute+1","Guardian:Planning+1"],"picked":"SKIP","floor":32.0},{"not_picked":["Guardian:TimeSifter","Guardian:FastForward"],"picked":"Guardian:StasisStrike","floor":33.0},{"not_picked":["Guardian:BronzeArmor","Guardian:CrystalBeam+1"],"picked":"Guardian:Gem_Cyan","floor":37},{"not_picked":["Guardian:Gem_Purple","Guardian:BronzeArmor"],"picked":"Guardian:PiercingHide+1","floor":38},{"not_picked":["Guardian:Gem_Yellow","Guardian:ShieldCharger+1","Guardian:Gem_Lightblue"],"picked":"SKIP","floor":39},{"not_picked":["Guardian:Gem_Yellow","Guardian:Reroute"],"picked":"Guardian:ShieldSpikes","floor":42},{"not_picked":["Guardian:Gem_Cyan","Guardian:Gem_Lightblue"],"picked":"Guardian:Gem_Purple","floor":43},{"not_picked":["Guardian:FuturePlans+1","Guardian:RevengeProtocol","Guardian:ShieldCharger"],"picked":"SKIP","floor":43},{"not_picked":["Guardian:EvasiveProtocol","Guardian:Gem_Fragmented"],"picked":"Guardian:Orbwalk+1","floor":44},{"not_picked":["Guardian:Gem_Blue","Guardian:RollAttack"],"picked":"Guardian:Clone+1","floor":44},{"not_picked":["Guardian:ArmoredProtocol","Guardian:Gem_Red"],"picked":"Guardian:Gem_Crimson","floor":46},{"not_picked":["Guardian:PrismaticBeam+1","Guardian:RefractedBeam","Guardian:Gem_Purple"],"picked":"SKIP","floor":46},{"not_picked":["Guardian:Reroute+1","Guardian:Gem_Red"],"picked":"Guardian:Repulse","floor":48},{"not_picked":["Guardian:Repulse","Guardian:Gem_Lightblue","Guardian:Planning+1"],"picked":"SKIP","floor":49},{"not_picked":["Guardian:ShieldCharger+1","Guardian:Incinerate","Guardian:ChargeUp"],"picked":"SKIP","floor":49},{"not_picked":["Guardian:Recover+1","Guardian:Gem_Red"],"picked":"Guardian:WalkerClaw+1","floor":52}],"player_experience":993537,"relics_obtained":[{"floor":6.0,"key":"Simple Rune"},{"floor":14.0,"key":"Juzu Bracelet"},{"floor":18.0,"key":"Pantograph"},{"floor":20.0,"key":"Nilry\u0027s Codex"},{"floor":23.0,"key":"Chameleon Ring"},{"floor":23.0,"key":"Gambling Chip"},{"floor":24.0,"key":"Replay:Bottled Eggs"},{"floor":26.0,"key":"Pen Nib"},{"floor":29.0,"key":"Dead Branch"},{"floor":35,"key":"Peace Pipe"},{"floor":41,"key":"Prayer Wheel"},{"floor":42,"key":"Iron Hammer"},{"floor":52,"key":"Guardian:DefensiveModeMoreBlock"}],"event_choices":[{"damage_healed":0.0,"max_hp_gain":0.0,"max_hp_loss":0.0,"gold_gain":0.0,"cards_transformed":["Amnesia","Regret"],"event_name":"Drug Dealer","player_choice":"Became Test Subject","floor":28.0,"gold_loss":0.0,"damage_taken":0.0,"cards_obtained":["CommonCold","Amnesia"]}],"is_beta":false,"boss_relics":[{"not_picked":["Runic Pyramid","Replay:Wanted Poster"],"picked":"Cursed Key"},{"not_picked":["Snecko Heart","Snecko Eye","Runic Dome"]}],"items_purged_floors":[48,53],"is_endless":false,"potions_floor_spawned":[2,3,6,11,16,21,27,29,31,32,38,44,49],"killed_by":"downfall:NeowBossFinal","ascension_level":0}}