{"host":"ajxvnmsjfcleb5r5","time":1613146563,"event":{"mods":["2.2 Compatiblity","AchievementEnabler","BaseMod","Beaked The Cultist","Card Forge","Colored Powertips","DNKmod","Downfall","Friendly Minions","Minty Spire (QoL Compilation)","Quick Restart","StSLib","SuperFastMode"],"gold_per_floor":[99,117,136,146,159,159,214,214,44,44,54,39,53,63,83,83,83,83],"floor_reached":16,"language":"ENG","playtime":790,"items_purged":[],"score":96,"play_id":"324e93d2-cc83-49a8-a0d7-d7ab2b3e26d2","local_time":"20210213011603","is_ascension_mode":false,"campfire_choices":[{"data":"champ:Taunt","floor":1,"key":"SMITH"}],"circlet_count":0,"master_deck":["champ:Strike","champ:Strike","champ:Strike","champ:Strike","champ:Defend","champ:Defend","champ:Defend","champ:Defend","champ:Execute","champ:Taunt+1","champ:EnragedBash","champ:FanOfKnives","champ:Shatter","champ:DeathBlow","champ:SteelEdge","champ:FaceSlap","champ:FanOfKnives","champ:ShieldSlam"],"relics":["champ:ChampionCrown","Hammer of Thor","Seething Fire","Anvil of the Gods","MealTicket","Bronze Scales","downfall:ShatteredFragment","Membership Card"],"acts_visited":["Exordium"],"potions_floor_usage":[16,16],"damage_taken":[{"damage":20,"enemies":"Cultist","floor":2,"turns":3},{"damage":17,"enemies":"Small Slimes","floor":3,"turns":4},{"damage":28,"enemies":"Jaw Worm","floor":4,"turns":4},{"damage":51,"enemies":"Gremlin Gang","floor":5,"turns":4},{"damage":40,"enemies":"downfall:FleeingMerchant","floor":9,"turns":4},{"damage":15,"enemies":"2 Fungi Beasts","floor":11,"turns":3},{"damage":25,"enemies":"downfall:FleeingMerchant","floor":12,"turns":4},{"damage":15,"enemies":"Large Slime","floor":13,"turns":4},{"damage":5,"enemies":"Gremlin Gang","floor":14,"turns":3},{"damage":8,"enemies":"Lots of Slimes","floor":15,"turns":2},{"damage":55,"enemies":"IC_STATUS_ARCHETYPE","floor":16,"turns":4}],"seed_played":"-1454430391256892899","potions_obtained":[{"floor":2,"key":"ColorlessPotion"},{"floor":5,"key":"DuplicationPotion"},{"floor":11,"key":"LiquidBronze"}],"is_trial":false,"path_per_floor":["R","M","M","M","M","?","T","?","$","T","M","$","M","M","M","B"],"character_chosen":"THE_CHAMP","items_purchased":["Membership Card"],"campfire_rested":0,"item_purchase_floors":[9],"current_hp_per_floor":[99,99,92,79,58,46,46,19,24,24,24,29,29,29,26,0,0,0],"gold":83,"neow_bonus":"TEN_PERCENT_HP_BONUS","is_daily":false,"chose_seed":false,"campfire_upgraded":1,"win_rate":0.0,"timestamp":1613146563,"path_taken":["R","M","?","M","M","?","T","?","$","?","M","$","M","?","M","BOSS"],"items_purchased_type":["Relic"],"build_version":"2020-12-22","purchased_purges":0,"victory":false,"max_hp_per_floor":[99,99,99,99,99,99,99,99,99,99,99,99,99,99,99,99,99,99],"card_choices":[{"not_picked":["champ:CrownThrow","champ:FancyFootwork"],"picked":"champ:EnragedBash","floor":2},{"not_picked":["champ:GutPunch","champ:FaceSlap"],"picked":"champ:FanOfKnives","floor":3},{"not_picked":["champ:GutPunch","champ:CrownThrow"],"picked":"champ:Shatter","floor":4},{"not_picked":["champ:AdrenalArmor","champ:ArenaPreparation"],"picked":"champ:DeathBlow","floor":5},{"not_picked":["champ:BladeFlurry","champ:CrownThrow"],"picked":"champ:SteelEdge","floor":9},{"not_picked":["champ:Shatter","champ:FlashCut","champ:Backstep"],"picked":"SKIP","floor":11},{"not_picked":["champ:EndlessRage","champ:PreciseThrust"],"picked":"champ:FaceSlap","floor":12},{"not_picked":["champ:ShieldWall","champ:CrownThrow"],"picked":"champ:FanOfKnives","floor":13},{"not_picked":["champ:RisingSlash","champ:BerserkersShout"],"picked":"champ:ShieldSlam","floor":14},{"not_picked":["champ:CrookedStrike","champ:Lariat","champ:FocusedDefense"],"picked":"SKIP","floor":15}],"player_experience":214622,"relics_obtained":[{"floor":7,"key":"Bronze Scales"}],"event_choices":[{"damage_healed":0,"gold_gain":0,"player_choice":"Success","damage_taken":12,"relics_obtained":["MealTicket"],"max_hp_gain":0,"max_hp_loss":0,"event_name":"Scrap Ooze","floor":6,"gold_loss":0}],"is_beta":false,"boss_relics":[],"items_purged_floors":[],"is_endless":false,"potions_floor_spawned":[2,5,11,14],"killed_by":"IC_STATUS_ARCHETYPE","ascension_level":0}}