{"host":"2q4w55ev63ot6isg","time":1613108845,"event":{"mods":["Aspiration","BaseMod","Downfall","Hubris","Marisa????????","Minty Spire (QoL Compilation)","Replay The Spire","StSLib","The Cursed","The Jungle","The Servant 0.9.4"],"gold_per_floor":[109,109,109,109,134,177,177,190,190,55,73,73,98,142,142,266,266,290,309,323,323,323],"floor_reached":21,"language":"ENG","playtime":511,"items_purged":[],"score":278,"play_id":"1b9e3651-b3b1-43f3-ad54-f15f2747e63d","local_time":"20210211214725","is_ascension_mode":true,"campfire_choices":[{"floor":7,"key":"REST"},{"data":"Creative AI","floor":12,"key":"SMITH"},{"floor":15,"key":"REST"}],"circlet_count":0,"master_deck":["Strike_B","Strike_B","Strike_B","Strike_B","Defend_B","Defend_B","Defend_B","Defend_B","Zap","Dualcast","Blizzard","BootSequence","Cold Snap","Creative AI+1","Static Discharge","aspiration:Polymerization","Buffer","Tempest+1","Sunder","ReplayTheSpireMod:Omega Cannon"],"relics":["Cracked Core","NeowsBlessing","hubris:MysteriousPyramids","hubris:Towel","Golden Idol","Happy Flower","Iron Hammer","Mummified Hand","hubris:OldNail","hubris:BlackHole"],"acts_visited":["Exordium","TheCity"],"potions_floor_usage":[14,16],"damage_taken":[{"damage":0,"enemies":"2 Louse","floor":1,"turns":1},{"damage":0,"enemies":"Gremlin Nob","floor":6,"turns":1},{"damage":0,"enemies":"Small Slimes","floor":8,"turns":1},{"damage":0,"enemies":"Cultist","floor":11,"turns":3},{"damage":3,"enemies":"Blue Slaver","floor":13,"turns":3},{"damage":21,"enemies":"3 Sentries","floor":14,"turns":5},{"damage":25,"enemies":"Slime Boss","floor":16,"turns":9},{"damage":38,"enemies":"Spheric Guardian","floor":18,"turns":6},{"damage":6,"enemies":"3 Byrds","floor":19,"turns":2},{"damage":16,"enemies":"Snake Plant","floor":20,"turns":3},{"damage":13,"enemies":"Centurion and Healer","floor":21,"turns":2}],"seed_played":"-7143606387420030777","potions_obtained":[{"floor":1,"key":"ColorlessPotion"},{"floor":8,"key":"Weak Potion"},{"floor":13,"key":"FearPotion"},{"floor":16,"key":"Elixir"},{"floor":18,"key":"SpeedPotion"},{"floor":19,"key":"FocusPotion"}],"is_trial":false,"path_per_floor":["M","?","?","?","T","E","R","M","T","$","M","R","M","E","R","B",null,"M","M","M","M"],"character_chosen":"DEFECT","items_purchased":["Creative AI"],"campfire_rested":2,"item_purchase_floors":[10],"current_hp_per_floor":[68,56,56,38,38,38,60,60,60,60,60,60,57,36,58,33,65,27,21,5,0,0],"gold":323,"neow_bonus":"THREE_ENEMY_KILL","is_daily":false,"chose_seed":false,"campfire_upgraded":1,"win_rate":0.0,"timestamp":1613108845,"path_taken":["M","?","?","?","?","E","R","M","T","$","M","R","M","E","R","BOSS","M","M","?","M"],"items_purchased_type":["Card"],"build_version":"2020-12-22","purchased_purges":0,"victory":false,"max_hp_per_floor":[75,75,75,75,75,75,75,75,75,75,75,75,75,75,75,75,75,75,75,75,75,75],"card_choices":[{"not_picked":["Time Bomb","Streamline"],"picked":"Blizzard","floor":1},{"not_picked":["Compile Driver","Recycle","BootSequence"],"picked":"SKIP","floor":6},{"not_picked":["Compile Driver","Recycle"],"picked":"BootSequence","floor":6},{"not_picked":["hubris:PowerSurge","Rebound"],"picked":"Cold Snap","floor":8},{"not_picked":["Steam","ReplaySort","Barrage"],"picked":"SKIP","floor":11},{"not_picked":["Genetic Algorithm","Compile Driver"],"picked":"Static Discharge","floor":13},{"not_picked":["Stack","ReplayTheSpireMod:Repulse"],"picked":"aspiration:Polymerization","floor":14},{"not_picked":["Multi-Cast","hubris:DoWhile"],"picked":"Buffer","floor":16},{"not_picked":["Turbo","Defragment+1"],"picked":"Tempest+1","floor":18},{"not_picked":["Rebound","ReplayTheSpireMod:System Scan+1"],"picked":"Sunder","floor":19},{"not_picked":["BasicCrystalCard","Stack"],"picked":"ReplayTheSpireMod:Omega Cannon","floor":20}],"player_experience":243497,"relics_obtained":[{"floor":5,"key":"Happy Flower"},{"floor":6,"key":"Iron Hammer"},{"floor":9,"key":"Mummified Hand"},{"floor":14,"key":"hubris:OldNail"}],"event_choices":[{"damage_healed":0,"gold_gain":0,"player_choice":"Success","damage_taken":12,"relics_obtained":["hubris:MysteriousPyramids"],"max_hp_gain":0,"max_hp_loss":0,"event_name":"Scrap Ooze","floor":2,"gold_loss":0},{"damage_healed":0,"gold_gain":0,"player_choice":"Take Damage","damage_taken":18,"relics_obtained":["Golden Idol"],"max_hp_gain":0,"max_hp_loss":0,"event_name":"Golden Idol","floor":4,"gold_loss":0}],"is_beta":false,"boss_relics":[{"not_picked":["Fusion Hammer","Ectoplasm"],"picked":"hubris:BlackHole"}],"items_purged_floors":[],"is_endless":false,"potions_floor_spawned":[1,8,13,16,18,19],"killed_by":"Centurion and Healer","ascension_level":6}}