{"host":"5nj7t8259370g0gl","time":1613103234,"event":{"mods":["AchievementEnabler","BaseMod","Bestiary","Bossed Relics","Colored Map","Colored Powertips","Displayed Cursed Tome","Downfall","Minty Spire (QoL Compilation)","Permanent Neow","Relic Sorter","Shop Mod","Spire Arcade","StSLib"],"gold_per_floor":[500099,500117,500134,499512,499527,499552,499579,499579,498654,498686,498786,498786,498806,498806,498816,498917,498917,498817,498837,498847,498847,498857,498857,498857,498111,498126,497822,497832,497832,497859,497859,497878,497980,497980,497980,497996,498007,497339,497339,497339,497339,496741,496758,496768,496168,496197,496197,496228,496243,496243],"floor_reached":51,"language":"ENG","playtime":3639,"items_purged":["champ:Strike","champ:Strike","champ:Defend","champ:Defend","champ:Defend","champ:CrownThrow","champ:LastStand+1"],"score":949,"play_id":"98165b62-62a8-4587-98f0-2f6da8d1662a","local_time":"20210212151354","is_ascension_mode":true,"campfire_choices":[{"data":"champ:Taunt","floor":1.0,"key":"SMITH"},{"floor":12.0,"key":"RECALL"},{"data":"champ:EndlessRage","floor":18,"key":"SMITH"},{"data":"champ:StanceDance","floor":23,"key":"SMITH"},{"data":"1","floor":35,"key":"LIFT"},{"data":"2","floor":47,"key":"LIFT"}],"circlet_count":0,"master_deck":["champ:Execute","champ:Taunt+1","champ:VampiricStrike","champ:StanceDance+1","champ:AdrenalArmor","champ:FanOfKnives","Deep Breath","champ:BerserkersShout","Apotheosis+1","champ:EndlessRage+1","champ:TripleStrike","champ:RageSigil+1","champ:CrookedStrike","champ:AdrenalArmor+1","champ:Encircle","champ:RageSigil+1","champ:FaceSlap","champ:GladiatorForm","champ:FanOfKnives","champ:GladiatorForm"],"relics":["champ:ChampionCrownUpgraded","Anchor","MealTicket","Strange Spoon","Art of War","Omamori","Blue Candle","Kunai","Ornamental Fan","Chemical X","Smiling Mask","Coffee Dripper","downfall:HeartBlessingRed","Girya","Mummified Hand","hexamod:BolsterEngine","champ:Barbells","Prayer Wheel","Strawberry","Medical Kit","Oddly Smooth Stone","Nunchaku","Calipers","Lee\u0027s Waffle","Singing Bowl","Centennial Puzzle","ClockworkSouvenir","Bottled Tornado","Dream Catcher","Darkstone Periapt","DollysMirror","champ:FightingForDummies","Meat on the Bone"],"acts_visited":["Exordium","TheCity","TheBeyond"],"potions_floor_usage":[15,16,27,48],"damage_taken":[{"damage":16.0,"enemies":"Jaw Worm","floor":2.0,"turns":4.0},{"damage":25.0,"enemies":"Small Slimes","floor":3.0,"turns":3.0},{"damage":15.0,"enemies":"downfall:FleeingMerchant","floor":4.0,"turns":4.0},{"damage":15.0,"enemies":"Cultist","floor":5.0,"turns":3.0},{"damage":45.0,"enemies":"3 Sentries","floor":6.0,"turns":7.0},{"damage":45.0,"enemies":"downfall:FleeingMerchant","floor":9.0,"turns":4.0},{"damage":52.0,"enemies":"Gremlin Nob","floor":10.0,"turns":4.0},{"damage":62.0,"enemies":"downfall:Heads","floor":11.0,"turns":7.0},{"damage":13.0,"enemies":"Red Slaver","floor":13.0,"turns":3.0},{"damage":10,"enemies":"Blue Slaver","floor":15,"turns":2},{"damage":83,"enemies":"DF_ARCHETYPE_STREAMLINE","floor":16,"turns":5},{"damage":51,"enemies":"Shell Parasite","floor":19,"turns":4},{"damage":34,"enemies":"Snake Plant","floor":20,"turns":3},{"damage":57,"enemies":"Centurion and Healer","floor":22,"turns":4},{"damage":58,"enemies":"downfall:FleeingMerchant","floor":25,"turns":4},{"damage":35,"enemies":"Chosen and Byrds","floor":26,"turns":3},{"damage":59,"enemies":"downfall:FleeingMerchant","floor":27,"turns":4},{"damage":20,"enemies":"Shelled Parasite and Fungi","floor":28,"turns":3},{"damage":86,"enemies":"Slavers","floor":30,"turns":4},{"damage":35,"enemies":"Centurion and Healer","floor":32,"turns":3},{"damage":125,"enemies":"SI_MIRROR_ARCHETYPE","floor":33,"turns":6},{"damage":30,"enemies":"3 Darklings","floor":36,"turns":3},{"damage":35,"enemies":"Orb Walker","floor":37,"turns":2},{"damage":50,"enemies":"Sphere and 2 Shapes","floor":43,"turns":3},{"damage":40,"enemies":"Maw","floor":44,"turns":4},{"damage":55,"enemies":"Giant Head","floor":46,"turns":3},{"damage":70,"enemies":"Nemesis","floor":48,"turns":3},{"damage":45,"enemies":"Jaw Worm Horde","floor":49,"turns":2},{"damage":62,"enemies":"IC_BLOCK_ARCHETYPE","floor":50,"turns":3}],"seed_played":"-544458929258965917","potions_obtained":[{"floor":2.0,"key":"DuplicationPotion"},{"floor":5.0,"key":"DuplicationPotion"},{"floor":6.0,"key":"Energy Potion"},{"floor":10.0,"key":"BlessingOfTheForge"},{"floor":22,"key":"Ancient Potion"},{"floor":28,"key":"SkillPotion"},{"floor":30,"key":"Block Potion"},{"floor":33,"key":"champ:UltimateStancePotion"},{"floor":44,"key":"Energy Potion"}],"is_trial":false,"path_per_floor":["R","M","M","$","M","E","T","?","$","E","?","R","M","?","M","B",null,"R","M","M","?","M","R","T","$","M","$","M","?","E","?","M","B",null,"R","M","M","$","?","?","T","?","M","M","$","E","R","E","M","B",null],"character_chosen":"THE_CHAMP","items_purchased":["Anchor","MealTicket","Strange Spoon","Deep Breath","Kunai","Ornamental Fan","Chemical X","Apotheosis","Mummified Hand","hexamod:BolsterEngine","champ:Barbells","champ:AdrenalArmor","champ:Encircle","Prayer Wheel","Strawberry","Medical Kit","Nunchaku","Calipers","Lee\u0027s Waffle","Centennial Puzzle","ClockworkSouvenir","Bottled Tornado","Dream Catcher","Darkstone Periapt","DollysMirror"],"campfire_rested":0,"item_purchase_floors":[4,4,4,4,9,9,9,9,25,25,25,25,25,27,27,27,38,38,38,42,42,42,45,45,45],"current_hp_per_floor":[220,214,204,204,204,189,189,184,189,167,135,135,132,132,132,124,220,220,214,205,205,193,193,193,205,205,213,213,213,202,202,202,182,227,227,227,227,234,234,234,234,234,223,227,242,244,244,246,250,248],"gold":496243,"neow_bonus":"TRANSFORM_CARD","is_daily":false,"chose_seed":false,"campfire_upgraded":3,"win_rate":0.0,"timestamp":1613103234,"path_taken":["R","M","M","$","M","E","T","?","$","E","?","R","M","?","M","BOSS","R","M","M","?","M","R","T","$","M","$","?","?","E","?","M","BOSS","R","M","M","$","?","?","T","?","M","M","$","E","R","E","M","BOSS"],"items_purchased_type":["Relic","Relic","Relic","Card","Relic","Relic","Relic","Card","Relic","Relic","Relic","Card","Card","Relic","Relic","Relic","Relic","Relic","Relic","Relic","Relic","Relic","Relic","Relic","Relic"],"build_version":"2020-12-22","purchased_purges":7,"victory":true,"max_hp_per_floor":[220,220,220,220,220,220,220,220,220,220,220,220,220,220,220,220,220,220,220,220,220,220,220,220,220,220,227,227,227,227,227,227,227,227,227,227,227,234,234,234,234,234,238,242,242,244,244,246,250,250],"card_choices":[{"not_picked":["champ:GutPunch","champ:EndlessRage"],"picked":"champ:StanceDance","floor":2.0},{"not_picked":["champ:DefensiveShout","champ:ShieldWall"],"picked":"champ:AdrenalArmor","floor":3.0},{"not_picked":["champ:Circumvent","champ:Endure"],"picked":"champ:FanOfKnives","floor":4.0},{"not_picked":["champ:FocusedDefense","champ:StrikeOfGenius","champ:PreemptiveStrike"],"picked":"SKIP","floor":5.0},{"not_picked":["champ:ShieldWall","champ:Haymaker"],"picked":"champ:BerserkersShout","floor":6.0},{"not_picked":["champ:PerfectedStrike","champ:FlashCut"],"picked":"champ:CrownThrow","floor":9.0},{"not_picked":["champ:BerserkersShout","champ:StanceDance"],"picked":"champ:EndlessRage","floor":10.0},{"not_picked":["champ:PerfectedStrike","champ:EnGarde"],"picked":"champ:TripleStrike","floor":11.0},{"not_picked":["champ:FocusedDefense","champ:BringItOn"],"picked":"champ:RageSigil","floor":13},{"not_picked":["champ:PreemptiveStrike","champ:CrookedStrike"],"picked":"champ:GladiatorStyle","floor":15},{"not_picked":["champ:PreemptiveStrike","champ:BladeFlurry","champ:EnGarde"],"picked":"SKIP","floor":19},{"not_picked":["champ:PerfectedStrike","champ:Haymaker"],"picked":"champ:CrookedStrike","floor":20},{"not_picked":["champ:DeathBlow+1","champ:PerfectedStrike","champ:ShieldWall"],"picked":"SKIP","floor":22},{"not_picked":["champ:GutPunch","champ:CheapShot","champ:TornadoPunch"],"picked":"SKIP","floor":25},{"not_picked":["champ:BladeFlurry","champ:BerserkersShout","champ:PerfectedStrike"],"picked":"SKIP","floor":26},{"not_picked":["champ:BerserkersShout","champ:FocusedDefense+1"],"picked":"champ:RageSigil+1","floor":27},{"not_picked":["champ:GutPunch+1","champ:EnGarde"],"picked":"champ:FaceSlap","floor":28},{"not_picked":["champ:BladeFlurry","champ:BerserkersShout","champ:ShieldSigil"],"picked":"SKIP","floor":28},{"not_picked":["champ:DefensiveShout","champ:CalledShot","champ:Encircle"],"picked":"SKIP","floor":30},{"not_picked":["champ:ViciousMockery","champ:DeathBlow","champ:BringItOn"],"picked":"SKIP","floor":32},{"not_picked":["champ:BerserkersShout","champ:EnchantShield","champ:Shatter+1"],"picked":"SKIP","floor":32},{"not_picked":["champ:UltimateStance","champ:TripleStrike"],"picked":"champ:GladiatorForm","floor":33},{"not_picked":["champ:Shatter+1","champ:DefensiveShout+1"],"picked":"champ:FanOfKnives","floor":36},{"not_picked":["champ:CrownThrow+1","champ:FaceSlap+1","champ:DefensiveShout"],"picked":"SKIP","floor":36},{"not_picked":["champ:Circumvent","champ:Parry","champ:DefensiveStyle"],"picked":"SKIP","floor":37},{"not_picked":["champ:TornadoPunch","champ:ShieldSigil","champ:PerfectedStrike"],"picked":"SKIP","floor":37},{"not_picked":["champ:FlashCut","champ:Circumvent","champ:EnchantSword"],"picked":"Singing Bowl","floor":43},{"not_picked":["champ:CrownThrow","champ:BladeFlurry","champ:FlashCut"],"picked":"Singing Bowl","floor":43},{"not_picked":["champ:DefensiveShout+1","champ:Encircle","champ:PreciseThrust+1"],"picked":"Singing Bowl","floor":44},{"not_picked":["champ:Circumvent+1","champ:FancyFootwork","champ:ShieldSlam"],"picked":"Singing Bowl","floor":44},{"not_picked":["champ:Circumvent+1","champ:DeathBlow+1","champ:AdrenalArmor"],"picked":"Singing Bowl","floor":46},{"not_picked":["champ:ShieldSigil+1","champ:CrownThrow","champ:SteelEdge"],"picked":"Singing Bowl","floor":48},{"not_picked":["champ:DefensiveShout+1","champ:PreciseThrust","champ:Parry+1"],"picked":"Singing Bowl","floor":49},{"not_picked":["champ:PreemptiveStrike","champ:PreciseThrust","champ:HeartStrike+1"],"picked":"Singing Bowl","floor":49}],"player_experience":851566,"relics_obtained":[{"floor":6.0,"key":"Art of War"},{"floor":7.0,"key":"Omamori"},{"floor":10.0,"key":"Smiling Mask"},{"floor":24,"key":"Girya"},{"floor":30,"key":"Oddly Smooth Stone"},{"floor":41,"key":"Singing Bowl"},{"floor":46,"key":"champ:FightingForDummies"},{"floor":48,"key":"Meat on the Bone"}],"event_choices":[{"damage_healed":0,"gold_gain":0,"player_choice":"Forge","damage_taken":0,"max_hp_gain":0,"max_hp_loss":0,"event_name":"Accursed Blacksmith","floor":21,"gold_loss":0,"cards_upgraded":["champ:RageSigil"]},{"cards_removed":["champ:GladiatorStyle"],"damage_healed":0,"gold_gain":0,"player_choice":"Removed Power","damage_taken":0,"max_hp_gain":0,"max_hp_loss":0,"event_name":"Falling","floor":40,"gold_loss":0}],"is_beta":false,"boss_relics":[{"not_picked":["Runic Dome","bronze:MakeshiftBattery"],"picked":"Coffee Dripper"},{"not_picked":["Fusion Hammer","Sozu"],"picked":"champ:ChampionCrownUpgraded"}],"items_purged_floors":[4,9,25,27,38,42,45],"is_endless":false,"potions_floor_spawned":[2,5,6,10,11,22,28,30,32,33,37,44,49],"ascension_level":1}}