{"host":"853vx6s5mj9srtgy","time":1613101098,"event":{"mods":["2.2 Compatiblity","Act Like it!","Aspiration","BaseMod","Better Skull","Better Vampires","CCEM2","CapriCore","Colored Powertips","Conspire","Energized Spire","Friendly Minions","Gensokyo","GifTheSpireLib","Halation","HornydragonMod","Hubris","Infinite Spire","Koishi","LagranYue(©Ô®æ®Ô¡P¤ë)","Marisa¡]Ãú«B¡@Å]²z¨F¡^","Minty Spire (QoL Compilation)","MostiFishMod","Permanent Neow","Quick Restart","Rare Cards Sparkle","Red Circlet Mod","Reimu¡]³Õ???¡^","Relic Sorter","Relic Stats","Remilia¡]Á¢¦Ì²ú?¡^","RumiaBox-ÅS¦Ì?ªº¯«¯µ²°¤l","Ryuuou?¤ý","Small Relic Pack","Spicy Shops","Spikes Relics","StSLib","TestMod","The Immortal","The Servant 0.9.4","Unknown Chances","Yakumo Yukari mod","Youmu¡]»î¾z§¯?¡^","Yuyuko","noobMod","yUi","¡i¥\¯àMod¡j²V¨P¤§?­×Î`?¤B"],"gold_per_floor":[109,323,323,334,344,344,344],"floor_reached":6,"language":"ZHS","playtime":532,"items_purged":[],"score":42,"play_id":"a7c23e3d-7da9-4653-b9d4-9a6d03552f34","local_time":"20210212113818","is_ascension_mode":true,"campfire_choices":[],"circlet_count":0,"master_deck":["Strike_S","Strike_S","Strike_S","Strike_S","Defend_S","Defend_S","Defend_S","Defend_S","KidneyShot","Exchange","Rearm","Revamp","Ricochet","Strike_S","KillingDoll"],"relics":["Uniform","testmod-TestBox","DaveBox","ice","ExusiaiGun","testmod-BlackFramedGlasses","LagranYue:RandomDrawCardRelic","aspiration:Nostalgia","Boundary_crack","Baka","SynthV:TestCard"],"acts_visited":["Gensokyo:Gensokyo"],"potions_floor_usage":[2],"damage_taken":[{"damage":1,"enemies":"Gensokyo:2_Kodama","floor":1,"turns":1},{"damage":8,"enemies":"Gensokyo:Gryphon","floor":2,"turns":2},{"damage":6,"enemies":"Gensokyo:3_Fairies","floor":4,"turns":5},{"damage":16,"enemies":"Gensokyo:Python_and_Kodama","floor":5,"turns":3},{"damage":32,"enemies":"Gensokyo:Cirno","floor":6,"turns":5}],"seed_played":"-6680563603575946595","potions_obtained":[{"floor":1,"key":"FearPotion"}],"is_trial":false,"path_per_floor":["M","M","?","M","M","E"],"character_chosen":"THE_SERVANT","items_purchased":[],"campfire_rested":0,"item_purchase_floors":[],"current_hp_per_floor":[64,58,65,62,49,25,25],"gold":344,"neow_bonus":"NOSTALGIA","is_daily":false,"chose_seed":false,"campfire_upgraded":0,"win_rate":0.0,"timestamp":1613101098,"path_taken":["M","M","?","?","?","E"],"items_purchased_type":[],"build_version":"2020-12-22","purchased_purges":0,"victory":false,"max_hp_per_floor":[65,65,65,65,65,65,65],"relic_stats":{"counters":[5,16],"obtain_stats":[{"testmod-TestBox":0,"SynthV:TestCard":1,"DaveBox":0,"LagranYue:RandomDrawCardRelic":0,"aspiration:Nostalgia":0,"Uniform":0,"ice":0,"ExusiaiGun":0,"Baka":1,"Boundary_crack":0,"testmod-BlackFramedGlasses":0},{"testmod-TestBox":0,"SynthV:TestCard":1,"DaveBox":0,"LagranYue:RandomDrawCardRelic":0,"aspiration:Nostalgia":0,"Uniform":0,"ice":0,"ExusiaiGun":0,"Baka":1,"Boundary_crack":0,"testmod-BlackFramedGlasses":0},{"testmod-TestBox":0,"SynthV:TestCard":1,"DaveBox":0,"LagranYue:RandomDrawCardRelic":0,"aspiration:Nostalgia":0,"Uniform":0,"ice":0,"ExusiaiGun":0,"Baka":1,"Boundary_crack":0,"testmod-BlackFramedGlasses":0}]},"card_choices":[{"not_picked":["Unruled","Deadline"],"picked":"Rearm","floor":1},{"not_picked":["Sabotage","MoonPhase","Collapse","Foresight"],"picked":"Revamp","floor":2},{"not_picked":["Manipulate","BottledTime","Replace","Sabotage"],"picked":"Ricochet","floor":4},{"not_picked":["ShatteredReality","Alleviate","SurpressingFire","Replace"],"picked":"KillingDoll","floor":5}],"player_experience":377309,"relics_obtained":[{"floor":1,"key":"Baka"},{"floor":1,"key":"SynthV:TestCard"}],"event_choices":[],"is_beta":false,"boss_relics":[],"items_purged_floors":[],"is_endless":false,"potions_floor_spawned":[1],"killed_by":"Gensokyo:Cirno","ascension_level":2}}