{"host":"dhlnk6yox2l1s6up","time":1613097906,"event":{"mods":["BaseMod","Minty Spire (QoL Compilation)","Relic Stats","StSLib","ojb\u0027s Info Mod"],"gold_per_floor":[117,130,144,144,161,188,247,247,247,247,29,29,29,59,59,161,161,174,174,190,202,219,247,263,296,347,374,136,136,161,179,179,277,277,295,295,305,325,325,350,400,429,429,429,454,468,480,499,499,499,499,499,35,73,73],"floor_reached":56,"language":"ENG","playtime":5686,"items_purged":["Pain","LessonLearned+1"],"score":2253,"play_id":"bb46ee18-e7c0-4209-9e6b-2ff69634a8fe","local_time":"20210211204506","is_ascension_mode":true,"campfire_choices":[{"data":"Vigilance","floor":8.0,"key":"SMITH"},{"data":"LikeWater","floor":10.0,"key":"SMITH"},{"data":"CutThroughFate","floor":12.0,"key":"SMITH"},{"data":"CrushJoints","floor":15.0,"key":"SMITH"},{"floor":29.0,"key":"RECALL"},{"data":"Adaptation","floor":32,"key":"SMITH"},{"data":"ThirdEye","floor":49,"key":"SMITH"},{"data":"Perseverance","floor":52,"key":"SMITH"}],"circlet_count":0,"master_deck":["AscendersBane","Eruption+1","Vigilance+1","FollowUp+1","LikeWater+1","CutThroughFate+1","FlurryOfBlows+1","Vengeance+1","Vault+1","CutThroughFate+1","CrushJoints+1","Scrawl+1","Sanctity+1","Tantrum+1","Perseverance+1","DeusExMachina+1","ClearTheMind+1","ThirdEye+1","FearNoEvil","Evaluate+1","ThirdEye+1","Nirvana+1","Halt+1","Adaptation+1","EmptyBody+1","EmptyMind+1","Crescendo","SpiritShield+1","SashWhip+1","Adaptation+1","LikeWater","ClearTheMind+1"],"relics":["PureWater","WarpedTongs","Toy Ornithopter","Shuriken","Lee\u0027s Waffle","GoldenEye","Pandora\u0027s Box","StrikeDummy","Regal Pillow","Happy Flower","Pen Nib","ClockworkSouvenir","Thread and Needle","Black Star","White Beast Statue","Sundial","Omamori","Pocketwatch","Art of War","HornCleat","Smiling Mask","Dream Catcher","CeramicFish","Centennial Puzzle","Orichalcum","Blood Vial","Mummified Hand"],"acts_visited":["Exordium","TheCity","TheBeyond","TheEnding"],"potions_floor_usage":[35,37,40,41,55,55,55],"damage_taken":[{"damage":4.0,"enemies":"Jaw Worm","floor":1.0,"turns":4.0},{"damage":0.0,"enemies":"Cultist","floor":2.0,"turns":3.0},{"damage":0.0,"enemies":"Small Slimes","floor":3.0,"turns":4.0},{"damage":2.0,"enemies":"Blue Slaver","floor":5.0,"turns":4.0},{"damage":26.0,"enemies":"3 Sentries","floor":6.0,"turns":9.0},{"damage":10.0,"enemies":"3 Sentries","floor":7.0,"turns":8.0},{"damage":0.0,"enemies":"Lagavulin","floor":14.0,"turns":7.0},{"damage":0.0,"enemies":"Slime Boss","floor":16.0,"turns":4.0},{"damage":3.0,"enemies":"2 Thieves","floor":18.0,"turns":3.0},{"damage":0.0,"enemies":"Spheric Guardian","floor":20.0,"turns":3.0},{"damage":0.0,"enemies":"Cultist and Chosen","floor":21.0,"turns":4.0},{"damage":11.0,"enemies":"Chosen and Byrds","floor":22.0,"turns":2.0},{"damage":6.0,"enemies":"Gremlin Leader","floor":23.0,"turns":3.0},{"damage":0.0,"enemies":"3 Cultists","floor":24.0,"turns":3.0},{"damage":0.0,"enemies":"Book of Stabbing","floor":25.0,"turns":4.0},{"damage":0.0,"enemies":"Gremlin Leader","floor":27.0,"turns":4.0},{"damage":0.0,"enemies":"Book of Stabbing","floor":30.0,"turns":5.0},{"damage":0,"enemies":"Shelled Parasite and Fungi","floor":31,"turns":3},{"damage":18,"enemies":"Automaton","floor":33,"turns":8},{"damage":9,"enemies":"3 Shapes","floor":35,"turns":4},{"damage":0,"enemies":"Orb Walker","floor":37,"turns":3},{"damage":1,"enemies":"Sphere and 2 Shapes","floor":38,"turns":6},{"damage":0,"enemies":"Giant Head","floor":40,"turns":5},{"damage":0,"enemies":"Mind Bloom Boss Battle","floor":41,"turns":4},{"damage":0,"enemies":"Nemesis","floor":42,"turns":4},{"damage":0,"enemies":"Giant Head","floor":45,"turns":5},{"damage":0,"enemies":"4 Shapes","floor":46,"turns":8},{"damage":0,"enemies":"Transient","floor":47,"turns":6},{"damage":1,"enemies":"Writhing Mass","floor":48,"turns":6},{"damage":2,"enemies":"Time Eater","floor":50,"turns":8},{"damage":0,"enemies":"Shield and Spear","floor":54,"turns":4},{"damage":49,"enemies":"The Heart","floor":55,"turns":10}],"seed_played":"3464525912447429535","potions_obtained":[{"floor":2.0,"key":"DistilledChaos"},{"floor":5.0,"key":"Regen Potion"},{"floor":6.0,"key":"ColorlessPotion"},{"floor":16.0,"key":"Swift Potion"},{"floor":20.0,"key":"Weak Potion"},{"floor":21.0,"key":"Swift Potion"},{"floor":23.0,"key":"Fire Potion"},{"floor":27.0,"key":"Fire Potion"},{"floor":31,"key":"StancePotion"},{"floor":35,"key":"DuplicationPotion"},{"floor":37,"key":"SkillPotion"},{"floor":40,"key":"DistilledChaos"},{"floor":41,"key":"SteroidPotion"}],"is_trial":false,"path_per_floor":["M","M","M","?","M","E","?","R","T","R","$","R","?","E","R","B",null,"M","?","M","M","M","E","M","E","T","E","$","R","E","M","R","B",null,"M","?","M","M","T","E","?","E","T","?","E","M","M","M","R","B",null,"R","$","E","B",null],"character_chosen":"WATCHER","items_purchased":["Lee\u0027s Waffle","ClockworkSouvenir","Adaptation","EmptyBody","LikeWater","Centennial Puzzle","Orichalcum","Strength Potion"],"campfire_rested":0,"item_purchase_floors":[11,28,28,28,53,53,53,53],"current_hp_per_floor":[43,43,43,43,41,30,30,30,30,30,79,79,79,79,79,79,79,76,76,76,76,68,62,62,67,67,67,67,67,67,67,67,49,72,68,68,73,72,72,75,75,75,75,75,75,75,75,74,74,72,74,74,74,74,26],"gold":73,"neow_bonus":"TRANSFORM_TWO_CARDS","is_daily":false,"chose_seed":false,"campfire_upgraded":7,"win_rate":0.0,"timestamp":1613097906,"path_taken":["M","M","M","?","?","E","?","R","T","R","$","R","?","E","R","BOSS","M","?","M","?","M","E","?","E","T","E","$","R","E","M","R","BOSS","M","?","M","M","?","E","?","E","T","?","E","?","M","?","R","BOSS","R","$","E","BOSS"],"items_purchased_type":["Relic","Relic","Card","Card","Card","Relic","Relic","Potion"],"build_version":"2020-12-22","purchased_purges":2,"victory":true,"max_hp_per_floor":[72,72,72,72,72,72,72,72,72,72,79,79,79,79,79,79,79,79,79,79,79,79,79,79,79,79,79,79,79,79,79,79,79,79,79,75,75,75,75,75,75,75,75,75,75,75,75,75,75,75,75,75,75,75,75],"relic_stats":{"Lee\u0027s Waffle":49,"Regal Pillow":0,"Happy Flower":[31],"counters":[32,158],"CeramicFish":18,"Pen Nib":[25],"Orichalcum":[12],"GoldenEye":[133],"Smiling Mask":50,"WarpedTongs":[133],"Blood Vial":1,"Dream Catcher":0,"Centennial Puzzle":[3],"Shuriken":[78],"Sundial":[12],"Mummified Hand":[7],"Pandora\u0027s Box":["Sanctity","Tantrum","Perseverance","DeusExMachina","LessonLearned"],"Black Star":4,"Art of War":[4],"obtain_stats":[{"Regal Pillow":25,"CeramicFish":45,"Smiling Mask":43,"ClockworkSouvenir":28,"Blood Vial":54,"Dream Catcher":45,"Centennial Puzzle":53,"HornCleat":42,"Sundial":40,"Mummified Hand":54,"Lee\u0027s Waffle":11,"Happy Flower":26,"Thread and Needle":30,"Pen Nib":27,"Omamori":40,"Orichalcum":53,"GoldenEye":14,"White Beast Statue":39,"WarpedTongs":4,"Shuriken":7,"Pandora\u0027s Box":17,"Black Star":34,"Art of War":42,"PureWater":0,"StrikeDummy":23,"Toy Ornithopter":6,"Pocketwatch":41},{"Regal Pillow":15,"CeramicFish":26,"Smiling Mask":25,"ClockworkSouvenir":16,"Blood Vial":31,"Dream Catcher":26,"Centennial Puzzle":30,"HornCleat":25,"Sundial":23,"Mummified Hand":31,"Lee\u0027s Waffle":6,"Happy Flower":15,"Thread and Needle":17,"Pen Nib":16,"Omamori":23,"Orichalcum":30,"GoldenEye":7,"White Beast Statue":22,"WarpedTongs":3,"Shuriken":5,"Pandora\u0027s Box":8,"Black Star":19,"Art of War":25,"PureWater":0,"StrikeDummy":13,"Toy Ornithopter":5,"Pocketwatch":24},{"Regal Pillow":65,"CeramicFish":116,"Smiling Mask":111,"ClockworkSouvenir":69,"Blood Vial":148,"Dream Catcher":116,"Centennial Puzzle":144,"HornCleat":111,"Sundial":103,"Mummified Hand":148,"Lee\u0027s Waffle":32,"Happy Flower":65,"Thread and Needle":74,"Pen Nib":69,"Omamori":103,"Orichalcum":144,"GoldenEye":39,"White Beast Statue":98,"WarpedTongs":11,"Shuriken":24,"Pandora\u0027s Box":43,"Black Star":85,"Art of War":111,"PureWater":0,"StrikeDummy":58,"Toy Ornithopter":24,"Pocketwatch":107}],"Toy Ornithopter":31,"Pocketwatch":[14]},"card_choices":[{"not_picked":["EmptyFist","Meditate"],"picked":"CutThroughFate","floor":1.0},{"not_picked":["ClearTheMind","SignatureMove"],"picked":"FlurryOfBlows","floor":2.0},{"not_picked":["FollowUp","CrushJoints"],"picked":"Vengeance","floor":3.0},{"not_picked":["PathToVictory","EmptyFist","CarveReality"],"picked":"SKIP","floor":5.0},{"not_picked":["Consecrate","EmptyBody"],"picked":"Vault","floor":6.0},{"not_picked":["FollowUp","WheelKick"],"picked":"CutThroughFate","floor":7.0},{"not_picked":["Collect","Evaluate"],"picked":"CrushJoints","floor":14.0},{"not_picked":["Brilliance","ConjureBlade"],"picked":"Scrawl","floor":16.0},{"not_picked":["CutThroughFate","BowlingBash+1"],"picked":"ClearTheMind","floor":18.0},{"not_picked":["PathToVictory","FollowUp"],"picked":"ThirdEye","floor":20.0},{"not_picked":["Consecrate","ThirdEye"],"picked":"FearNoEvil","floor":21.0},{"not_picked":["ThirdEye","Wireheading"],"picked":"Evaluate","floor":22.0},{"not_picked":["Halt","SandsOfTime"],"picked":"ThirdEye+1","floor":23.0},{"not_picked":["FlyingSleeves","Brilliance"],"picked":"Nirvana","floor":24.0},{"not_picked":["Consecrate+1","ForeignInfluence"],"picked":"Halt+1","floor":25.0},{"not_picked":["FearNoEvil","CutThroughFate+1"],"picked":"Protect+1","floor":27.0},{"not_picked":["DeusExMachina","FollowUp"],"picked":"EmptyMind","floor":30.0},{"not_picked":["BowlingBash+1","FollowUp"],"picked":"Crescendo","floor":31},{"not_picked":["Vault","Scrawl"],"picked":"SpiritShield","floor":33},{"not_picked":["EmptyBody+1","Prostrate+1"],"picked":"SashWhip+1","floor":35},{"not_picked":["ClearTheMind+1","CrushJoints","Perseverance"],"picked":"SKIP","floor":37},{"not_picked":["FlyingSleeves+1","Crescendo"],"picked":"Adaptation+1","floor":38},{"not_picked":["FlurryOfBlows+1","BattleHymn","JustLucky+1"],"picked":"SKIP","floor":40},{"not_picked":["Study","JustLucky","ReachHeaven"],"picked":"SKIP","floor":42},{"not_picked":["Alpha","EmptyMind","PathToVictory"],"picked":"SKIP","floor":45},{"not_picked":["SignatureMove","Prostrate","BattleHymn+1"],"picked":"SKIP","floor":46},{"not_picked":["Evaluate","WindmillStrike+1","Crescendo"],"picked":"SKIP","floor":47},{"not_picked":["FlurryOfBlows","ForeignInfluence+1","CrushJoints"],"picked":"SKIP","floor":48},{"not_picked":["Establishment","PathToVictory"],"picked":"ClearTheMind+1","floor":54}],"player_experience":6191828,"relics_obtained":[{"floor":6.0,"key":"Toy Ornithopter"},{"floor":14.0,"key":"GoldenEye"},{"floor":23.0,"key":"StrikeDummy"},{"floor":25.0,"key":"Regal Pillow"},{"floor":26.0,"key":"Happy Flower"},{"floor":27.0,"key":"Pen Nib"},{"floor":30.0,"key":"Thread and Needle"},{"floor":39,"key":"White Beast Statue"},{"floor":40,"key":"Sundial"},{"floor":40,"key":"Omamori"},{"floor":41,"key":"Pocketwatch"},{"floor":42,"key":"Art of War"},{"floor":42,"key":"HornCleat"},{"floor":43,"key":"Smiling Mask"},{"floor":45,"key":"Dream Catcher"},{"floor":45,"key":"CeramicFish"},{"floor":54,"key":"Blood Vial"},{"floor":54,"key":"Mummified Hand"}],"event_choices":[{"damage_healed":0.0,"max_hp_gain":0.0,"max_hp_loss":0.0,"gold_gain":0.0,"event_name":"Accursed Blacksmith","player_choice":"Rummage","floor":4.0,"gold_loss":0.0,"damage_taken":0.0,"relics_obtained":["WarpedTongs"],"cards_obtained":["Pain"]},{"damage_healed":0.0,"max_hp_gain":0.0,"max_hp_loss":0.0,"gold_gain":0.0,"event_name":"Dead Adventurer","player_choice":"Searched \u00272\u0027 times","floor":7.0,"gold_loss":0.0,"damage_taken":0.0,"relics_obtained":["Shuriken"]},{"cards_removed":["Strike_P"],"damage_healed":0.0,"max_hp_gain":0.0,"max_hp_loss":0.0,"gold_gain":0.0,"event_name":"Bonfire Elementals","player_choice":"Offered Basic","floor":13.0,"gold_loss":0.0,"damage_taken":0.0},{"damage_healed":0.0,"max_hp_gain":0.0,"max_hp_loss":0.0,"gold_gain":0.0,"event_name":"Upgrade Shrine","player_choice":"Upgraded","floor":19.0,"gold_loss":0.0,"damage_taken":0.0,"cards_upgraded":["Vengeance"]},{"damage_healed":0,"gold_gain":0,"player_choice":"Max HP","damage_taken":0,"max_hp_gain":0,"max_hp_loss":4,"event_name":"Winding Halls","floor":36,"gold_loss":0},{"damage_healed":0,"gold_gain":0,"player_choice":"Fight","damage_taken":0,"max_hp_gain":0,"max_hp_loss":0,"event_name":"MindBloom","floor":41,"gold_loss":0},{"cards_removed":["Protect"],"damage_healed":0,"gold_gain":0,"player_choice":"Removed Skill","damage_taken":0,"max_hp_gain":0,"max_hp_loss":0,"event_name":"Falling","floor":44,"gold_loss":0}],"is_beta":false,"boss_relics":[{"not_picked":["Empty Cage","Philosopher\u0027s Stone"],"picked":"Pandora\u0027s Box"},{"not_picked":["Sozu","Runic Pyramid"],"picked":"Black Star"}],"items_purged_floors":[11,53],"is_endless":false,"potions_floor_spawned":[2,5,6,16,20,21,23,27,31,35,37,40,41,42,45,46,47,48,54],"ascension_level":10}}