{"host":"yans4pr1zf0lm9bx","time":1613169507,"event":{"mods":["AchievementEnabler","BaseMod","Minty Spire (QoL Compilation)","StSLib","SuperFastMode","slay the spire mod where everything is the same but ironclad has a cowboy hat"],"gold_per_floor":[119,119,21,21,33,75,87,114,126,156,343,355,426,463,475,582,594,574,586,616,628,650,662,662],"floor_reached":23,"language":"ENG","playtime":2002,"items_purged":["Defend_B"],"score":236,"play_id":"29b90c9b-8f22-4152-be85-886759e53a26","local_time":"20210212173827","is_ascension_mode":true,"campfire_choices":[{"data":"Undo","floor":7,"key":"SMITH"},{"data":"Leap","floor":15,"key":"SMITH"}],"circlet_count":0,"master_deck":["Strike_B+1","Strike_B+1","Defend_B+1","Defend_B+1","Defend_B+1","Zap+1","Dualcast+1","Undo+1","Beam Cell","Leap+1","Hologram+1","Beam Cell","Doubt","Self Repair","Self Repair","Fission","Skim","Gash+1","Conserve Battery+1"],"relics":["Empty Cage","MawBank","GremlinMask","Bronze Scales","Mercury Hourglass","War Paint","Tiny Chest","Inserter"],"acts_visited":["Exordium","TheCity"],"potions_floor_usage":[6,6,13,13,16,18,22],"damage_taken":[{"damage":6,"enemies":"Jaw Worm","floor":1,"turns":5},{"damage":19,"enemies":"3 Sentries","floor":6,"turns":9},{"damage":0,"enemies":"Cultist","floor":8,"turns":4},{"damage":0,"enemies":"Small Slimes","floor":10,"turns":4},{"damage":13,"enemies":"Gremlin Nob","floor":13,"turns":4},{"damage":6,"enemies":"Lagavulin","floor":14,"turns":6},{"damage":13,"enemies":"Hexaghost","floor":16,"turns":12},{"damage":21,"enemies":"2 Thieves","floor":18,"turns":5},{"damage":18,"enemies":"Spheric Guardian","floor":20,"turns":8},{"damage":5,"enemies":"3 Cultists","floor":22,"turns":4},{"damage":86,"enemies":"Slavers","floor":23,"turns":4}],"seed_played":"-4961873838053336712","potions_obtained":[{"floor":1,"key":"Strength Potion"},{"floor":2,"key":"Regen Potion"},{"floor":2,"key":"EssenceOfDarkness"},{"floor":10,"key":"Fire Potion"},{"floor":14,"key":"ColorlessPotion"},{"floor":16,"key":"Swift Potion"},{"floor":18,"key":"SteroidPotion"},{"floor":20,"key":"EssenceOfDarkness"}],"is_trial":false,"path_per_floor":["M","?","$","?","?","E","R","M","T","M","?","?","?","E","R","B",null,"M","?","M","?","M","E"],"character_chosen":"DEFECT","items_purchased":["Beam Cell"],"campfire_rested":0,"item_purchase_floors":[3],"current_hp_per_floor":[69,69,69,62,62,55,55,55,55,55,55,40,27,28,28,29,75,68,68,64,64,73,0,0],"gold":662,"neow_bonus":"BOSS_RELIC","is_daily":false,"chose_seed":false,"campfire_upgraded":2,"win_rate":0.0,"timestamp":1613169507,"path_taken":["M","?","?","?","?","E","R","M","T","?","?","?","?","E","R","BOSS","M","?","M","?","M","E"],"items_purchased_type":["Card"],"build_version":"2020-12-22","purchased_purges":1,"victory":false,"max_hp_per_floor":[75,75,75,75,75,75,75,75,75,75,75,75,75,75,75,75,75,75,75,75,75,75,75,75],"card_choices":[{"not_picked":["Steam","Cold Snap"],"picked":"Undo","floor":1},{"not_picked":["Static Discharge","Seek"],"picked":"Leap","floor":6},{"not_picked":["Sweeping Beam","Hello World"],"picked":"Hologram","floor":8},{"not_picked":["Turbo","Coolheaded"],"picked":"Beam Cell","floor":10},{"not_picked":["Hello World","Consume"],"picked":"Self Repair","floor":13},{"not_picked":["Stack","Steam Power"],"picked":"Self Repair","floor":14},{"not_picked":["Core Surge","Creative AI"],"picked":"Fission","floor":16},{"not_picked":["Rebound","Gash"],"picked":"Skim","floor":18},{"not_picked":["Go for the Eyes","Cold Snap+1"],"picked":"Gash+1","floor":20},{"not_picked":["Reprogram","Beam Cell+1"],"picked":"Conserve Battery+1","floor":22}],"player_experience":307521,"relics_obtained":[{"floor":6,"key":"Bronze Scales"},{"floor":9,"key":"Mercury Hourglass"},{"floor":13,"key":"War Paint"},{"floor":14,"key":"Tiny Chest"}],"event_choices":[{"damage_healed":0,"gold_gain":0,"player_choice":"Got Potions","damage_taken":0,"max_hp_gain":0,"max_hp_loss":0,"event_name":"Lab","floor":2,"gold_loss":0},{"damage_healed":0,"gold_gain":0,"player_choice":"Success","damage_taken":7,"relics_obtained":["MawBank"],"max_hp_gain":0,"max_hp_loss":0,"event_name":"Scrap Ooze","floor":4,"gold_loss":0},{"damage_healed":0,"gold_gain":0,"player_choice":"Trade","damage_taken":0,"relics_obtained":["GremlinMask"],"max_hp_gain":0,"max_hp_loss":0,"event_name":"FaceTrader","floor":5,"gold_loss":0},{"damage_healed":0,"gold_gain":175,"player_choice":"AGREE","damage_taken":0,"max_hp_gain":0,"max_hp_loss":0,"event_name":"Liars Game","floor":11,"gold_loss":0,"cards_obtained":["Doubt"]},{"damage_healed":0,"gold_gain":0,"player_choice":"Entered Light","damage_taken":15,"max_hp_gain":0,"max_hp_loss":0,"event_name":"Shining Light","floor":12,"gold_loss":0,"cards_upgraded":["Dualcast","Hologram"]},{"damage_healed":0,"gold_gain":0,"player_choice":"Searched \u00271\u0027 times","damage_taken":0,"max_hp_gain":0,"max_hp_loss":0,"event_name":"Dead Adventurer","floor":13,"gold_loss":0},{"damage_healed":0,"gold_gain":0,"player_choice":"Simplicity","damage_taken":0,"max_hp_gain":0,"max_hp_loss":0,"event_name":"Back to Basics","floor":19,"gold_loss":0,"cards_upgraded":["Strike_B","Strike_B","Defend_B","Defend_B"]},{"damage_healed":0,"gold_gain":0,"player_choice":"Ignored","damage_taken":0,"max_hp_gain":0,"max_hp_loss":0,"event_name":"Ghosts","floor":21,"gold_loss":0}],"is_beta":false,"boss_relics":[{"not_picked":["Velvet Choker","Astrolabe"],"picked":"Inserter"}],"items_purged_floors":[3],"is_endless":false,"potions_floor_spawned":[1,10,14,16,18,20],"killed_by":"Slavers","ascension_level":4}}