{"host":"v0xbo920qxoewo3e","time":1613165584,"event":{"mods":["Act Like it!","Aspiration","Astrologer","BaseMod","Conspire","Downfall","Friendly Minions","GifTheSpireLib","Halation","Hermit","Hubris","Infinite Spire","Jedi Mod","Jorbs\u0027s Wanderer Trilogy","Koishi","Marisa????????","Minty Spire (QoL Compilation)","Potionbrewer","Rare Cards Sparkle","Reimu??????","Remilia??????","Replay The Spire","StSLib","Stuff the Spire","The Animator","The Blackbeard","The Bladedancer","The Bug Knight","The Construct","The Cursed","The Disciple","The Gatherer","The Jungle","The Problem Sleuth","The Runesmith","The Servant 0.9.4","TheBandit","Unceasing Turn Reminder"],"gold_per_floor":[15,115,128,148,164,164,186,186,212,212,212],"floor_reached":10,"language":"ENG","playtime":511,"items_purged":[],"score":90,"play_id":"4cc9b2f3-802a-4181-b880-d0ff96bcbdeb","local_time":"20210212233304","is_ascension_mode":true,"campfire_choices":[{"data":"jedi:studyfrost","floor":6,"key":"SMITH"},{"data":"StuffTheSpire:SnapShoot","floor":8,"key":"SMITH"}],"circlet_count":0,"master_deck":["AscendersBane","Strike_B","Strike_B","Strike_B","Strike_B","Defend_B","Defend_B","Defend_B","Defend_B","Zap","Dualcast","jedi:studyfrost+1","Loop","Coolheaded","StuffTheSpire:Coldhearted","StuffTheSpire:SnapShoot+1"],"relics":["Cracked Core","infinitespire:Lychee Nut","Toy Ornithopter"],"acts_visited":["Exordium"],"potions_floor_usage":[10,10],"damage_taken":[{"damage":5,"enemies":"2 Louse","floor":1,"turns":3},{"damage":0,"enemies":"Cultist","floor":3,"turns":3},{"damage":9,"enemies":"Small Slimes","floor":4,"turns":4},{"damage":9,"enemies":"3 Louse","floor":5,"turns":5},{"damage":57,"enemies":"Gremlin Nob","floor":10,"turns":4}],"seed_played":"9045961006322747939","potions_obtained":[{"floor":3,"key":"ColorlessPotion"},{"floor":4,"key":"FearPotion"}],"is_trial":false,"path_per_floor":["M","?","M","M","M","R","?","R","T","E"],"character_chosen":"DEFECT","items_purchased":[],"campfire_rested":0,"item_purchase_floors":[],"current_hp_per_floor":[63,63,63,54,45,45,27,27,27,0,0],"gold":212,"neow_bonus":"THREE_RARE_CARDS","is_daily":false,"chose_seed":false,"campfire_upgraded":2,"win_rate":0.0,"timestamp":1613165584,"path_taken":["M","?","?","M","M","R","?","R","T","E"],"items_purchased_type":[],"build_version":"2020-12-22","purchased_purges":0,"victory":false,"max_hp_per_floor":[75,75,75,75,75,75,56,56,56,56,56],"card_choices":[{"not_picked":["Meteor Strike","StuffTheSpire:EventHorizon"],"picked":"jedi:studyfrost","floor":0},{"not_picked":["Barrage","Sunder"],"picked":"Loop","floor":1},{"not_picked":["StuffTheSpire:LoadUp","Rebound"],"picked":"Coolheaded","floor":3},{"not_picked":["Thunder Strike","conspire:Rain"],"picked":"StuffTheSpire:Coldhearted","floor":4},{"not_picked":["jedi:blockon","ReplayTheSpireMod:Reroute Power","Coolheaded"],"picked":"SKIP","floor":5},{"not_picked":["Stack","StuffTheSpire:Plugnplay"],"picked":"StuffTheSpire:SnapShoot","floor":7}],"player_experience":1477947,"relics_obtained":[{"floor":7,"key":"infinitespire:Lychee Nut"},{"floor":9,"key":"Toy Ornithopter"}],"event_choices":[{"damage_healed":0,"gold_gain":100,"player_choice":"Pray","damage_taken":0,"max_hp_gain":0,"max_hp_loss":0,"event_name":"Golden Shrine","floor":2,"gold_loss":0}],"is_beta":false,"boss_relics":[],"items_purged_floors":[],"is_endless":false,"potions_floor_spawned":[3,4,5],"killed_by":"Gremlin Nob","ascension_level":11}}