{"host":"m552uo5jodlktm3e","time":1613122009,"event":{"mods":["BaseMod","Colored Powertips","Downfall","Minty Spire (QoL Compilation)","Quick Restart","StSLib"],"gold_per_floor":[99,112,124,134,146,246,246,277,113,124,124,34,34,62,78,173,173,173,190,23,42,53,53,100,112,126,152,172,182,182,212,228,323,323,323,333,383,129,129,29,29,41,61,61,61,75,75,121,135,135],"floor_reached":51,"language":"ENG","playtime":3644,"items_purged":["sneckomod:Strike","Pain"],"score":726,"play_id":"3e6b20c1-6eac-4048-8197-601d97216de1","local_time":"20210212012649","is_ascension_mode":false,"campfire_choices":[{"data":"sneckomod:TailWhip","floor":13.0,"key":"SMITH"},{"data":"sneckomod:UnknownRareAttack","floor":18.0,"key":"SMITH"},{"data":"sneckomod:UnknownRareSkill","floor":35,"key":"SMITH"},{"floor":40,"key":"RECALL"},{"data":"sneckomod:UnknownBoss","floor":44,"key":"SMITH"}],"circlet_count":0,"master_deck":["sneckomod:Strike","sneckomod:Strike","sneckomod:Defend+1","sneckomod:Defend","sneckomod:Defend","sneckomod:TailWhip+1","sneckomod:SnekBite","sneckomod:Unknown","Slimebound:OozeBath","sneckomod:QuickBite","sneckomod:UnknownExhaust","sneckomod:UnknownCommonAttack","sneckomod:Mudshield","sneckomod:ImprovisedGuard","sneckomod:UnknownWeak+1","sneckomod:UnknownX","sneckomod:UnknownUncommonAttack","sneckomod:UnknownBoss+1","sneckomod:TrashToTreasure","sneckomod:SerpentIdol","sneckomod:UnknownRareAttack+1","sneckomod:WideSting","sneckomod:ImprovisedGuard+1","sneckomod:UnendingSupply","sneckomod:SerpentIdol+1","sneckomod:UnknownRareSkill+1","sneckomod:UnknownBlock+1","sneckomod:UnknownUncommonSkill+1","expansioncontent:StudyTheSpire+1","sneckomod:MorePower+1","sneckomod:UnknownX+1","sneckomod:UnknownX+1","sneckomod:UnknownWeak+1","sneckomod:UnknownRareSkill+1"],"relics":["sneckomod:SneckoSoul","Meat on the Bone","Prayer Wheel","War Paint","Ornamental Fan","CaptainsWheel","Sozu","Sling","Frozen Egg 2","Bag of Marbles","Juzu Bracelet","Omamori","Enchiridion","Oddly Smooth Stone","Snecko Eye","Mango","sneckomod:LoadedDie","Calipers","downfall:HeartBlessingGreen","Blue Candle","Bird Faced Urn"],"acts_visited":["Exordium","TheCity","TheBeyond"],"potions_floor_usage":[29,50,50],"damage_taken":[{"damage":0.0,"enemies":"2 Louse","floor":2.0,"turns":3.0},{"damage":1.0,"enemies":"Cultist","floor":3.0,"turns":3.0},{"damage":3.0,"enemies":"Jaw Worm","floor":4.0,"turns":3.0},{"damage":12.0,"enemies":"Blue Slaver","floor":5.0,"turns":3.0},{"damage":19.0,"enemies":"Lagavulin","floor":8.0,"turns":6.0},{"damage":10.0,"enemies":"downfall:FleeingMerchant","floor":9.0,"turns":4.0},{"damage":13.0,"enemies":"Red Slaver","floor":10.0,"turns":3.0},{"damage":16.0,"enemies":"downfall:FleeingMerchant","floor":12.0,"turns":4.0},{"damage":21.0,"enemies":"3 Sentries","floor":14.0,"turns":7.0},{"damage":17.0,"enemies":"Exordium Wildlife","floor":15.0,"turns":2.0},{"damage":28.0,"enemies":"IC_STATUS_ARCHETYPE","floor":16.0,"turns":5.0},{"damage":0.0,"enemies":"3 Byrds","floor":19.0,"turns":4.0},{"damage":5.0,"enemies":"downfall:FleeingMerchant","floor":20.0,"turns":4.0},{"damage":10.0,"enemies":"Cultist and Chosen","floor":21.0,"turns":4.0},{"damage":0.0,"enemies":"Snecko","floor":22.0,"turns":4.0},{"damage":14,"enemies":"Centurion and Healer","floor":25,"turns":3},{"damage":1,"enemies":"Sentry and Sphere","floor":26,"turns":4},{"damage":23,"enemies":"Gremlin Leader","floor":27,"turns":5},{"damage":15,"enemies":"Chosen and Byrds","floor":28,"turns":4},{"damage":17,"enemies":"downfall:FleeingMerchant","floor":29,"turns":4},{"damage":0,"enemies":"Slavers","floor":31,"turns":1},{"damage":17,"enemies":"Centurion and Healer","floor":32,"turns":4},{"damage":18,"enemies":"DF_ARCHETYPE_CLAW","floor":33,"turns":5},{"damage":0,"enemies":"3 Shapes","floor":36,"turns":1},{"damage":4,"enemies":"3 Shapes","floor":37,"turns":4},{"damage":0,"enemies":"3 Darklings","floor":42,"turns":2},{"damage":14,"enemies":"Sphere and 2 Shapes","floor":43,"turns":3},{"damage":0,"enemies":"Jaw Worm Horde","floor":46,"turns":2},{"damage":41,"enemies":"2 Orb Walkers","floor":48,"turns":7},{"damage":0,"enemies":"Maw","floor":49,"turns":7},{"damage":52,"enemies":"WA_ARCHETYPE_DIVINITY","floor":50,"turns":10}],"seed_played":"-4588623918266739587","potions_obtained":[{"floor":3.0,"key":"sneckomod:MuddlingPotion"},{"floor":14.0,"key":"Dexterity Potion"},{"floor":16.0,"key":"Swift Potion"}],"is_trial":false,"path_per_floor":["R","M","M","M","M","?","T","E","$","M","?","$","R","E","M","B",null,"R","M","$","M","M","?","T","M","M","E","M","$","?","E","M","B",null,"R","M","?","$","?","R","T","M","M","R","?","M","$","?","M","B",null],"character_chosen":"THE_SNECKO","items_purchased":["War Paint","Sling","expansioncontent:StudyTheSpire","Omamori","sneckomod:LoadedDie"],"campfire_rested":0,"item_purchase_floors":[9,20,29,29,38],"current_hp_per_floor":[99,99,98,95,83,83,83,64,54,53,46,42,42,39,34,18,99,99,99,94,84,84,84,84,70,69,58,55,50,34,46,41,35,99,99,99,109,109,109,109,109,109,95,95,95,95,95,66,86,54],"gold":135,"neow_bonus":"TEN_PERCENT_HP_BONUS","is_daily":false,"chose_seed":false,"campfire_upgraded":4,"win_rate":0.0,"timestamp":1613122009,"path_taken":["R","M","M","M","M","?","T","E","$","?","?","?","R","E","M","BOSS","R","M","$","M","M","?","T","M","M","E","M","$","?","E","M","BOSS","R","M","?","$","?","R","T","M","M","R","?","M","?","?","M","BOSS"],"items_purchased_type":["Relic","Relic","Card","Relic","Relic"],"build_version":"2020-12-22","purchased_purges":2,"victory":true,"max_hp_per_floor":[99,99,99,99,99,99,99,99,99,99,99,99,99,99,99,99,99,99,99,99,99,99,99,99,99,99,99,99,99,99,99,99,99,99,99,99,113,113,113,113,113,113,113,113,113,113,113,113,113,113],"card_choices":[{"not_picked":["sneckomod:ImprovisedGuard","sneckomod:UnknownDraw"],"picked":"sneckomod:QuickBite","floor":2.0},{"not_picked":["sneckomod:SoulDraw","sneckomod:RainOfDice"],"picked":"sneckomod:UnknownExhaust","floor":3.0},{"not_picked":["sneckomod:UnknownBlock","sneckomod:IronFang"],"picked":"sneckomod:UnknownCommonAttack","floor":4.0},{"not_picked":["sneckomod:UnknownCommonAttack","sneckomod:DiceCrush"],"picked":"sneckomod:Mudshield","floor":5.0},{"not_picked":["sneckomod:DefensiveFlair","sneckomod:Unknown0Cost"],"picked":"sneckomod:ImprovisedGuard","floor":8.0},{"not_picked":["sneckomod:UnendingSupply","sneckomod:SoulDraw"],"picked":"sneckomod:UnknownWeak","floor":9.0},{"not_picked":["sneckomod:ImprovisedGuard","sneckomod:SnekBeam"],"picked":"sneckomod:UnknownX","floor":10.0},{"not_picked":["sneckomod:SerpentIdol","sneckomod:SoulDraw","sneckomod:UnknownCommonAttack"],"picked":"SKIP","floor":10.0},{"not_picked":["sneckomod:Nope","sneckomod:SoulRoll"],"picked":"sneckomod:UnknownUncommonAttack","floor":12.0},{"not_picked":["sneckomod:DiceBlock","sneckomod:Nope"],"picked":"sneckomod:UnknownBoss","floor":14.0},{"not_picked":["sneckomod:QuickBite","sneckomod:RainOfDice"],"picked":"sneckomod:TrashToTreasure","floor":15.0},{"not_picked":["sneckomod:RainOfDice","sneckomod:UnknownVulnerable"],"picked":"sneckomod:SerpentIdol","floor":15.0},{"not_picked":["sneckomod:Cheat","sneckomod:Mudshield"],"picked":"sneckomod:UnknownRareAttack","floor":16.0},{"not_picked":["sneckomod:UnknownClassGUARDIAN","sneckomod:Unknown1Cost","sneckomod:SoulDraw+1"],"picked":"SKIP","floor":19.0},{"not_picked":["sneckomod:UnknownVulnerable","sneckomod:UnknownCommonSkill","sneckomod:Unknown2Cost"],"picked":"SKIP","floor":19.0},{"not_picked":["sneckomod:UnknownCommonSkill","sneckomod:SerpentMind"],"picked":"sneckomod:WideSting","floor":20.0},{"not_picked":["sneckomod:SoulCleanse","sneckomod:UnknownStrike"],"picked":"sneckomod:ImprovisedGuard+1","floor":21.0},{"not_picked":["sneckomod:UnknownDraw","sneckomod:UnknownClassHEXA_GHOST_PURPLE","sneckomod:SoulRoll"],"picked":"SKIP","floor":21.0},{"not_picked":["sneckomod:QuickMove","sneckomod:UnknownClassSLIMEBOUND+1"],"picked":"sneckomod:UnendingSupply","floor":22.0},{"not_picked":["sneckomod:SoulCleanse+1","sneckomod:UnknownClassGUARDIAN","sneckomod:IronFang"],"picked":"SKIP","floor":22.0},{"not_picked":["sneckomod:UnknownCommonSkill","sneckomod:TrashToTreasure"],"picked":"sneckomod:SerpentIdol+1","floor":25},{"not_picked":["sneckomod:QuickMove","sneckomod:UnknownStrike","sneckomod:UnknownDraw+1"],"picked":"SKIP","floor":25},{"not_picked":["sneckomod:QuickBite","sneckomod:UnendingSupply+1"],"picked":"sneckomod:UnknownRareSkill","floor":26},{"not_picked":["sneckomod:ImprovisedAttack","sneckomod:SoulCleanse","sneckomod:Nope+1"],"picked":"SKIP","floor":26},{"not_picked":["sneckomod:DiceCrush+1","sneckomod:SnakeSap","sneckomod:SnekBeam"],"picked":"SKIP","floor":27},{"not_picked":["sneckomod:DiceCrush","sneckomod:WideSting"],"picked":"sneckomod:UnknownBlock+1","floor":28},{"not_picked":["sneckomod:UnknownCommonSkill","sneckomod:UnknownClassGUARDIAN","sneckomod:Mudshield+1"],"picked":"SKIP","floor":28},{"not_picked":["sneckomod:SnekBeam","sneckomod:UnknownClassGUARDIAN"],"picked":"sneckomod:UnknownUncommonSkill+1","floor":29},{"not_picked":["sneckomod:UnknownBlock","sneckomod:UnknownClassSLIMEBOUND","sneckomod:ImprovisedAttack+1"],"picked":"SKIP","floor":31},{"not_picked":["sneckomod:IronFang","sneckomod:QuickBite+1","sneckomod:DefensiveFlair"],"picked":"SKIP","floor":32},{"not_picked":["sneckomod:UnknownStrike+1","sneckomod:UnknownDraw","sneckomod:SoulDraw"],"picked":"SKIP","floor":32},{"not_picked":["sneckomod:SerpentMind+1","sneckomod:SoulExchange"],"picked":"sneckomod:MorePower+1","floor":33},{"not_picked":["sneckomod:IronFang","sneckomod:DiceBlock+1","sneckomod:QuickBite+1"],"picked":"SKIP","floor":36},{"not_picked":["sneckomod:UnknownClassHEXA_GHOST_PURPLE+1","sneckomod:TrashToTreasure+1","sneckomod:Unknown1Cost"],"picked":"SKIP","floor":36},{"not_picked":["sneckomod:Unknown1Cost+1","sneckomod:UnknownCommonAttack+1"],"picked":"sneckomod:UnknownX+1","floor":37},{"not_picked":["sneckomod:UnknownClassSLIMEBOUND+1","sneckomod:SoulExchange","sneckomod:QuickMove+1"],"picked":"SKIP","floor":42},{"not_picked":["sneckomod:WideSting+1","sneckomod:DiceBlock+1","sneckomod:Unknown1Cost"],"picked":"SKIP","floor":42},{"not_picked":["sneckomod:UnknownWeak+1","sneckomod:Nope"],"picked":"sneckomod:UnknownX+1","floor":43},{"not_picked":["sneckomod:IronFang+1","sneckomod:ImprovisedAttack"],"picked":"sneckomod:UnknownWeak+1","floor":43},{"not_picked":["sneckomod:SoulCleanse","sneckomod:QuickMove+1","sneckomod:UnknownDraw"],"picked":"SKIP","floor":46},{"not_picked":["sneckomod:WideSting+1","sneckomod:UnknownVulnerable+1","sneckomod:Nope+1"],"picked":"SKIP","floor":46},{"not_picked":["sneckomod:UnknownUncommonPower+1","sneckomod:Unknown0Cost+1"],"picked":"sneckomod:UnknownRareSkill+1","floor":49},{"not_picked":["sneckomod:UnendingSupply+1","sneckomod:DiceBlock","sneckomod:UnknownUncommonAttack+1"],"picked":"SKIP","floor":49},{"not_picked":["sneckomod:UnknownExhaust+1","sneckomod:SoulExchange","sneckomod:Unknown1Cost+1"],"picked":"SKIP","floor":49}],"player_experience":1060665,"relics_obtained":[{"floor":7.0,"key":"Meat on the Bone"},{"floor":8.0,"key":"Prayer Wheel"},{"floor":14.0,"key":"CaptainsWheel"},{"floor":24.0,"key":"Bag of Marbles"},{"floor":27,"key":"Juzu Bracelet"},{"floor":30,"key":"Enchiridion"},{"floor":31,"key":"Oddly Smooth Stone"},{"floor":37,"key":"Mango"},{"floor":39,"key":"Calipers"},{"floor":41,"key":"Blue Candle"},{"floor":48,"key":"Bird Faced Urn"}],"event_choices":[{"damage_healed":0.0,"max_hp_gain":0.0,"max_hp_loss":0.0,"gold_gain":0.0,"event_name":"Scrap Ooze","player_choice":"Success","floor":11.0,"gold_loss":0.0,"damage_taken":7.0,"relics_obtained":["Ornamental Fan"]},{"damage_healed":0,"gold_gain":0,"player_choice":"Fight","damage_taken":0,"max_hp_gain":0,"max_hp_loss":0,"event_name":"Mysterious Sphere","floor":48,"gold_loss":0}],"is_beta":false,"boss_relics":[{"not_picked":["Velvet Choker","Black Star"],"picked":"Sozu"},{"not_picked":["Coffee Dripper","Empty Cage"],"picked":"Snecko Eye"}],"items_purged_floors":[12,38],"is_endless":false,"potions_floor_spawned":[3,14,16,22,26,28,31,32,33,43,46],"ascension_level":0}}