{"host":"x8s7139x96bc3le0","time":1613158138,"event":{"mods":["AchievementEnabler","BaseMod","Bestiary","Minty Spire (QoL Compilation)","Relic Stats","ojb\u0027s Better Paths Mod","ojb\u0027s Info Mod"],"gold_per_floor":[364,437,16,36,0,0,32,32,102,130,130,149,162,206,206,334,334,349,349,48,67,67,108,108,141,166,187,218,218,65,88,88,88,88],"floor_reached":33,"language":"ENG","playtime":2167,"items_purged":["Strike_G","Strike_G"],"score":502,"play_id":"420959e8-3fc1-4dfc-95a4-ee292ac39cee","local_time":"20210212202858","is_ascension_mode":true,"campfire_choices":[{"data":"Neutralize","floor":6.0,"key":"SMITH"},{"data":"Predator","floor":8.0,"key":"SMITH"},{"data":"Finisher","floor":15.0,"key":"SMITH"},{"floor":24.0,"key":"REST"},{"floor":29.0,"key":"RECALL"},{"floor":32.0,"key":"REST"}],"circlet_count":0,"master_deck":["Strike_G","Strike_G","Strike_G","Defend_G","Defend_G","Defend_G","Defend_G","Defend_G","Survivor","Neutralize+1","Dagger Throw","Backstab","Predator+1","Blade Dance","Blade Dance","Acrobatics","Finisher+1","Injury","Crippling Poison","Heel Hook","Envenom","Underhanded Strike+1","Eviscerate","Dagger Throw","Well Laid Plans","Accuracy"],"relics":["Ring of the Snake","White Beast Statue","Anchor","Oddly Smooth Stone","Mercury Hourglass","The Specimen","Golden Idol","Art of War","Fusion Hammer","ClockworkSouvenir","HornCleat","Bronze Scales","Strawberry","PreservedInsect","Frozen Eye"],"acts_visited":["Exordium","TheCity"],"potions_floor_usage":[33,33],"damage_taken":[{"damage":3.0,"enemies":"Cultist","floor":1.0,"turns":6.0},{"damage":0.0,"enemies":"Jaw Worm","floor":4.0,"turns":2.0},{"damage":9.0,"enemies":"3 Sentries","floor":7.0,"turns":7.0},{"damage":3.0,"enemies":"Lagavulin","floor":10.0,"turns":4.0},{"damage":0.0,"enemies":"Small Slimes","floor":12.0,"turns":1.0},{"damage":0.0,"enemies":"Exordium Wildlife","floor":13.0,"turns":2.0},{"damage":4.0,"enemies":"Gremlin Nob","floor":14.0,"turns":3.0},{"damage":10.0,"enemies":"Hexaghost","floor":16.0,"turns":9.0},{"damage":0.0,"enemies":"Spheric Guardian","floor":18.0,"turns":1.0},{"damage":4.0,"enemies":"3 Byrds","floor":21.0,"turns":3.0},{"damage":1.0,"enemies":"Slavers","floor":23.0,"turns":2.0},{"damage":3.0,"enemies":"Book of Stabbing","floor":25.0,"turns":4.0},{"damage":2.0,"enemies":"Centurion and Healer","floor":27.0,"turns":4.0},{"damage":0.0,"enemies":"Slavers","floor":28.0,"turns":4.0},{"damage":2.0,"enemies":"Snake Plant","floor":31.0,"turns":3.0},{"damage":88,"enemies":"Champ","floor":33,"turns":8}],"seed_played":"2982408838253416905","potions_obtained":[{"floor":4.0,"key":"Strength Potion"},{"floor":7.0,"key":"Poison Potion"},{"floor":10.0,"key":"Poison Potion"},{"floor":12.0,"key":"SpeedPotion"},{"floor":13.0,"key":"BlessingOfTheForge"},{"floor":14.0,"key":"GhostInAJar"},{"floor":16.0,"key":"FearPotion"},{"floor":18.0,"key":"PowerPotion"},{"floor":23.0,"key":"Poison Potion"},{"floor":25.0,"key":"SpeedPotion"},{"floor":27.0,"key":"SpeedPotion"},{"floor":28.0,"key":"BlessingOfTheForge"},{"floor":31.0,"key":"Regen Potion"}],"is_trial":false,"path_per_floor":["M","T","$","M","?","R","E","R","T","E","?","M","M","E","R","B",null,"M","?","$","M","?","E","R","E","T","M","E","R","$","M","R","B"],"character_chosen":"THE_SILENT","items_purchased":["Backstab","Predator","Blade Dance","Anchor","ClockworkSouvenir","SteroidPotion","Frozen Eye"],"campfire_rested":2,"item_purchase_floors":[3,3,3,3,20,20,30],"current_hp_per_floor":[60,60,60,60,60,60,51,51,51,48,48,48,48,44,44,34,56,56,56,56,52,52,51,63,60,67,65,65,65,65,63,70,0,0],"gold":88,"neow_bonus":"TWO_FIFTY_GOLD","is_daily":false,"chose_seed":false,"campfire_upgraded":3,"win_rate":0.0,"timestamp":1613158138,"path_taken":["M","?","$","M","?","R","E","R","T","E","?","?","M","E","R","BOSS","M","?","$","?","?","E","R","E","T","?","E","R","?","M","R","BOSS"],"items_purchased_type":["Card","Card","Card","Relic","Relic","Potion","Relic"],"build_version":"2020-12-22","purchased_purges":2,"victory":false,"max_hp_per_floor":[63,63,63,63,63,63,63,63,63,63,63,63,63,63,63,63,63,63,63,63,63,63,63,63,63,70,70,70,70,70,70,70,70,70],"relic_stats":{"counters":[16,63],"Golden Idol":79,"Bronze Scales":[54],"PreservedInsect":0,"Art of War":[1],"obtain_stats":[{"The Specimen":10,"Golden Idol":11,"Oddly Smooth Stone":7,"PreservedInsect":28,"White Beast Statue":2,"Mercury Hourglass":9,"ClockworkSouvenir":20,"Frozen Eye":30,"Anchor":3,"HornCleat":23,"Bronze Scales":25,"Strawberry":26,"Fusion Hammer":17,"Art of War":14,"Ring of the Snake":0},{"The Specimen":4,"Golden Idol":4,"Oddly Smooth Stone":3,"PreservedInsect":14,"White Beast Statue":1,"Mercury Hourglass":3,"ClockworkSouvenir":9,"Frozen Eye":14,"Anchor":1,"HornCleat":11,"Bronze Scales":12,"Strawberry":12,"Fusion Hammer":8,"Art of War":7,"Ring of the Snake":0},{"The Specimen":19,"Golden Idol":19,"Oddly Smooth Stone":15,"PreservedInsect":52,"White Beast Statue":6,"Mercury Hourglass":15,"ClockworkSouvenir":35,"Frozen Eye":52,"Anchor":6,"HornCleat":40,"Bronze Scales":44,"Strawberry":44,"Fusion Hammer":34,"Art of War":25,"Ring of the Snake":0}],"Ring of the Snake":[32],"Mercury Hourglass":[184]},"card_choices":[{"not_picked":["Prepared","Noxious Fumes"],"picked":"Dagger Throw","floor":1.0},{"not_picked":["Infinite Blades","PiercingWail"],"picked":"Blade Dance","floor":4.0},{"not_picked":["Noxious Fumes","PiercingWail"],"picked":"Acrobatics","floor":7.0},{"not_picked":["Die Die Die","Tools of the Trade"],"picked":"Finisher","floor":10.0},{"not_picked":["Distraction","Sucker Punch","PiercingWail"],"picked":"SKIP","floor":12.0},{"not_picked":["Outmaneuver","Bane"],"picked":"Crippling Poison","floor":13.0},{"not_picked":["Riddle With Holes","Footwork"],"picked":"Heel Hook","floor":14.0},{"not_picked":["Malaise","Tools of the Trade"],"picked":"Envenom","floor":16.0},{"not_picked":["Deadly Poison","Flying Knee"],"picked":"Underhanded Strike+1","floor":18.0},{"not_picked":["Dagger Throw+1","PiercingWail+1"],"picked":"Eviscerate","floor":21.0},{"not_picked":["Choke","Bane+1"],"picked":"Dagger Throw","floor":23.0},{"not_picked":["Endless Agony+1","Underhanded Strike","Masterful Stab+1"],"picked":"SKIP","floor":25.0},{"not_picked":["Bane+1","Blade Dance"],"picked":"Well Laid Plans","floor":27.0},{"not_picked":["PiercingWail+1","Venomology","Blur"],"picked":"SKIP","floor":28.0},{"not_picked":["Dagger Throw","Sucker Punch"],"picked":"Accuracy","floor":31.0}],"player_experience":849686,"relics_obtained":[{"floor":2.0,"key":"White Beast Statue"},{"floor":7.0,"key":"Oddly Smooth Stone"},{"floor":9.0,"key":"Mercury Hourglass"},{"floor":10.0,"key":"The Specimen"},{"floor":14.0,"key":"Art of War"},{"floor":23.0,"key":"HornCleat"},{"floor":25.0,"key":"Bronze Scales"},{"floor":26.0,"key":"Strawberry"},{"floor":28.0,"key":"PreservedInsect"}],"event_choices":[{"damage_healed":0.0,"max_hp_gain":0.0,"max_hp_loss":0.0,"gold_gain":0.0,"event_name":"World of Goop","player_choice":"Left Gold","floor":5.0,"gold_loss":36.0,"damage_taken":0.0},{"damage_healed":0.0,"max_hp_gain":0.0,"max_hp_loss":0.0,"gold_gain":0.0,"event_name":"Golden Idol","player_choice":"Take Wound","floor":11.0,"gold_loss":0.0,"damage_taken":0.0,"relics_obtained":["Golden Idol"],"cards_obtained":["Injury"]},{"damage_healed":0.0,"max_hp_gain":0.0,"max_hp_loss":0.0,"gold_gain":0.0,"event_name":"The Woman in Blue","player_choice":"Bought 0 Potions","floor":19.0,"gold_loss":0.0,"damage_taken":0.0},{"damage_healed":0.0,"max_hp_gain":0.0,"max_hp_loss":0.0,"gold_gain":0.0,"event_name":"N\u0027loth","player_choice":"Ignored","floor":22.0,"gold_loss":0.0,"damage_taken":0.0}],"is_beta":false,"boss_relics":[{"not_picked":["Snecko Eye","Black Star"],"picked":"Fusion Hammer"}],"items_purged_floors":[3,20],"is_endless":false,"potions_floor_spawned":[4,7,10,12,13,14,16,18,21,23,25,27,28,31],"killed_by":"Champ","ascension_level":9}}