{"host":"ly20tmf9be7b85hl","time":1613108236,"event":{"mods":["BaseMod","Colored Map","Keyboard Shortcuts","Minty Spire (QoL Compilation)","Permanent Neow","Quick Restart","SuperFastMode"],"gold_per_floor":[20,38,38,113,131,162,162,178,178,192,192,192,206,217,217,291,291,301,314,333,3,17,49,60,60,83,83,83,101,101,101,101,101,101],"floor_reached":33,"language":"KOR","playtime":2039,"items_purged":["Strike_G"],"score":642,"play_id":"ab741f80-6b17-4b9f-9b20-afa853fcd4fa","local_time":"20210212143716","is_ascension_mode":true,"campfire_choices":[{"data":"Tactician","floor":11.0,"key":"SMITH"},{"data":"Noxious Fumes","floor":15.0,"key":"SMITH"},{"data":"Wraith Form v2","floor":25.0,"key":"SMITH"},{"data":"Catalyst","floor":27.0,"key":"SMITH"},{"floor":32.0,"key":"RECALL"}],"circlet_count":0,"master_deck":["AscendersBane","Strike_G","Defend_G","Defend_G","Defend_G","Survivor","Neutralize","Infinite Blades","Quick Slash","Backstab","Tactician+1","Poisoned Stab","Backflip","Noxious Fumes+1","Deadly Poison","Burst","Catalyst+1","Cloak And Dagger","Deadly Poison+1","Reflex","Wraith Form v2+1","Catalyst+1","Dagger Throw","PiercingWail","Expertise","Bullet Time"],"relics":["Ring of the Snake","Oddly Smooth Stone","Blood Vial","Lantern","Coffee Dripper","Lee\u0027s Waffle","Letter Opener","Art of War"],"acts_visited":["Exordium","TheCity"],"potions_floor_usage":[33,33,33,33],"damage_taken":[{"damage":1.0,"enemies":"Small Slimes","floor":1.0,"turns":5.0},{"damage":4.0,"enemies":"Jaw Worm","floor":2.0,"turns":5.0},{"damage":1.0,"enemies":"2 Louse","floor":5.0,"turns":3.0},{"damage":8.0,"enemies":"Gremlin Nob","floor":6.0,"turns":3.0},{"damage":0.0,"enemies":"Looter","floor":8.0,"turns":4.0},{"damage":14.0,"enemies":"Large Slime","floor":10.0,"turns":7.0},{"damage":11.0,"enemies":"Gremlin Gang","floor":13.0,"turns":4.0},{"damage":3.0,"enemies":"Blue Slaver","floor":14.0,"turns":3.0},{"damage":0.0,"enemies":"Hexaghost","floor":16.0,"turns":8.0},{"damage":8.0,"enemies":"Spheric Guardian","floor":18.0,"turns":5.0},{"damage":23.0,"enemies":"Chosen","floor":19.0,"turns":5.0},{"damage":14.0,"enemies":"Snecko","floor":20.0,"turns":5.0},{"damage":10.0,"enemies":"Snake Plant","floor":22.0,"turns":3.0},{"damage":40.0,"enemies":"Book of Stabbing","floor":23.0,"turns":7.0},{"damage":22.0,"enemies":"Chosen and Byrds","floor":24.0,"turns":4.0},{"damage":2.0,"enemies":"Centurion and Healer","floor":29.0,"turns":5.0},{"damage":2,"enemies":"Automaton","floor":33,"turns":4}],"seed_played":"-5724872099899857005","potions_obtained":[{"floor":1.0,"key":"Strength Potion"},{"floor":5.0,"key":"SkillPotion"},{"floor":13.0,"key":"Dexterity Potion"},{"floor":14.0,"key":"SkillPotion"},{"floor":16.0,"key":"Strength Potion"},{"floor":19.0,"key":"Fire Potion"},{"floor":20.0,"key":"Block Potion"},{"floor":29.0,"key":"EntropicBrew"},{"floor":31.0,"key":"CultistPotion"}],"is_trial":false,"path_per_floor":["M","M","?","?","M","E","?","M","T","M","R","T","M","M","R","B",null,"M","M","M","$","M","E","M","R","T","R","?","M","?","?","R","B"],"character_chosen":"THE_SILENT","items_purchased":["Lee\u0027s Waffle","Reflex"],"campfire_rested":0,"item_purchase_floors":[21,21],"current_hp_per_floor":[58,54,47,36,35,27,27,27,27,15,15,15,6,5,5,7,51,45,24,12,73,63,25,5,5,5,5,5,5,5,5,5,5,5],"gold":101,"neow_bonus":"REMOVE_TWO","is_daily":false,"chose_seed":false,"campfire_upgraded":4,"win_rate":0.0,"timestamp":1613108236,"path_taken":["M","M","?","?","M","E","?","M","T","M","R","?","M","M","R","BOSS","M","M","M","$","M","E","M","R","T","R","?","?","?","?","R","BOSS"],"items_purchased_type":["Relic","Card"],"build_version":"2020-12-22","purchased_purges":1,"victory":false,"max_hp_per_floor":[66,66,66,66,66,66,66,66,66,66,66,66,66,66,66,66,66,66,66,66,73,73,73,73,73,73,73,73,73,73,73,73,73,73],"card_choices":[{"not_picked":["Sucker Punch","Setup"],"picked":"Infinite Blades","floor":1.0},{"not_picked":["Deflect","Outmaneuver"],"picked":"Quick Slash","floor":2.0},{"not_picked":["Caltrops","Crippling Poison"],"picked":"Backstab","floor":5.0},{"not_picked":["Catalyst","Distraction"],"picked":"Tactician","floor":6.0},{"not_picked":["All Out Attack","PiercingWail"],"picked":"Poisoned Stab","floor":8.0},{"not_picked":["Predator","Footwork"],"picked":"Backflip","floor":10.0},{"not_picked":["Catalyst","Dodge and Roll"],"picked":"Noxious Fumes","floor":13.0},{"not_picked":["Dagger Spray","Predator"],"picked":"Deadly Poison","floor":14.0},{"not_picked":["Glass Knife","Night Terror"],"picked":"Burst","floor":16.0},{"not_picked":["Leg Sweep","Heel Hook+1"],"picked":"Catalyst","floor":18.0},{"not_picked":["Sucker Punch","Blade Dance"],"picked":"Cloak And Dagger","floor":19.0},{"not_picked":["Slice","Dagger Spray"],"picked":"Deadly Poison+1","floor":20.0},{"not_picked":["Blade Dance","Flying Knee"],"picked":"Wraith Form v2","floor":22.0},{"not_picked":["Flying Knee","Leg Sweep+1"],"picked":"Catalyst","floor":23.0},{"not_picked":["Dagger Spray","Cloak And Dagger"],"picked":"Dagger Throw","floor":24.0},{"not_picked":["Accuracy","Quick Slash+1"],"picked":"PiercingWail","floor":29.0}],"player_experience":853587,"relics_obtained":[{"floor":6.0,"key":"Oddly Smooth Stone"},{"floor":9.0,"key":"Blood Vial"},{"floor":12.0,"key":"Lantern"},{"floor":23.0,"key":"Letter Opener"},{"floor":26.0,"key":"Art of War"}],"event_choices":[{"cards_removed":["Defend_G"],"damage_healed":0.0,"max_hp_gain":0.0,"max_hp_loss":0.0,"gold_gain":0.0,"event_name":"Golden Wing","player_choice":"Card Removal","floor":3.0,"gold_loss":0.0,"damage_taken":7.0},{"damage_healed":0.0,"max_hp_gain":0.0,"max_hp_loss":0.0,"gold_gain":75.0,"event_name":"World of Goop","player_choice":"Gather Gold","floor":4.0,"gold_loss":0.0,"damage_taken":11.0},{"damage_healed":0.0,"max_hp_gain":0.0,"max_hp_loss":0.0,"gold_gain":0.0,"event_name":"Scrap Ooze","player_choice":"Fled","floor":7.0,"gold_loss":0.0,"damage_taken":0.0},{"damage_healed":0.0,"max_hp_gain":0.0,"max_hp_loss":0.0,"gold_gain":0.0,"event_name":"Upgrade Shrine","player_choice":"Upgraded","floor":28.0,"gold_loss":0.0,"damage_taken":0.0,"cards_upgraded":["Catalyst"]},{"damage_healed":0.0,"max_hp_gain":0.0,"max_hp_loss":0.0,"gold_gain":0.0,"cards_transformed":["Strike_G","Defend_G"],"event_name":"Drug Dealer","player_choice":"Became Test Subject","floor":30.0,"gold_loss":0.0,"damage_taken":0.0,"cards_obtained":["Expertise","Bullet Time"]},{"damage_healed":0.0,"max_hp_gain":0.0,"max_hp_loss":0.0,"gold_gain":0.0,"event_name":"Lab","player_choice":"Got Potions","floor":31.0,"gold_loss":0.0,"damage_taken":0.0}],"is_beta":false,"boss_relics":[{"not_picked":["Ectoplasm","Snecko Eye"],"picked":"Coffee Dripper"}],"items_purged_floors":[21],"is_endless":false,"potions_floor_spawned":[1,5,13,14,16,19,20,29],"killed_by":"Automaton","ascension_level":20}}