{"host":"avfk0uqadyfnr875","time":1613113644,"event":{"mods":["2.2 Compatiblity","Act Like it!","BaseMod","Chen","Colored Powertips","Downfall","Gensokyo","Koishi","KomeijiMod","Marisa（F雨　魔理沙）","Minty Spire (QoL Compilation)","Pale of the Ancients","Quick Restart","READ ME - Guardian Mod","Reimu（博丽灵梦）","Shop Mod","StSLib","The Animator","[功能]功能增强和修复MOD"],"gold_per_floor":[225,400,214,214,254,291,338,350,362,234,234,282,282,325,325,816,816,830,830,676,705,595,595,640,640,640,659,734,791,791,841,841,1313,1313,1336,1359,1359,1211,1278,1322,1322,1369,1369,1421,1421,1489,1489,1510,1510,1514,1514,1514,861,923,998,1074,1074,845,920,1012,862,674,777,777,777,491,634,634,638],"floor_reached":70,"language":"ZHS","playtime":7892,"items_purged":["Doubt","animator:Strike","animator:Strike","animator:Strike","animator:Strike_GoblinSlayer","animator:Shiro","animator:Sora","animator:Defend","animator:Defend","animator:Defend","animator:Defend_GoblinSlayer","animator:Witch","animator:DwarfShaman","animator:Ain","animator:Add+1","animator:Priestess+1","animator:NagisaMomoe+1","animator:Hibiki+1","animator:NagisaMomoe+1","animator:Albedo+1","animator:LizardPriest+1","animator:Ciel+1","animator:Lu+1","animator:Ain+1"],"score":1900,"play_id":"14c21ca4-e20b-4678-88ec-6d4ccd402135","local_time":"20210212150724","is_ascension_mode":true,"campfire_choices":[{"data":"animator:NagisaMomoe","floor":8.0,"key":"SMITH"},{"floor":13.0,"key":"REST"},{"floor":15.0,"key":"RECALL"},{"data":"animator:Lu","floor":25.0,"key":"SMITH"},{"floor":30.0,"key":"REST"},{"data":"animator:HououinKyouma","floor":32.0,"key":"SMITH"},{"data":"animator:Tet","floor":41.0,"key":"SMITH"},{"floor":45.0,"key":"REST"},{"floor":47.0,"key":"DIG"},{"floor":49.0,"key":"DIG"},{"floor":52.0,"key":"DIG"},{"floor":68.0,"key":"REST"}],"circlet_count":0,"master_deck":["animator:Tet+1","animator:TsurugaMeisai+1","animator:GuildGirl+1","animator:HououinKyouma+1","animator:Shuna+1","animator:Tet+1","animator:Ainz+1","animator:HomuraAkemi+1","animator:Sebas+1","animator:OrikoMikuni+1","animator:Ainz+1","animator:FielNirvalen+1","animator:Gluttony+1","animator:DolaStephanie+1","animator:SwordMaiden+1","animator:GoblinSlayer+1","animator:Albedo+1","animator:Rimuru","animator:ChlammyZell+1","animator:Darkness+1","animator:TakanashiRikka+1","animator:Darkness+1","animator:Raven+1","animator:GuildGirl+1","animator:Hans+1","animator:Darkness+1","animator:Togame+1","animator:MisaKurobane+1","animator:Emilia+1","animator:Shuna+1","animator:WinryRockbell+1","animator:Eve+1","animator:TakanashiRikka+1","animator:YachiyoNanami+1","animator:Kazuma+1","animator:Shuna+1","animator:Magilou+1","animator:CowGirl+1"],"relics":["animator:TheEgnaroPiece","animator:LivingPicture","animator:TheMissingPiece","animator:AncientMedallion"],"acts_visited":["Exordium","TheCity","TheBeyond","TheEnding","EYB:TheUnnamedReign"],"potions_floor_usage":[69,69,69],"damage_taken":[{"damage":9.0,"enemies":"Cultist","floor":1.0,"turns":4.0},{"damage":2.0,"enemies":"2 Louse","floor":5.0,"turns":4.0},{"damage":4.0,"enemies":"Lagavulin","floor":6.0,"turns":8.0},{"damage":13.0,"enemies":"3 Sentries","floor":7.0,"turns":10.0},{"damage":13.0,"enemies":"Lagavulin","floor":12.0,"turns":8.0},{"damage":9.0,"enemies":"Gremlin Nob","floor":14.0,"turns":4.0},{"damage":25.0,"enemies":"The Guardian","floor":16.0,"turns":7.0},{"damage":13.0,"enemies":"3 Byrds","floor":18.0,"turns":2.0},{"damage":4.0,"enemies":"Chosen","floor":21.0,"turns":4.0},{"damage":11.0,"enemies":"Gremlin Leader","floor":24.0,"turns":3.0},{"damage":0.0,"enemies":"Snecko","floor":27.0,"turns":5.0},{"damage":7.0,"enemies":"animator:HornedBat","floor":29.0,"turns":3.0},{"damage":25.0,"enemies":"Book of Stabbing","floor":31.0,"turns":4.0},{"damage":15.0,"enemies":"Champ","floor":33.0,"turns":7.0},{"damage":8.0,"enemies":"Orb Walker","floor":35.0,"turns":3.0},{"damage":8.0,"enemies":"3 Shapes","floor":36.0,"turns":2.0},{"damage":0.0,"enemies":"Mind Bloom Boss Battle","floor":39.0,"turns":5.0},{"damage":0.0,"enemies":"Reptomancer","floor":40.0,"turns":2.0},{"damage":0.0,"enemies":"Giant Head","floor":42.0,"turns":8.0},{"damage":41.0,"enemies":"Nemesis","floor":44.0,"turns":6.0},{"damage":0.0,"enemies":"Orin","floor":46.0,"turns":7.0},{"damage":0.0,"enemies":"Sphere and 2 Shapes","floor":48.0,"turns":2.0},{"damage":48.0,"enemies":"Time Eater","floor":50.0,"turns":7.0},{"damage":103.0,"enemies":"animator:TRIPLE_SHAPES_WEAK","floor":54.0,"turns":12.0},{"damage":6.0,"enemies":"animator:UNNAMED_HAT","floor":55.0,"turns":14.0},{"damage":19.0,"enemies":"animator:LARGE_CUBE","floor":59.0,"turns":7.0},{"damage":0.0,"enemies":"animator:TRIPLE_LAGAVULIN","floor":60.0,"turns":9.0},{"damage":0.0,"enemies":"animator:ULTIMATE_CRYSTAL","floor":63.0,"turns":10.0},{"damage":12.0,"enemies":"animator:ULTIMATE_WISP","floor":67.0,"turns":8.0}],"seed_played":"-4404574747206062928","potions_obtained":[{"floor":1.0,"key":"GamblersBrew"},{"floor":5.0,"key":"Ancient Potion"},{"floor":6.0,"key":"FearPotion"},{"floor":6.0,"key":"Fire Potion"},{"floor":14.0,"key":"FearPotion"},{"floor":16.0,"key":"CalmPotion"},{"floor":18.0,"key":"Energy Potion"},{"floor":24.0,"key":"animator:GrowthPotion"},{"floor":31.0,"key":"SteroidPotion"},{"floor":31.0,"key":"MagicPotion:ReiMu"},{"floor":33.0,"key":"CalmPotion"},{"floor":35.0,"key":"FearPotion"},{"floor":36.0,"key":"BlessingOfTheForge"},{"floor":54.0,"key":"animator:FalseLifePotion"},{"floor":55.0,"key":"animator:FalseLifePotion"},{"floor":59.0,"key":"animator:FalseLifePotion"},{"floor":60.0,"key":"animator:FalseLifePotion"},{"floor":63.0,"key":"animator:FalseLifePotion"}],"is_trial":false,"path_per_floor":["M","?","$","?","M","E","E","R","T","$","?","E","R","E","R","B",null,"M","?","$","M","$","?","E","R","T","M","?","E","R","E","R","B",null,"M","M","?","$","?","E","R","E","T","E","R","?","R","M","R","B",null,"R","??","M","M","T","?","$","M","M","?","$","E","T","?","$","E","R","B",null],"character_chosen":"THE_ANIMATOR","items_purchased":["TheAbacus","WingedGreaves","ShirouKen","animator:GuildGirl","animator:HououinKyouma","Ancient Tea Set","Bronze Scales","Orrery","animator:Ain","animator:Buoy","Gremlin Horn","Sling","animator:Ainz","Question Card","Mastiff:ReiMu","Strange Spoon","Shuriken","animator:OldCoffin","ClockworkSouvenir","animator:FalseLifePotion","animator:Emilia","animator:AncientMedallion","animator:AncientMedallion","animator:AncientMedallion","animator:NagisaMomoe","animator:AncientMedallion","animator:AncientMedallion","animator:AncientMedallion","animator:FalseLifePotion","animator:FalseLifePotion","animator:TakanashiRikka","animator:YachiyoNanami","animator:Kazuma","animator:Shuna","animator:AncientMedallion","animator:AncientMedallion","animator:Magilou","animator:AncientMedallion","animator:FalseLifePotion"],"campfire_rested":4,"item_purchase_floors":[3,3,3,3,10,10,10,10,10,20,20,20,20,22,22,22,38,38,38,58,58,58,58,58,58,62,62,62,62,62,66,66,66,66,66,66,66,66,66],"current_hp_per_floor":[50,50,50,50,48,45,32,32,32,32,32,20,38,29,29,4,48,35,35,35,32,32,47,36,36,36,36,30,23,57,36,36,22,54,48,41,41,41,45,49,49,53,53,19,54,64,64,67,67,23,57,57,86,15,16,16,6,6,7,27,27,27,59,59,59,59,78,86,49],"gold":638,"neow_bonus":"HUNDRED_GOLD","is_daily":false,"chose_seed":false,"campfire_upgraded":4,"win_rate":0.0,"timestamp":1613113644,"path_taken":["M","?","$","?","?","E","E","R","T","$","?","E","R","E","R","BOSS","M","?","$","?","$","?","E","R","T","M","?","E","R","E","R","BOSS","M","?","?","$","?","E","R","E","T","E","R","?","R","?","R","BOSS","R","??","M","M","T","?","$","M","M","?","$","E","T","?","$","E","R","BOSS"],"items_purchased_type":["Relic","Relic","Relic","Card","Card","Relic","Relic","Relic","Card","Relic","Relic","Relic","Card","Relic","Relic","Relic","Relic","Relic","Relic","Potion","Card","Relic","Relic","Relic","Card","Relic","Relic","Relic","Potion","Potion","Card","Card","Card","Card","Relic","Relic","Card","Relic","Potion"],"build_version":"2020-12-22","purchased_purges":24,"victory":true,"max_hp_per_floor":[66,66,66,66,66,67,67,67,67,67,62,63,63,63,63,63,63,63,63,63,64,64,64,64,64,64,64,64,64,64,64,64,65,65,67,68,68,68,68,68,68,68,68,68,68,68,68,68,68,68,68,68,86,86,86,86,86,86,86,86,86,86,86,86,86,86,86,86,86],"card_choices":[{"not_picked":["animator:OrikoMikuni","animator:Aqua"],"picked":"animator:Tet","floor":1.0},{"not_picked":["animator:Togame","animator:Jibril"],"picked":"animator:TsurugaMeisai","floor":1.0},{"not_picked":["animator:SuzuneAmano","animator:GuildGirl"],"picked":"animator:Witch","floor":5.0},{"not_picked":["animator:Evileye","animator:HighElfArcher","animator:Ara"],"picked":"SKIP","floor":5.0},{"not_picked":["animator:Sloth","animator:WinryRockbell"],"picked":"animator:Priestess","floor":6.0},{"not_picked":["animator:IrohaTamaki","animator:YuiTsuruno"],"picked":"animator:NagisaMomoe","floor":7.0},{"not_picked":["animator:Chung","animator:Togame"],"picked":"animator:Ciel","floor":10.0},{"not_picked":["animator:DolaStephanie","animator:Souei"],"picked":"animator:Shuna","floor":10.0},{"not_picked":["animator:DwarfShaman","animator:MadokaKaname"],"picked":"animator:Sora","floor":12.0},{"not_picked":["animator:PandorasActor","animator:SayakaMiki"],"picked":"animator:Tet","floor":14.0},{"not_picked":["animator:Kyubey","animator:Rimuru"],"picked":"animator:Albedo","floor":16.0},{"not_picked":["animator:Kyubey","animator:Sora"],"picked":"animator:Ainz","floor":16.0},{"not_picked":["animator:Greed","animator:MadokaKaname"],"picked":"animator:HomuraAkemi","floor":16.0},{"not_picked":["animator:Envy","animator:Biyorigo"],"picked":"animator:Shiro","floor":16.0},{"not_picked":["animator:ChlammyZell","animator:Nanami"],"picked":"animator:Sebas","floor":18.0},{"not_picked":["animator:UneriGinkaku+1","animator:Raven"],"picked":"animator:OrikoMikuni","floor":18.0},{"not_picked":["animator:FielNirvalen","animator:Souei"],"picked":"animator:Ain+1","floor":21.0},{"not_picked":["animator:DolaCouronne","animator:ChlammyZell"],"picked":"animator:FielNirvalen","floor":21.0},{"not_picked":["animator:Vanir+1","animator:Rena","animator:Shizu"],"picked":"animator:Lu","floor":24.0},{"not_picked":["animator:Shalltear","animator:Benimaru","animator:Kazuma+1"],"picked":"animator:Gluttony+1","floor":27.0},{"not_picked":["animator:Pride","animator:DolaRiku","animator:KyokoSakura","animator:Vesta+1"],"picked":"SKIP","floor":27.0},{"not_picked":["animator:Ciel","animator:YachiyoNanami+1","animator:Ain+1"],"picked":"animator:DolaStephanie","floor":29.0},{"not_picked":["animator:DwarfShaman+1","animator:HighElfArcher+1","animator:GuildGirl"],"picked":"animator:SwordMaiden","floor":31.0},{"not_picked":["animator:Biyorigo","animator:Greed","animator:Sora"],"picked":"animator:GoblinSlayer+1","floor":33.0},{"not_picked":["animator:Elesis+1","animator:HomuraAkemi","animator:Ainz"],"picked":"animator:Eris","floor":33.0},{"not_picked":["animator:Greed","animator:Shizu+1","animator:Kyubey"],"picked":"animator:Albedo+1","floor":33.0},{"not_picked":["animator:Albedo+1","animator:Wiz","animator:Ainz"],"picked":"animator:Rimuru","floor":33.0},{"not_picked":["animator:Rena","animator:YachiyoNanami","animator:Vanir+1"],"picked":"animator:ChlammyZell+1","floor":35.0},{"not_picked":["animator:GazelDwargon","animator:Cocytus+1","animator:KyokoSakura+1","animator:Demiurge"],"picked":"SKIP","floor":35.0},{"not_picked":["animator:YunYun+1","animator:Shizu+1","animator:Evileye+1"],"picked":"animator:Darkness","floor":36.0},{"not_picked":["animator:ElricEdward+1","animator:ElricAlphonse","animator:Verdia+1","animator:Demiurge"],"picked":"SKIP","floor":36.0},{"not_picked":["animator:QuestionMark","animator:Zero","animator:HarukoHaruhara"],"picked":"animator:TakanashiRikka","floor":37.0},{"not_picked":["animator:DwarfShaman+1","animator:Shuna","animator:Nanami+1"],"picked":"animator:Darkness+1","floor":39.0},{"not_picked":["animator:GuildGirl","animator:Benimaru+1","animator:ElricEdward+1"],"picked":"animator:Raven+1","floor":40.0},{"not_picked":["animator:HighElfArcher+1","animator:CowGirl","animator:DwarfShaman+1"],"picked":"animator:GuildGirl","floor":42.0},{"not_picked":["animator:KyokoSakura+1","animator:DwarfShaman+1","animator:Benimaru+1"],"picked":"animator:Hans","floor":44.0},{"not_picked":["animator:ChlammyZell","animator:Vanir+1","animator:WinryRockbell+1"],"picked":"animator:Add+1","floor":48.0},{"not_picked":["animator:CowGirl","animator:YuiTsuruno+1","animator:Elsword+1","animator:Laby+1"],"picked":"SKIP","floor":48.0},{"not_picked":["animator:Ciel","animator:Hitei"],"picked":"animator:Darkness+1","floor":54.0},{"not_picked":["animator:Kazuma+1","animator:Verdia"],"picked":"animator:Togame+1","floor":55.0},{"not_picked":["animator:Souei+1","animator:Kazuma","animator:Shuna"],"picked":"SKIP","floor":55.0},{"not_picked":["animator:Magilou","animator:KotoriKanbe"],"picked":"animator:MisaKurobane","floor":57.0},{"not_picked":["animator:Kagari","animator:LimeBell"],"picked":"animator:Hibiki","floor":57.0},{"not_picked":["animator:Tet","animator:Verdia"],"picked":"animator:Shuna+1","floor":59.0},{"not_picked":["animator:DolaStephanie","animator:Verdia"],"picked":"animator:WinryRockbell+1","floor":59.0},{"not_picked":["animator:Mitsurugi+1","animator:Kazuma+1","animator:KyokoSakura"],"picked":"SKIP","floor":60.0},{"not_picked":["animator:WinryRockbell","animator:MamiTomoe","animator:NagisaMomoe"],"picked":"SKIP","floor":60.0},{"not_picked":["animator:Ainz+1","animator:Shiro+1"],"picked":"animator:Eve+1","floor":61.0},{"not_picked":["animator:DolaCouronne+1","animator:IrohaTamaki"],"picked":"animator:CowGirl+1","floor":67.0}],"player_experience":398443,"relics_obtained":[{"floor":6.0,"key":"Letter Opener"},{"floor":7.0,"key":"MawBank"},{"floor":14.0,"key":"Regal Pillow"},{"floor":16.0,"key":"Boot"},{"floor":24.0,"key":"Darkstone Periapt"},{"floor":26.0,"key":"Bottled Flame"},{"floor":29.0,"key":"animator:AlchemistGlove"},{"floor":31.0,"key":"Molten Egg 2"},{"floor":33.0,"key":"animator:ShionDessert"},{"floor":39.0,"key":"animator:HeavyHalberd"},{"floor":40.0,"key":"Red Skull"},{"floor":42.0,"key":"Ginger"},{"floor":43.0,"key":"Sundial"},{"floor":44.0,"key":"Shovel"},{"floor":46.0,"key":"CatCart"},{"floor":47.0,"key":"CrazyTorch:ReiMu"},{"floor":49.0,"key":"Paper Frog"},{"floor":52.0,"key":"White Beast Statue"},{"floor":53.0,"key":"animator:TheEgnaroPiece"},{"floor":56.0,"key":"animator:AncientMedallion"},{"floor":63.0,"key":"animator:AncientMedallion"},{"floor":64.0,"key":"animator:AncientMedallion"},{"floor":67.0,"key":"animator:AncientMedallion"}],"event_choices":[{"damage_healed":0.0,"max_hp_gain":0.0,"max_hp_loss":0.0,"gold_gain":175.0,"event_name":"Liars Game","player_choice":"AGREE","floor":2.0,"gold_loss":0.0,"damage_taken":0.0,"cards_obtained":["Doubt"]},{"damage_healed":0.0,"max_hp_gain":0.0,"max_hp_loss":0.0,"gold_gain":0.0,"event_name":"The Woman in Blue","player_choice":"Bought 0 Potions","floor":4.0,"gold_loss":0.0,"damage_taken":0.0},{"damage_healed":0.0,"max_hp_gain":0.0,"max_hp_loss":5.0,"gold_gain":0.0,"event_name":"Golden Idol","player_choice":"Lose Max HP","floor":11.0,"gold_loss":0.0,"damage_taken":0.0,"relics_obtained":["Golden Idol"]},{"damage_healed":0.0,"max_hp_gain":0.0,"max_hp_loss":0.0,"gold_gain":0.0,"event_name":"WeMeetAgain","player_choice":"Gave Potion","floor":19.0,"gold_loss":0.0,"damage_taken":0.0,"relics_obtained":["Bag of Preparation"]},{"damage_healed":0.0,"max_hp_gain":0.0,"max_hp_loss":0.0,"gold_gain":75.0,"event_name":"FaceTrader","player_choice":"Touch","floor":28.0,"gold_loss":0.0,"damage_taken":6.0},{"damage_healed":0.0,"max_hp_gain":0.0,"max_hp_loss":0.0,"gold_gain":0.0,"event_name":"SensoryStone","player_choice":"Memory 1","floor":37.0,"gold_loss":0.0,"damage_taken":0.0},{"damage_healed":0.0,"max_hp_gain":0.0,"max_hp_loss":0.0,"gold_gain":0.0,"event_name":"MindBloom","player_choice":"Fight","floor":39.0,"gold_loss":0.0,"damage_taken":0.0},{"damage_healed":0.0,"max_hp_gain":0.0,"max_hp_loss":0.0,"gold_gain":0.0,"event_name":"OrinTheCat","player_choice":"Fight","floor":46.0,"gold_loss":0.0,"damage_taken":0.0},{"damage_healed":0.0,"max_hp_gain":0.0,"max_hp_loss":0.0,"gold_gain":0.0,"event_name":"SensoryStone","player_choice":"Memory 3","floor":57.0,"gold_loss":0.0,"damage_taken":10.0}],"is_beta":false,"boss_relics":[{"not_picked":["Astrolabe","Cursed Key"],"picked":"SlaversCollar"},{"not_picked":["Empty Cage","Sozu"],"picked":"Runic Dome"}],"items_purged_floors":[3,3,3,3,10,20,20,20,38,38,38,38,58,58,58,58,62,62,66,66,66,66,66,66],"is_endless":false,"potions_floor_spawned":[1,5,6,6,12,12,14,14,16,16,18,24,24,24,29,31,31,33,35,36,36,39,40,42,42,44,44,46,48,48,54,55,59,63,67,67],"ascension_level":9}}