{"host":"vxxgntm1odai56nh","time":1613091638,"event":{"mods":["AchievementEnabler","BaseMod","Colored Map","Colored Powertips","Highlight Path","Minty Spire (QoL Compilation)","Permanent Neow","Rare Cards Sparkle","Relic Stats","StSLib"],"gold_per_floor":[217,492,32,68,102,174,174,233,256,256,256],"floor_reached":10,"language":"ENG","playtime":305,"items_purged":["Regret"],"score":76,"play_id":"527beb42-d13a-4a92-96c6-84cd843ab5df","local_time":"20210211200038","is_ascension_mode":true,"campfire_choices":[{"data":"HandOfGreed","floor":7,"key":"SMITH"}],"circlet_count":0,"master_deck":["Strike_B","Strike_B","Strike_B","Strike_B","Defend_B","Defend_B","Defend_B","Defend_B","Zap","Dualcast","Ball Lightning","Go for the Eyes","Streamline","HandOfGreed+1","White Noise","Chill","Self Repair"],"relics":["Cracked Core","Lantern","Boot","Omamori"],"acts_visited":["Exordium"],"potions_floor_usage":[],"damage_taken":[{"damage":2,"enemies":"2 Louse","floor":1,"turns":3},{"damage":0,"enemies":"Cultist","floor":4,"turns":3},{"damage":2,"enemies":"Small Slimes","floor":5,"turns":3},{"damage":44,"enemies":"3 Sentries","floor":6,"turns":10},{"damage":36,"enemies":"Gremlin Nob","floor":10,"turns":3}],"seed_played":"-428839208563180115","potions_obtained":[{"floor":6,"key":"SpeedPotion"}],"is_trial":false,"path_per_floor":["M","?","$","M","M","E","R","?","T","E"],"character_chosen":"DEFECT","items_purchased":["Go for the Eyes","Streamline","Lantern","HandOfGreed"],"campfire_rested":0,"item_purchase_floors":[3,3,3,3],"current_hp_per_floor":[73,73,73,73,71,27,27,27,27,0,0],"gold":256,"neow_bonus":"HUNDRED_GOLD","is_daily":false,"chose_seed":false,"campfire_upgraded":1,"win_rate":0.0,"timestamp":1613091638,"path_taken":["M","?","$","?","?","E","R","?","T","E"],"items_purchased_type":["Card","Card","Relic","Card"],"build_version":"2020-12-22","purchased_purges":1,"victory":false,"max_hp_per_floor":[75,75,75,75,75,75,75,75,75,75,75],"relic_stats":{"counters":[5,22],"Boot":[2],"obtain_stats":[{"Lantern":3,"Omamori":9,"Cracked Core":0,"Boot":6},{"Lantern":1,"Omamori":4,"Cracked Core":0,"Boot":4},{"Lantern":3,"Omamori":19,"Cracked Core":0,"Boot":19}]},"card_choices":[{"not_picked":["Barrage","Coolheaded"],"picked":"Ball Lightning","floor":1},{"not_picked":["Steam","Double Energy"],"picked":"White Noise","floor":4},{"not_picked":["Compile Driver","Darkness"],"picked":"Chill","floor":5},{"not_picked":["Coolheaded","Defragment"],"picked":"Self Repair","floor":6}],"player_experience":135141,"relics_obtained":[{"floor":6,"key":"Boot"},{"floor":9,"key":"Omamori"}],"event_choices":[{"damage_healed":0,"gold_gain":275,"player_choice":"Desecrate","damage_taken":0,"max_hp_gain":0,"max_hp_loss":0,"event_name":"Golden Shrine","floor":2,"gold_loss":0,"cards_obtained":["Regret"]},{"damage_healed":0,"gold_gain":59,"player_choice":"Gained Gold","damage_taken":0,"max_hp_gain":0,"max_hp_loss":0,"event_name":"Golden Wing","floor":8,"gold_loss":0}],"is_beta":false,"boss_relics":[],"items_purged_floors":[3],"is_endless":false,"potions_floor_spawned":[6],"killed_by":"Gremlin Nob","ascension_level":3}}