{"host":"amnup8uv961nil3y","time":1613164737,"event":{"mods":["Act Like it!","Aspiration","BaseMod","Bestiary","Better Altar","Better Match","Better Sensory Stone","Better Synergies","Better Third Choice","Block Reminder","Challenge The Spire","Colored Map","Colored Powertips","Colorless Booster Pack","Conspire","DeckTracker","Disable Question Mark Monsters","Elementarium","Energized Spire","Evolution","GifTheSpireLib","Halation","Hermit","HexUI Lib","Highlight Path","Hubris","Infinite Spire","Lotus Mark","Menagerie","Minty Spire (QoL Compilation)","Pale of the Ancients","Potion Indicator Mod","Quarter Circle Forward PUNCH!","Random Character Button","Relic Stats","Reliquary","Replay The Spire","Reworked Bosses","Shop Mod","Small Relic Pack","Spicy Shops","Spikes Relics","StSLib","Stuff the Spire","Swap Starting Deck Mod","The Jungle","Trackpad","Useless Jewels Mod","Wandering Minibosses"],"gold_per_floor":[115,115,40,40,56,81,81,108,154,168,196,44,62,78,78,182,182,199,216,216,106,126,152,164,199,199,277,291,216,216,141,141,241,241,271,271,283,309,344,408,408,434,434,579,579,641,764,764,764,764],"floor_reached":51,"language":"ENG","playtime":6627,"items_purged":[],"score":1082,"play_id":"831a6c63-e110-4179-a126-43481d3f9700","local_time":"20210212211857","is_ascension_mode":true,"campfire_choices":[{"data":"hermit:TakeCover","floor":7.0,"key":"SMITH"},{"data":"Hologram","floor":15.0,"key":"SMITH"},{"data":"hermit:Glare","floor":30.0,"key":"SMITH"},{"data":"hermit:BodyArmor","floor":32.0,"key":"SMITH"},{"data":"hermit:Covet","floor":45.0,"key":"SMITH"},{"data":"Hologram","floor":49,"key":"SMITH"}],"circlet_count":0,"master_deck":["hermit:Strike_Hermit","hermit:Defend_Hermit","hermit:Defend_Hermit","hermit:Defend_Hermit","hermit:Defend_Hermit","hermit:Snapshot","hermit:Covet+1","hermit:Vantage","ReplayReversal+1","hermit:BodyArmor+1","hermit:TakeCover+1","Cold Snap","hermit:Deadeye","Juggernaut+1","hermit:EyeOfTheStorm+1","Hologram+1","hermit:HeroicBravado+1","hermit:Glare+1","hermit:Gestalt","Glass Knife","Finisher","Endless Agony+1","hermit:HoleUp","hermit:FullyLoaded","hermit:BodyArmor+1","hermit:Snipe","hermit:Midnight","hermit:Vantage","hermit:GhostlyPresence","hermit:BodyArmor+1","hermit:LoneWolf+1","hermit:Dive+1","hermit:DeadOrAlive","hermit:Gestalt+1","hermit:Quickdraw+1","infinitespire:Fortify+1","hermit:FlashPowder+1","hermit:TakeAim+1","hermit:FlashPowder+1","hermit:FlashPowder+1","hermit:CursedWeapon","hermit:HoleUp+1","FTL","Headbutt+1","hermit:Glare+1","Warcry+1","Hologram+1"],"relics":["hermit:Momento","EVO:Axolotl","aspiration:Nostalgia","Iron Core","halation:BottledLove","qcfpunch:Necklace_of_Skulls","qcfpunch:Red_Beret","trackpad:WritersBlock","relicPack:SpireResearchBook","Black Star","Strawberry","hubris:FunFungus","reliquary:Boomerang","Prayer Wheel","trackpad:HandOfMidas","hubris:MobiusCoin","Replay:Ringing Soul","StuffTheSpire:PointBlank","Elementarium:ElementariumTrophy","energizedSpire:DeadBattery","StuffTheSpire:Expresso","hubris:TinFlute","SpikesRelics:DaevaFist","Replay:Mystery Machine","infinitespire:FocusingShard","reliquary:PrincelyHelmet","reliquary:Aerogel","InkBottle"],"acts_visited":["Menagerie:Menagerie","Elementarium:Elementarium","TheBeyond"],"potions_floor_usage":[50,50],"damage_taken":[{"damage":0.0,"enemies":"Menagerie:MonstrousExperiment","floor":1.0,"turns":4.0},{"damage":0.0,"enemies":"Menagerie:StygianBoar","floor":5.0,"turns":3.0},{"damage":6.0,"enemies":"Menagerie:VoidReaper","floor":6.0,"turns":6.0},{"damage":9.0,"enemies":"Menagerie:Hydra","floor":8.0,"turns":6.0},{"damage":0.0,"enemies":"Menagerie:WhisperingWraith","floor":10.0,"turns":4.0},{"damage":7.0,"enemies":"Menagerie:VoidReaper","floor":11.0,"turns":8.0},{"damage":2.0,"enemies":"Menagerie:RedMage","floor":13.0,"turns":4.0},{"damage":0.0,"enemies":"Menagerie:DREAD_MOTH_AND_GRAFTED_WORMS","floor":14.0,"turns":3.0},{"damage":0.0,"enemies":"Menagerie:AVATARS","floor":16.0,"turns":7.0},{"damage":0.0,"enemies":"Elementarium:MUD_AND_TAR_GOLEMS","floor":18.0,"turns":4.0},{"damage":0.0,"enemies":"Elementarium:2_ELEMENTALS","floor":19.0,"turns":6.0},{"damage":5.0,"enemies":"Elementarium:STONE_GOLEMS","floor":22.0,"turns":4.0},{"damage":2.0,"enemies":"Elementarium:ElementalPortal","floor":23.0,"turns":8.0},{"damage":4.0,"enemies":"Elementarium:VoidBeast","floor":24.0,"turns":5.0},{"damage":14.0,"enemies":"Elementarium:WarGolem","floor":25.0,"turns":9.0},{"damage":17.0,"enemies":"Elementarium:FIRE_NOBILITY","floor":27.0,"turns":6.0},{"damage":0.0,"enemies":"Elementarium:VOID_CORRUPTION_AND_TAR_GOLEM","floor":28.0,"turns":6.0},{"damage":3.0,"enemies":"Elementarium:GoldenDragon","floor":33.0,"turns":13.0},{"damage":0.0,"enemies":"Orb Walker","floor":35.0,"turns":2.0},{"damage":0.0,"enemies":"3 Shapes","floor":37.0,"turns":7.0},{"damage":0.0,"enemies":"Writhing Mass","floor":38.0,"turns":9.0},{"damage":3.0,"enemies":"Jaw Worm Horde","floor":39.0,"turns":5.0},{"damage":4.0,"enemies":"Giant Head","floor":40.0,"turns":9.0},{"damage":5.0,"enemies":"Reptomancer","floor":42.0,"turns":7.0},{"damage":3.0,"enemies":"Maw","floor":44.0,"turns":9.0},{"damage":2.0,"enemies":"R_Hoarder","floor":46.0,"turns":13.0},{"damage":2,"enemies":"Writhing Mass","floor":47,"turns":6},{"damage":2,"enemies":"Time Eater","floor":50,"turns":9}],"seed_played":"-8464904122561247632","potions_obtained":[{"floor":6.0,"key":"Milkshake"},{"floor":8.0,"key":"Energy Potion"},{"floor":11.0,"key":"Swift Potion"},{"floor":16.0,"key":"Venom Potion"},{"floor":22.0,"key":"SneckoOil"},{"floor":23.0,"key":"Fire Potion"},{"floor":24.0,"key":"Swift Potion"},{"floor":28.0,"key":"EssenceOfSteel"},{"floor":38.0,"key":"FearPotion"},{"floor":40.0,"key":"SteroidPotion"},{"floor":44.0,"key":"Adrenaline Potion"}],"is_trial":false,"path_per_floor":["M","?","?","$","M","E","R","E","T","M","E","$","M","M","R","B",null,"M","M","?","$","M","E","M","E","T","E","M","?","R","?","R","B",null,"M","?","M","M","M","E","?","E","T","M","R","E","M","T","R","B",null],"character_chosen":"HERMIT","items_purchased":["relicPack:SpireResearchBook","hermit:HoleUp","Strawberry"],"campfire_rested":0,"item_purchase_floors":[12,21,21],"current_hp_per_floor":[75,64,64,64,64,58,58,49,49,49,42,42,40,40,40,40,75,75,75,75,82,77,75,71,62,62,48,54,57,57,60,60,66,97,100,79,90,99,103,115,115,118,118,121,121,124,127,127,127,127],"gold":764,"neow_bonus":"NOSTALGIA","is_daily":false,"chose_seed":false,"campfire_upgraded":6,"win_rate":0.0,"timestamp":1613164737,"path_taken":["M","?","?","$","M","E","R","E","T","M","E","$","?","M","R","BOSS","M","?","?","$","?","E","M","E","T","E","M","?","R","?","R","BOSS","M","?","M","M","M","E","?","E","T","M","R","E","?","?","R","BOSS"],"items_purchased_type":["Relic","Card","Relic"],"build_version":"2020-12-22","purchased_purges":0,"victory":true,"max_hp_per_floor":[75,75,75,75,75,75,75,75,75,75,75,75,75,75,75,75,75,75,75,75,82,82,82,82,82,82,85,88,91,91,94,94,97,97,100,103,106,109,112,115,115,118,118,121,121,124,127,127,127,127],"relic_stats":{"counters":[28,182],"Prayer Wheel":7,"Black Star":6,"obtain_stats":[{"Iron Core":0,"reliquary:Boomerang":23,"reliquary:PrincelyHelmet":46,"reliquary:Aerogel":46,"EVO:Axolotl":0,"qcfpunch:Red_Beret":9,"Replay:Mystery Machine":42,"relicPack:SpireResearchBook":12,"Replay:Ringing Soul":27,"Strawberry":21,"trackpad:WritersBlock":11,"qcfpunch:Necklace_of_Skulls":8,"Prayer Wheel":25,"hubris:FunFungus":23,"hubris:TinFlute":40,"InkBottle":48,"hubris:MobiusCoin":26,"trackpad:HandOfMidas":25,"aspiration:Nostalgia":0,"halation:BottledLove":6,"StuffTheSpire:Expresso":40,"infinitespire:FocusingShard":43,"energizedSpire:DeadBattery":34,"Elementarium:ElementariumTrophy":33,"Black Star":17,"StuffTheSpire:PointBlank":27,"SpikesRelics:DaevaFist":42,"hermit:Momento":0},{"Iron Core":0,"reliquary:Boomerang":13,"reliquary:PrincelyHelmet":26,"reliquary:Aerogel":26,"EVO:Axolotl":0,"qcfpunch:Red_Beret":4,"Replay:Mystery Machine":24,"relicPack:SpireResearchBook":6,"Replay:Ringing Soul":16,"Strawberry":11,"trackpad:WritersBlock":6,"qcfpunch:Necklace_of_Skulls":4,"Prayer Wheel":15,"hubris:FunFungus":13,"hubris:TinFlute":23,"InkBottle":27,"hubris:MobiusCoin":15,"trackpad:HandOfMidas":15,"aspiration:Nostalgia":0,"halation:BottledLove":3,"StuffTheSpire:Expresso":23,"infinitespire:FocusingShard":24,"energizedSpire:DeadBattery":18,"Elementarium:ElementariumTrophy":18,"Black Star":9,"StuffTheSpire:PointBlank":16,"SpikesRelics:DaevaFist":24,"hermit:Momento":0},{"Iron Core":0,"reliquary:Boomerang":67,"reliquary:PrincelyHelmet":167,"reliquary:Aerogel":167,"EVO:Axolotl":0,"qcfpunch:Red_Beret":19,"Replay:Mystery Machine":145,"relicPack:SpireResearchBook":31,"Replay:Ringing Soul":87,"Strawberry":55,"trackpad:WritersBlock":31,"qcfpunch:Necklace_of_Skulls":19,"Prayer Wheel":81,"hubris:FunFungus":67,"hubris:TinFlute":138,"InkBottle":173,"hubris:MobiusCoin":81,"trackpad:HandOfMidas":81,"aspiration:Nostalgia":0,"halation:BottledLove":13,"StuffTheSpire:Expresso":138,"infinitespire:FocusingShard":145,"energizedSpire:DeadBattery":106,"Elementarium:ElementariumTrophy":106,"Black Star":45,"StuffTheSpire:PointBlank":87,"SpikesRelics:DaevaFist":145,"hermit:Momento":0}],"InkBottle":[4]},"card_choices":[{"not_picked":["Warcry","hermit:Dive"],"picked":"hermit:Vantage","floor":1.0},{"not_picked":["FTL+1","Dual Wield+1"],"picked":"ReplayReversal+1","floor":3.0},{"not_picked":["Clash+1","hermit:SprayPray+1"],"picked":"hermit:BodyArmor+1","floor":3.0},{"not_picked":["hermit:HighCaliber","hermit:Coalescence"],"picked":"hermit:TakeCover","floor":5.0},{"not_picked":["hermit:Headshot","hermit:LowProfile"],"picked":"Cold Snap","floor":6.0},{"not_picked":["WeaponsOverheat","hermit:ItchyTrigger","hermit:Misfire"],"picked":"SKIP","floor":8.0},{"not_picked":["hermit:Spite","hermit:Snipe"],"picked":"hermit:Deadeye","floor":10.0},{"not_picked":["Seeing Red","hermit:RoundhouseKick"],"picked":"Juggernaut","floor":11.0},{"not_picked":["hermit:LuckOfTheDraw","hermit:Ricochet"],"picked":"hermit:EyeOfTheStorm","floor":13.0},{"not_picked":["hermit:Manifest","Turbo"],"picked":"Hologram","floor":14.0},{"not_picked":["hermit:FinalCanter","hermit:FatalDesire"],"picked":"hermit:HeroicBravado","floor":16.0},{"not_picked":["hermit:LowProfile","hermit:Desperado"],"picked":"hermit:Glare","floor":18.0},{"not_picked":["hermit:Headshot","hermit:Roulette"],"picked":"hermit:Gestalt","floor":19.0},{"not_picked":["hermit:SprayPray+1","hermit:Headshot"],"picked":"hermit:FullyLoaded","floor":22.0},{"not_picked":["hermit:Headshot","hermit:LuckOfTheDraw+1"],"picked":"hermit:BodyArmor","floor":23.0},{"not_picked":["hermit:Desperado","hermit:Feint"],"picked":"hermit:Snipe","floor":24.0},{"not_picked":["hermit:Roulette","hermit:Vantage"],"picked":"hermit:Midnight","floor":25.0},{"not_picked":["hermit:Glare","hermit:HighCaliber"],"picked":"hermit:Vantage","floor":27.0},{"not_picked":["hermit:EternalForm","hermit:Ricochet"],"picked":"hermit:GhostlyPresence","floor":28.0},{"not_picked":["hermit:CalledShot","hermit:SprayPray+1"],"picked":"hermit:BodyArmor+1","floor":28.0},{"not_picked":["hermit:Midnight+1","hermit:Virtue+1"],"picked":"hermit:LoneWolf+1","floor":29.0},{"not_picked":["Heavy Blade+1","hermit:BodyArmor+1"],"picked":"hermit:Dive+1","floor":31.0},{"not_picked":["Reaper","ReplayTheSpireMod:Omega Cannon"],"picked":"hermit:DeadOrAlive","floor":33.0},{"not_picked":["hermit:TrackingShot+1","hermit:Feint"],"picked":"hermit:Gestalt+1","floor":35.0},{"not_picked":["hermit:Ricochet+1","hermit:CalledShot+1"],"picked":"hermit:Quickdraw+1","floor":35.0},{"not_picked":["infinitespire:FutureSight","ReplayTheSpireMod:Black Plague"],"picked":"infinitespire:Fortify","floor":36.0},{"not_picked":["hermit:Maintenance","hermit:Dissolve"],"picked":"hermit:FlashPowder+1","floor":37.0},{"not_picked":["hermit:Showdown+1","hermit:Virtue"],"picked":"hermit:TakeAim+1","floor":37.0},{"not_picked":["hermit:Roulette","hermit:HoleUp+1"],"picked":"hermit:FlashPowder+1","floor":38.0},{"not_picked":["hermit:TakeCover+1","hermit:Manifest","hermit:Misfire"],"picked":"SKIP","floor":38.0},{"not_picked":["hermit:TakeAim","hermit:GhostlyPresence"],"picked":"hermit:FlashPowder+1","floor":39.0},{"not_picked":["hermit:WideOpen+1","hermit:Midnight+1"],"picked":"hermit:CursedWeapon","floor":39.0},{"not_picked":["hermit:Midnight+1","hermit:Determination+1"],"picked":"hermit:HoleUp+1","floor":40.0},{"not_picked":["hermit:Manifest+1","hermit:Magnum"],"picked":"FTL","floor":42.0},{"not_picked":["Flex","hermit:Glare"],"picked":"Headbutt+1","floor":44.0},{"not_picked":["WeaponsOverheat","Glacier","Cold Snap+1"],"picked":"SKIP","floor":44.0},{"not_picked":["hermit:LowProfile+1","Iron Wave"],"picked":"hermit:Glare+1","floor":46.0},{"not_picked":["Fire Breathing","hermit:SprayPray"],"picked":"Warcry+1","floor":47},{"not_picked":["Inflame+1","ReplayTheSpireMod:GoodbyeWorld"],"picked":"Hologram","floor":47}],"player_experience":384221,"relics_obtained":[{"floor":6.0,"key":"halation:BottledLove"},{"floor":8.0,"key":"qcfpunch:Necklace_of_Skulls"},{"floor":9.0,"key":"qcfpunch:Red_Beret"},{"floor":11.0,"key":"trackpad:WritersBlock"},{"floor":23.0,"key":"hubris:FunFungus"},{"floor":23.0,"key":"reliquary:Boomerang"},{"floor":25.0,"key":"Prayer Wheel"},{"floor":25.0,"key":"trackpad:HandOfMidas"},{"floor":26.0,"key":"hubris:MobiusCoin"},{"floor":27.0,"key":"Replay:Ringing Soul"},{"floor":27.0,"key":"StuffTheSpire:PointBlank"},{"floor":40.0,"key":"StuffTheSpire:Expresso"},{"floor":40.0,"key":"hubris:TinFlute"},{"floor":42.0,"key":"SpikesRelics:DaevaFist"},{"floor":42.0,"key":"Replay:Mystery Machine"},{"floor":43.0,"key":"infinitespire:FocusingShard"},{"floor":46.0,"key":"reliquary:PrincelyHelmet"},{"floor":46.0,"key":"reliquary:Aerogel"},{"floor":48,"key":"InkBottle"}],"event_choices":[{"damage_healed":0.0,"max_hp_gain":0.0,"max_hp_loss":0.0,"gold_gain":0.0,"event_name":"Menagerie:ScentOfGold","player_choice":"Run","floor":2.0,"gold_loss":0.0,"damage_taken":11.0},{"damage_healed":0.0,"max_hp_gain":0.0,"max_hp_loss":0.0,"gold_gain":0.0,"event_name":"betterMatch:BetterMatch","player_choice":"2","floor":3.0,"gold_loss":0.0,"damage_taken":0.0,"cards_obtained":["betterMatch:CommonCard","betterMatch:UncommonCard"]},{"damage_healed":0.0,"max_hp_gain":0.0,"max_hp_loss":0.0,"gold_gain":0.0,"event_name":"betterMatch:BetterMatch","player_choice":"2","floor":29.0,"gold_loss":0.0,"damage_taken":0.0,"cards_obtained":["betterMatch:UncommonCard"]},{"damage_healed":0.0,"max_hp_gain":0.0,"max_hp_loss":0.0,"gold_gain":0.0,"event_name":"betterMatch:BetterMatch","player_choice":"2","floor":31.0,"gold_loss":0.0,"damage_taken":0.0,"cards_obtained":["betterMatch:CommonCard"]},{"damage_healed":0.0,"max_hp_gain":0.0,"max_hp_loss":0.0,"gold_gain":0.0,"event_name":"Upgrade Shrine","player_choice":"Upgraded","floor":41.0,"gold_loss":0.0,"damage_taken":0.0,"cards_upgraded":["infinitespire:Fortify"]}],"is_beta":false,"boss_relics":[{"not_picked":["Calling Bell","conspire:SeveredTorchhead"],"picked":"Black Star"},{"not_picked":["SacredBark","reliquary:Ember"],"picked":"energizedSpire:DeadBattery"}],"items_purged_floors":[],"is_endless":false,"potions_floor_spawned":[6,8,11,14,16,22,23,24,28,38,40,44,47],"ascension_level":1}}