{"host":"mo4d2vii2wc3uyp7","time":1613129472,"event":{"mods":["AchievementEnabler","BaseMod","Colored Map","Highlight Path","Keyboard Shortcuts","Minty Spire (QoL Compilation)","Permanent Neow","Quick Restart","Shop Mod","StSLib","SuperFastMode","everything is the same but u backflip on backflip"],"gold_per_floor":[114,132,146,116,127,127,14,48,122,152,165,177,209,209,209,209,209],"floor_reached":16,"language":"KOR","playtime":439,"items_purged":["Strike_G"],"score":154,"play_id":"f99183f4-3c05-432e-9d77-6136820cb1f0","local_time":"20210212203112","is_ascension_mode":true,"campfire_choices":[{"data":"Calculated Gamble","floor":6,"key":"SMITH"},{"floor":15,"key":"REST"}],"circlet_count":0,"master_deck":["Strike_G","Strike_G","Strike_G","Strike_G","Defend_G","Defend_G","Defend_G","Defend_G","Survivor","Neutralize","Calculated Gamble+1","Heel Hook","Poisoned Stab","Caltrops","Escape Plan","All Out Attack","Sucker Punch","Dagger Throw"],"relics":["Ring of the Snake","Art of War","Du-Vu Doll","HornCleat","Regal Pillow","Bottled Flame"],"acts_visited":["Exordium"],"potions_floor_usage":[10,13,13,16],"damage_taken":[{"damage":0,"enemies":"2 Louse","floor":1,"turns":3},{"damage":6,"enemies":"Jaw Worm","floor":2,"turns":6},{"damage":0,"enemies":"Small Slimes","floor":3,"turns":3},{"damage":0,"enemies":"Looter","floor":4,"turns":4},{"damage":5,"enemies":"Blue Slaver","floor":5,"turns":4},{"damage":16,"enemies":"Gremlin Nob","floor":8,"turns":4},{"damage":0,"enemies":"3 Sentries","floor":10,"turns":3},{"damage":0,"enemies":"Large Slime","floor":11,"turns":6},{"damage":14,"enemies":"Exordium Wildlife","floor":12,"turns":3},{"damage":4,"enemies":"Lagavulin","floor":13,"turns":7},{"damage":71,"enemies":"The Guardian","floor":16,"turns":16}],"seed_played":"-5376663208045116178","potions_obtained":[{"floor":1,"key":"ColorlessPotion"},{"floor":3,"key":"GhostInAJar"},{"floor":5,"key":"Energy Potion"},{"floor":12,"key":"Energy Potion"},{"floor":13,"key":"Explosive Potion"}],"is_trial":false,"path_per_floor":["M","M","M","M","M","R","$","E","T","E","M","M","E","?","R","B"],"character_chosen":"THE_SILENT","items_purchased":["Escape Plan"],"campfire_rested":1,"item_purchase_floors":[7],"current_hp_per_floor":[70,64,64,64,59,59,59,43,43,43,43,29,25,18,54,0,0],"gold":209,"neow_bonus":"RANDOM_COMMON_RELIC","is_daily":false,"chose_seed":false,"campfire_upgraded":1,"win_rate":0.0,"timestamp":1613129472,"path_taken":["M","M","M","M","M","R","$","E","T","E","M","M","E","?","R","BOSS"],"items_purchased_type":["Card"],"build_version":"2020-12-22","purchased_purges":1,"victory":false,"max_hp_per_floor":[70,70,70,70,70,70,70,70,70,70,70,70,70,70,70,70,70],"card_choices":[{"not_picked":["Infinite Blades","Outmaneuver","Well Laid Plans"],"picked":"SKIP","floor":1},{"not_picked":["Dodge and Roll","Blade Dance"],"picked":"Calculated Gamble","floor":2},{"not_picked":["Accuracy","Blade Dance"],"picked":"Heel Hook","floor":3},{"not_picked":["Slice","Deflect"],"picked":"Poisoned Stab","floor":4},{"not_picked":["Concentrate","Underhanded Strike"],"picked":"Caltrops","floor":5},{"not_picked":["Deflect","Blade Dance"],"picked":"All Out Attack","floor":8},{"not_picked":["Well Laid Plans","Heel Hook","Eviscerate"],"picked":"SKIP","floor":10},{"not_picked":["Well Laid Plans","Infinite Blades"],"picked":"Sucker Punch","floor":11},{"not_picked":["Blade Dance","Poisoned Stab"],"picked":"Dagger Throw","floor":12},{"not_picked":["Dodge and Roll","Underhanded Strike","PiercingWail"],"picked":"SKIP","floor":13}],"player_experience":620217,"relics_obtained":[{"floor":8,"key":"Du-Vu Doll"},{"floor":9,"key":"HornCleat"},{"floor":10,"key":"Regal Pillow"},{"floor":13,"key":"Bottled Flame"}],"event_choices":[{"cards_removed":["Defend_G"],"damage_healed":0,"gold_gain":0,"player_choice":"Card Removal","damage_taken":7,"max_hp_gain":0,"max_hp_loss":0,"event_name":"Golden Wing","floor":14,"gold_loss":0}],"is_beta":false,"boss_relics":[],"items_purged_floors":[7],"is_endless":false,"potions_floor_spawned":[1,3,5,12,13],"killed_by":"The Guardian","ascension_level":1}}