{"host":"s24sb66hw4a4sfft","time":1613113018,"event":{"mods":["AchievementEnabler","BaseMod","Colored Map","Colored Powertips","Googly Eyes","Hermit","Hubris","Minty Spire (QoL Compilation)","Quick Restart","Shop Mod","StSLib"],"gold_per_floor":[114,114,124,124,136,136,205,237,237,55,127,127,177,215,215,337,387,401,433,514,575,211,171,212,212,212,212,275,317,330,380,380,380,380],"floor_reached":33,"language":"ENG","playtime":1936,"items_purged":["hermit:Strike_Hermit","hermit:Strike_Hermit"],"score":261,"play_id":"41fe8997-031d-4e89-a2dc-dc3ff90a6ae8","local_time":"20210212015658","is_ascension_mode":false,"campfire_choices":[{"data":"hermit:Quickdraw","floor":6.0,"key":"SMITH"},{"floor":12.0,"key":"REST"},{"floor":15.0,"key":"REST"},{"floor":25,"key":"REST"},{"floor":27,"key":"REST"},{"floor":32,"key":"REST"}],"circlet_count":0,"master_deck":["hermit:Defend_Hermit","hermit:Defend_Hermit","hermit:Defend_Hermit+1","hermit:Defend_Hermit","hermit:Covet","hermit:Snipe","hermit:BigShot","hermit:Quickdraw+1","hermit:ItchyTrigger","hermit:Malice","hermit:Enervate","hermit:BlackWind","hermit:FinalCanter","hermit:FinalCanter","hermit:Enervate","hermit:BodyArmor+1","hermit:Feint+1","hermit:EyeOfTheStorm+1","hubris:DuctTapeCard+2","Enlightenment","hermit:Horror"],"relics":["hermit:Momento","Oddly Smooth Stone","SsserpentHead","The Courier","Shuriken","Toy Ornithopter","Tiny House","hubris:DuctTape","Letter Opener","hermit:Horseshoe"],"acts_visited":["Exordium","TheCity"],"potions_floor_usage":[20,20,20,24,30,33],"damage_taken":[{"damage":0.0,"enemies":"2 Louse","floor":1.0,"turns":2.0},{"damage":11.0,"enemies":"Jaw Worm","floor":3.0,"turns":2.0},{"damage":6.0,"enemies":"Cultist","floor":5.0,"turns":3.0},{"damage":3.0,"enemies":"Red Slaver","floor":7.0,"turns":3.0},{"damage":20.0,"enemies":"Lagavulin","floor":8.0,"turns":6.0},{"damage":21.0,"enemies":"3 Sentries","floor":11.0,"turns":5.0},{"damage":1.0,"enemies":"Large Slime","floor":14.0,"turns":4.0},{"damage":18.0,"enemies":"Slime Boss","floor":16.0,"turns":9.0},{"damage":0.0,"enemies":"Spheric Guardian","floor":18.0,"turns":3.0},{"damage":27.0,"enemies":"Shell Parasite","floor":19.0,"turns":6.0},{"damage":24,"enemies":"Centurion and Healer","floor":20,"turns":3},{"damage":19,"enemies":"Chosen and Byrds","floor":21,"turns":7},{"damage":0,"enemies":"Snecko","floor":24,"turns":3},{"damage":12,"enemies":"Centurion and Healer","floor":28,"turns":5},{"damage":27,"enemies":"Sentry and Sphere","floor":29,"turns":4},{"damage":16,"enemies":"Cultist and Chosen","floor":30,"turns":6},{"damage":77,"enemies":"hubris:MusketHawk","floor":33,"turns":6}],"seed_played":"-2904989948915950141","potions_obtained":[{"floor":3.0,"key":"EntropicBrew"},{"floor":11.0,"key":"LiquidMemories"},{"floor":16.0,"key":"Strength Potion"},{"floor":17.0,"key":"CultistPotion"},{"floor":19.0,"key":"PowerPotion"},{"floor":21,"key":"DistilledChaos"},{"floor":29,"key":"ColorlessPotion"},{"floor":30,"key":"SkillPotion"}],"is_trial":false,"path_per_floor":["M","?","M","?","M","R","M","E","T","$","E","R","?","M","R","B",null,"M","M","M","M","$","?","M","R","T","R","M","M","M","T","R","B"],"character_chosen":"HERMIT","items_purchased":["HandOfGreed","Fire Potion","hubris:DuctTape","Enlightenment"],"campfire_rested":5,"item_purchase_floors":[10,10,22,22],"current_hp_per_floor":[75,75,64,64,58,58,55,35,35,35,14,36,36,35,57,44,80,80,53,44,25,25,25,30,54,54,78,66,39,28,28,52,0,0],"gold":380,"neow_bonus":"RANDOM_COMMON_RELIC","is_daily":false,"chose_seed":false,"campfire_upgraded":1,"win_rate":0.0,"timestamp":1613113018,"path_taken":["M","?","M","?","M","R","?","E","T","?","E","R","?","M","R","BOSS","M","M","?","?","$","?","M","R","T","R","?","M","M","?","R","BOSS"],"items_purchased_type":["Card","Potion","Relic","Card"],"build_version":"2020-12-22","purchased_purges":2,"victory":false,"max_hp_per_floor":[75,75,75,75,75,75,75,75,75,75,75,75,75,75,75,75,80,80,80,80,80,80,80,80,80,80,80,80,80,80,80,80,80,80],"card_choices":[{"not_picked":["hermit:Feint","hermit:Coalescence"],"picked":"hermit:Snipe","floor":1.0},{"not_picked":["hermit:LowProfile","hermit:Gestalt"],"picked":"hermit:BigShot","floor":3.0},{"not_picked":["hermit:Spite","hermit:Feint"],"picked":"hermit:Quickdraw","floor":5.0},{"not_picked":["hermit:Roulette","hermit:HoleUp"],"picked":"hermit:ItchyTrigger","floor":7.0},{"not_picked":["hermit:Desperado","hermit:Midnight"],"picked":"hermit:Malice","floor":8.0},{"not_picked":["hermit:DeadMansHand","hermit:Gestalt"],"picked":"hermit:Enervate","floor":11.0},{"not_picked":["hermit:LowProfile","hermit:ItchyTrigger"],"picked":"hermit:FinalCanter","floor":14.0},{"not_picked":["hermit:Magnum","hermit:FromBeyond"],"picked":"hermit:FinalCanter","floor":16.0},{"not_picked":["hermit:Malice","hermit:Roulette"],"picked":"hermit:Enervate","floor":18.0},{"not_picked":["hermit:CalledShot","hermit:Snipe"],"picked":"hermit:BodyArmor+1","floor":19.0},{"not_picked":["hermit:TrackingShot","hermit:TakeAim"],"picked":"hermit:Feint+1","floor":20},{"not_picked":["hermit:Headshot","hermit:Malice"],"picked":"hermit:EyeOfTheStorm+1","floor":21},{"not_picked":["hermit:Adapt","hermit:Shortfuse"],"picked":"hermit:Horror","floor":24},{"not_picked":["hermit:Vantage","hermit:Brawl","hermit:SprayPray"],"picked":"SKIP","floor":28},{"not_picked":["hermit:Roulette","hermit:WideOpen","hermit:Scavenge"],"picked":"SKIP","floor":29},{"not_picked":["hermit:FlashPowder","hermit:TrackingShot","hermit:Manifest"],"picked":"SKIP","floor":30}],"player_experience":619355,"relics_obtained":[{"floor":8.0,"key":"The Courier"},{"floor":9.0,"key":"Shuriken"},{"floor":11.0,"key":"Toy Ornithopter"},{"floor":26,"key":"Letter Opener"},{"floor":31,"key":"hermit:Horseshoe"}],"event_choices":[{"damage_healed":0.0,"max_hp_gain":0.0,"max_hp_loss":0.0,"gold_gain":0.0,"event_name":"FaceTrader","player_choice":"Trade","floor":4.0,"gold_loss":0.0,"damage_taken":0.0,"relics_obtained":["SsserpentHead"]},{"damage_healed":0.0,"max_hp_gain":0.0,"max_hp_loss":0.0,"gold_gain":0.0,"cards_transformed":["hermit:Strike_Hermit"],"event_name":"Transmorgrifier","player_choice":"Transformed","floor":13.0,"gold_loss":0.0,"damage_taken":0.0,"cards_obtained":["hermit:BlackWind"]},{"cards_removed":["hermit:Strike_Hermit"],"damage_healed":0,"gold_gain":0,"player_choice":"Upgrade and Remove","damage_taken":0,"max_hp_gain":0,"max_hp_loss":0,"event_name":"Designer","floor":23,"gold_loss":90,"cards_upgraded":["hubris:DuctTapeCard"]}],"is_beta":false,"boss_relics":[{"not_picked":["Coffee Dripper","Snecko Eye"],"picked":"Tiny House"}],"items_purged_floors":[10,22],"is_endless":false,"potions_floor_spawned":[3,11,16,18,19,21,29,30],"killed_by":"hubris:MusketHawk","ascension_level":0}}