{"host":"rantoq7h0pygex6x","time":1613140467,"event":{"mods":["AchievementEnabler","BaseMod","BetterRewards","Minty Spire (QoL Compilation)"],"gold_per_floor":[116,126,126,48,62,62,83,118,118,149,149,149,149,180,180,273,273,228,252,252,265,281,281,309,16,16,51,51,51,101,113,113,187,187,201,214,214,233,253,253,284,284,284,294,294,294],"floor_reached":45,"language":"ENG","playtime":1491,"items_purged":[],"score":1081,"play_id":"16a537c5-dbef-439a-8b32-45475d59a0ed","local_time":"20210212223427","is_ascension_mode":true,"campfire_choices":[{"data":"Metallicize","floor":6.0,"key":"SMITH"},{"data":"Body Slam","floor":12.0,"key":"SMITH"},{"floor":15.0,"key":"REST"},{"data":"Inflame","floor":23.0,"key":"SMITH"},{"data":"Shockwave","floor":28.0,"key":"SMITH"},{"data":"Bash","floor":32.0,"key":"SMITH"},{"data":"Anger","floor":40.0,"key":"SMITH"},{"data":"Strike_R","floor":42.0,"key":"SMITH"}],"circlet_count":0,"master_deck":["AscendersBane","Strike_R","Strike_R+1","Defend_R","Defend_R","Defend_R+1","Bash+1","Inflame+1","Shrug It Off+1","Metallicize+1","Body Slam+1","Metallicize+1","Anger+1","Shockwave+1","True Grit+1","Barricade+1","Feel No Pain+1","Ghostly Armor+1","Power Through+1","Inflame+1","Metallicize+1","Spot Weakness+1","Havoc+1","Warcry+1","Impervious+1","Infernal Blade+1","Seeing Red+1","Metallicize+1"],"relics":["Burning Blood","Bloody Idol","Frozen Egg 2","Smiling Mask","Toxic Egg 2","StoneCalendar","Happy Flower","Coffee Dripper","Strawberry","Anchor","Pear","Ornamental Fan","Empty Cage","War Paint","Bronze Scales"],"acts_visited":["Exordium","TheCity","TheBeyond"],"potions_floor_usage":[45],"damage_taken":[{"damage":1.0,"enemies":"Cultist","floor":1.0,"turns":5.0},{"damage":7.0,"enemies":"Small Slimes","floor":2.0,"turns":5.0},{"damage":4.0,"enemies":"2 Louse","floor":5.0,"turns":4.0},{"damage":3.0,"enemies":"Exordium Wildlife","floor":7.0,"turns":4.0},{"damage":16.0,"enemies":"Gremlin Nob","floor":8.0,"turns":4.0},{"damage":18.0,"enemies":"3 Sentries","floor":10.0,"turns":11.0},{"damage":13.0,"enemies":"Gremlin Nob","floor":14.0,"turns":5.0},{"damage":22.0,"enemies":"The Guardian","floor":16.0,"turns":11.0},{"damage":18.0,"enemies":"2 Thieves","floor":18.0,"turns":5.0},{"damage":6.0,"enemies":"3 Byrds","floor":19.0,"turns":7.0},{"damage":5.0,"enemies":"Snecko","floor":21.0,"turns":7.0},{"damage":17.0,"enemies":"Centurion and Healer","floor":22.0,"turns":7.0},{"damage":3.0,"enemies":"Book of Stabbing","floor":24.0,"turns":7.0},{"damage":18.0,"enemies":"Slavers","floor":27.0,"turns":7.0},{"damage":0.0,"enemies":"Sentry and Sphere","floor":31.0,"turns":7.0},{"damage":24.0,"enemies":"Champ","floor":33.0,"turns":10.0},{"damage":5.0,"enemies":"Orb Walker","floor":35.0,"turns":6.0},{"damage":5.0,"enemies":"3 Shapes","floor":36.0,"turns":7.0},{"damage":8.0,"enemies":"Writhing Mass","floor":38.0,"turns":6.0},{"damage":0.0,"enemies":"Spire Growth","floor":39.0,"turns":6.0},{"damage":42.0,"enemies":"Giant Head","floor":41.0,"turns":8.0},{"damage":0.0,"enemies":"Maw","floor":44.0,"turns":7.0},{"damage":81,"enemies":"Reptomancer","floor":45,"turns":3}],"seed_played":"6586737621940526076","potions_obtained":[{"floor":1.0,"key":"PowerPotion"},{"floor":5.0,"key":"Strength Potion"},{"floor":10.0,"key":"LiquidMemories"},{"floor":14.0,"key":"Strength Potion"},{"floor":16.0,"key":"SpeedPotion"},{"floor":18.0,"key":"Block Potion"},{"floor":22.0,"key":"DistilledChaos"},{"floor":27.0,"key":"ColorlessPotion"},{"floor":33.0,"key":"DuplicationPotion"},{"floor":35.0,"key":"Block Potion"},{"floor":41.0,"key":"ElixirPotion"}],"is_trial":false,"path_per_floor":["M","M","?","?","M","R","M","E","T","E","?","R","?","E","R","B",null,"M","M","?","M","M","R","E","$","T","E","R","?","?","M","R","B",null,"M","M","?","M","M","R","E","R","T","M","E"],"character_chosen":"IRONCLAD","items_purchased":["Inflame","Shrug It Off","Metallicize+1","Spot Weakness+1","Anchor"],"campfire_rested":1,"item_purchase_floors":[0,0,25,25,25],"current_hp_per_floor":[73,72,46,46,48,48,51,41,41,29,22,22,22,15,37,21,62,50,50,50,56,50,50,65,65,75,68,68,68,73,84,84,71,87,92,92,92,92,92,92,61,61,61,72,0,0],"gold":294,"neow_bonus":"","is_daily":false,"chose_seed":false,"campfire_upgraded":7,"win_rate":0.0,"timestamp":1613140467,"path_taken":["M","M","?","?","?","R","M","E","T","E","?","R","?","E","R","BOSS","M","M","?","M","M","R","E","$","T","E","R","?","?","M","R","BOSS","M","?","?","M","M","R","E","R","T","?","E"],"items_purchased_type":["Card","Card","Card","Card","Relic"],"build_version":"2020-12-22","purchased_purges":0,"victory":false,"max_hp_per_floor":[75,75,75,75,75,75,75,75,75,75,75,75,75,75,75,75,75,75,75,75,75,75,75,82,82,92,92,92,92,92,92,92,92,92,92,92,92,92,92,92,92,92,92,92,92,92],"card_choices":[{"not_picked":["True Grit","Flex"],"picked":"Metallicize","floor":1.0},{"not_picked":["Rage","Sword Boomerang"],"picked":"Body Slam","floor":2.0},{"not_picked":["Fire Breathing+1","Shrug It Off"],"picked":"Metallicize+1","floor":5.0},{"not_picked":["Perfected Strike","True Grit"],"picked":"Anger","floor":7.0},{"not_picked":["Hemokinesis","Offering"],"picked":"Shockwave","floor":8.0},{"not_picked":["Heavy Blade","Blood for Blood","Clothesline"],"picked":"SKIP","floor":10.0},{"not_picked":["Sever Soul","Thunderclap"],"picked":"True Grit+1","floor":14.0},{"not_picked":["Bludgeon","Berserk+1"],"picked":"Barricade+1","floor":16.0},{"not_picked":["Sword Boomerang","Thunderclap","Body Slam"],"picked":"SKIP","floor":18.0},{"not_picked":["Evolve+1","Iron Wave"],"picked":"Feel No Pain+1","floor":19.0},{"not_picked":["Dual Wield+1","Body Slam"],"picked":"Ghostly Armor+1","floor":21.0},{"not_picked":["Headbutt","Sever Soul"],"picked":"Power Through+1","floor":22.0},{"not_picked":["Heavy Blade","Thunderclap+1"],"picked":"Inflame+1","floor":24.0},{"not_picked":["Bludgeon","Perfected Strike"],"picked":"Havoc+1","floor":27.0},{"not_picked":["Disarm+1","Armaments+1"],"picked":"Warcry+1","floor":31.0},{"not_picked":["Berserk+1","Barricade+1"],"picked":"Impervious+1","floor":33.0},{"not_picked":["Thunderclap+1","Cleave","Headbutt"],"picked":"SKIP","floor":35.0},{"not_picked":["Iron Wave","Clothesline","Ghostly Armor+1"],"picked":"SKIP","floor":36.0},{"not_picked":["True Grit+1","Heavy Blade"],"picked":"Infernal Blade+1","floor":38.0},{"not_picked":["Armaments+1","Cleave","Feed"],"picked":"SKIP","floor":39.0},{"not_picked":["True Grit+1","Warcry+1"],"picked":"Seeing Red+1","floor":41.0},{"not_picked":["Heavy Blade","Bloodletting+1"],"picked":"Metallicize+1","floor":44.0}],"player_experience":991661,"relics_obtained":[{"floor":8.0,"key":"Smiling Mask"},{"floor":9.0,"key":"Toxic Egg 2"},{"floor":10.0,"key":"StoneCalendar"},{"floor":14.0,"key":"Happy Flower"},{"floor":24.0,"key":"Strawberry"},{"floor":26.0,"key":"Pear"},{"floor":27.0,"key":"Ornamental Fan"},{"floor":41.0,"key":"War Paint"},{"floor":43.0,"key":"Bronze Scales"}],"event_choices":[{"damage_healed":0.0,"max_hp_gain":0.0,"max_hp_loss":0.0,"gold_gain":0.0,"event_name":"Golden Idol","player_choice":"Take Damage","floor":3.0,"gold_loss":0.0,"damage_taken":26.0,"relics_obtained":["Golden Idol"]},{"damage_healed":0.0,"max_hp_gain":0.0,"max_hp_loss":0.0,"gold_gain":0.0,"event_name":"WeMeetAgain","player_choice":"Paid Gold","floor":4.0,"gold_loss":78.0,"damage_taken":0.0,"relics_obtained":["Frozen Egg 2"]},{"cards_removed":["Strike_R"],"damage_healed":0.0,"max_hp_gain":0.0,"max_hp_loss":0.0,"gold_gain":0.0,"event_name":"Golden Wing","player_choice":"Card Removal","floor":11.0,"gold_loss":0.0,"damage_taken":7.0},{"damage_healed":0.0,"max_hp_gain":0.0,"max_hp_loss":0.0,"gold_gain":0.0,"event_name":"Liars Game","player_choice":"Ignored","floor":13.0,"gold_loss":0.0,"damage_taken":0.0},{"damage_healed":0.0,"max_hp_gain":0.0,"max_hp_loss":0.0,"gold_gain":0.0,"event_name":"Forgotten Altar","player_choice":"Gave Idol","floor":20.0,"relics_lost":["Golden Idol"],"gold_loss":0.0,"damage_taken":0.0,"relics_obtained":["Bloody Idol"]},{"damage_healed":0.0,"max_hp_gain":0.0,"max_hp_loss":0.0,"gold_gain":100.0,"event_name":"The Joust","player_choice":"Bet on Murderer","floor":30.0,"gold_loss":50.0,"damage_taken":0.0},{"cards_removed":["Strike_R"],"damage_healed":0.0,"max_hp_gain":0.0,"max_hp_loss":0.0,"gold_gain":0.0,"event_name":"Purifier","player_choice":"Purged","floor":37.0,"gold_loss":0.0,"damage_taken":0.0}],"is_beta":false,"boss_relics":[{"not_picked":["Velvet Choker","Runic Cube"],"picked":"Coffee Dripper"},{"not_picked":["Runic Dome","Sozu"],"picked":"Empty Cage"}],"items_purged_floors":[],"is_endless":false,"potions_floor_spawned":[1,5,10,14,16,18,22,27,33,35,41,44],"killed_by":"Reptomancer","ascension_level":20}}