{"host":"b6y7xm5pwpiq42ks","time":1613165580,"event":{"mods":["AchievementEnabler","BaseMod","Colored Powertips","Highlight Path","Minty Spire (QoL Compilation)","Permanent Neow","Quick Restart"],"gold_per_floor":[118,118,21,41,52,52,79,104,128,157,170,226,240,259,259,259,259],"floor_reached":16,"language":"ENG","playtime":472,"items_purged":[],"score":134,"play_id":"b8887ad8-fb06-4411-9d3c-3a3f2c987d96","local_time":"20210212133300","is_ascension_mode":true,"campfire_choices":[{"data":"Dramatic Entrance","floor":6.0,"key":"SMITH"},{"floor":15,"key":"REST"}],"circlet_count":0,"master_deck":["Strike_R","Strike_R","Strike_R","Strike_R","Strike_R","Defend_R","Defend_R","Defend_R","Defend_R","Bash","Rage","Dramatic Entrance+1","Flex","Armaments","Feel No Pain","Offering+1","Dark Embrace","Flex+1","Twin Strike","Anger","Anger"],"relics":["Burning Blood","NeowsBlessing","GremlinMask","Strawberry","Toxic Egg 2","Red Skull","MealTicket","Dream Catcher"],"acts_visited":["Exordium"],"potions_floor_usage":[],"damage_taken":[{"damage":0.0,"enemies":"Small Slimes","floor":1.0,"turns":1.0},{"damage":0.0,"enemies":"Cultist","floor":4.0,"turns":1.0},{"damage":0.0,"enemies":"Jaw Worm","floor":5.0,"turns":1.0},{"damage":25.0,"enemies":"3 Sentries","floor":8.0,"turns":7.0},{"damage":44.0,"enemies":"Gremlin Nob","floor":10.0,"turns":5.0},{"damage":6.0,"enemies":"2 Fungi Beasts","floor":11.0,"turns":2.0},{"damage":40.0,"enemies":"Lagavulin Event","floor":12.0,"turns":6.0},{"damage":25,"enemies":"Exordium Thugs","floor":13,"turns":4},{"damage":0,"enemies":"Blue Slaver","floor":14,"turns":2},{"damage":49,"enemies":"The Guardian","floor":16,"turns":5}],"seed_played":"-2779747701927245230","potions_obtained":[{"floor":4.0,"key":"Explosive Potion"},{"floor":8.0,"key":"Weak Potion"},{"floor":10.0,"key":"FairyPotion"}],"is_trial":false,"path_per_floor":["M","?","$","M","M","R","T","E","T","E","M","?","M","M","R","B"],"character_chosen":"IRONCLAD","items_purchased":["Dramatic Entrance"],"campfire_rested":1,"item_purchase_floors":[3],"current_hp_per_floor":[80,80,80,80,80,80,87,68,68,30,30,32,13,19,45,0,0],"gold":259,"neow_bonus":"THREE_ENEMY_KILL","is_daily":false,"chose_seed":false,"campfire_upgraded":1,"win_rate":0.0,"timestamp":1613165580,"path_taken":["M","?","?","M","M","R","?","E","T","E","M","?","M","M","R","BOSS"],"items_purchased_type":["Card"],"build_version":"2020-12-22","purchased_purges":0,"victory":false,"max_hp_per_floor":[80,80,80,80,80,80,87,87,87,87,87,87,87,87,87,87,87],"card_choices":[{"not_picked":["Flex","Burning Pact"],"picked":"Rage","floor":1.0},{"not_picked":["Armaments","Blood for Blood"],"picked":"Flex","floor":4.0},{"not_picked":["Rupture","Clothesline"],"picked":"Armaments","floor":5.0},{"not_picked":["Headbutt","Heavy Blade"],"picked":"Feel No Pain","floor":8.0},{"not_picked":["Warcry+1","Seeing Red+1"],"picked":"Offering+1","floor":10.0},{"not_picked":["Inflame","Perfected Strike"],"picked":"Dark Embrace","floor":11.0},{"not_picked":["Power Through+1","Headbutt"],"picked":"Flex+1","floor":12.0},{"not_picked":["Rampage","Body Slam"],"picked":"Twin Strike","floor":13},{"not_picked":["Brutality","Perfected Strike"],"picked":"Anger","floor":14},{"not_picked":["Entrench+1","Shrug It Off+1"],"picked":"Anger","floor":15}],"player_experience":169661,"relics_obtained":[{"floor":7.0,"key":"Strawberry"},{"floor":8.0,"key":"Toxic Egg 2"},{"floor":9.0,"key":"Red Skull"},{"floor":10.0,"key":"MealTicket"}],"event_choices":[{"damage_healed":0.0,"max_hp_gain":0.0,"max_hp_loss":0.0,"gold_gain":0.0,"event_name":"FaceTrader","player_choice":"Trade","floor":2.0,"gold_loss":0.0,"damage_taken":0.0,"relics_obtained":["GremlinMask"]},{"damage_healed":0.0,"max_hp_gain":0.0,"max_hp_loss":0.0,"gold_gain":0.0,"event_name":"Dead Adventurer","player_choice":"Searched \u00272\u0027 times","floor":12.0,"gold_loss":0.0,"damage_taken":0.0,"relics_obtained":["Dream Catcher"]}],"is_beta":false,"boss_relics":[],"items_purged_floors":[],"is_endless":false,"potions_floor_spawned":[4,8,10],"killed_by":"The Guardian","ascension_level":4}}