{"host":"n605f8gctjc87d7h","time":1613098198,"event":{"mods":["Aspiration","Bard","BaseMod","Better Match","Better Note","Better Skull","Better Third Choice","Conspire","Downfall","Halation","Hermit","Infinite Spire","Minty Spire (QoL Compilation)","Reliquary","Replay The Spire","Retaliation","Shade Mod","Spicy Shops","StSLib","The IronCluck","The Jungle","The Runesmith"],"gold_per_floor":[117,133,133,148,148,148,73,73,73,44,44,71,1,1,1,1,1],"floor_reached":16,"language":"ENG","playtime":526,"items_purged":["Pain"],"score":163,"play_id":"0c22b280-baa9-49f4-9fcd-9186834a9b7e","local_time":"20210211184958","is_ascension_mode":true,"campfire_choices":[{"floor":6,"key":"REST"},{"floor":8,"key":"REST"},{"floor":11,"key":"REST"},{"data":"Injury","floor":15,"key":"PURGE"}],"circlet_count":0,"master_deck":["AscendersBane","Strike_B","Strike_B","Strike_B","Strike_B","Defend_B","Defend_B","Defend_B","Defend_B","Zap","Dualcast","Leap","Chill"],"relics":["halation:Prosthetics","WarpedTongs","Toxic Egg 2","Onion Ring","halation:LettersToHer","infinitespire:Broken Mirror"],"acts_visited":["Exordium"],"potions_floor_usage":[16],"damage_taken":[{"damage":0,"enemies":"conspire:RoseBush","floor":1,"turns":5},{"damage":25,"enemies":"infinitespire:Voidling","floor":2,"turns":5},{"damage":25,"enemies":"Jaw Worm","floor":4,"turns":6},{"damage":1,"enemies":"Exordium Thugs","floor":10,"turns":4},{"damage":36,"enemies":"Hexaghost","floor":16,"turns":11}],"seed_played":"-7373684672925434290","potions_obtained":[{"floor":10,"key":"hexamod:SoulburnPotion"}],"is_trial":false,"path_per_floor":["M","M","?","M","?","R","$","R","T","M","R","T","?","?","R","B"],"character_chosen":"DEFECT","items_purchased":[],"campfire_rested":3,"item_purchase_floors":[],"current_hp_per_floor":[36,28,28,3,3,13,13,23,23,22,32,32,32,32,32,0,0],"gold":1,"neow_bonus":"BOSS_RELIC","is_daily":false,"chose_seed":false,"campfire_upgraded":0,"win_rate":0.0,"timestamp":1613098198,"path_taken":["M","M","?","?","?","R","?","R","T","?","R","?","?","?","R","BOSS"],"items_purchased_type":[],"build_version":"2020-12-22","purchased_purges":1,"victory":false,"max_hp_per_floor":[36,36,36,36,36,36,36,36,36,36,36,36,36,36,36,36,36],"card_choices":[{"not_picked":["Capacitor","Hologram"],"picked":"Leap","floor":1},{"not_picked":["Redo","Rebound","Storm"],"picked":"SKIP","floor":2},{"not_picked":["Steam","ReplayTheSpireMod:GoodbyeWorld"],"picked":"Chill","floor":4},{"not_picked":["Capacitor","Skim+1","Rip and Tear"],"picked":"SKIP","floor":10}],"player_experience":852573,"relics_obtained":[{"floor":9,"key":"Onion Ring"},{"floor":12,"key":"halation:LettersToHer"},{"floor":14,"key":"infinitespire:Broken Mirror"}],"event_choices":[{"damage_healed":0,"gold_gain":0,"player_choice":"Rummage","damage_taken":0,"relics_obtained":["WarpedTongs"],"max_hp_gain":0,"max_hp_loss":0,"event_name":"Accursed Blacksmith","floor":3,"gold_loss":0,"cards_obtained":["Pain"]},{"damage_healed":0,"gold_gain":0,"player_choice":"Left","damage_taken":0,"max_hp_gain":0,"max_hp_loss":0,"event_name":"betterThird:BetterGoop","floor":13,"gold_loss":70}],"is_beta":false,"boss_relics":[],"items_purged_floors":[7],"is_endless":false,"potions_floor_spawned":[10],"killed_by":"Hexaghost","ascension_level":17}}