{"host":"s2ap0bnrs90y0f0j","time":1613111255,"event":{"mods":["BaseMod","Minty Spire (QoL Compilation)","Robot Space Explorer","StSLib","TheBandit"],"gold_per_floor":[117,129,141,4,4,4,34,34,34,63,63,63,73,89,89,188,188,204,4,20,20,95,95,128,147,147,147,147,181,51,70,70,170,170,183,183,39,55,105,105,0,0,27,27,62,78,78,93,93,93],"floor_reached":51,"language":"ENG","playtime":2990,"items_purged":["RobotSpaceExplorer:Defend","RobotSpaceExplorer:Defend"],"score":781,"play_id":"710b9844-3d92-44f6-94a1-b01e23f82956","local_time":"20210212012735","is_ascension_mode":true,"campfire_choices":[{"data":"RobotSpaceExplorer:ShockKick","floor":6,"key":"SMITH"},{"floor":11,"key":"REST"},{"data":"RobotSpaceExplorer:ScrapShield","floor":15,"key":"SMITH"},{"data":"RobotSpaceExplorer:SelfCleaning","floor":23,"key":"SMITH"},{"floor":28,"key":"REST"},{"floor":32,"key":"DIG"},{"data":"RobotSpaceExplorer:DroneSwarm","floor":40,"key":"SMITH"},{"floor":42,"key":"DIG"},{"floor":44,"key":"DIG"},{"floor":49,"key":"DIG"}],"circlet_count":0,"master_deck":["RobotSpaceExplorer:Strike","RobotSpaceExplorer:Strike","RobotSpaceExplorer:Scan","RobotSpaceExplorer:MiniLasers","RobotSpaceExplorer:ShockKick+1","RobotSpaceExplorer:ScrapMissile","RobotSpaceExplorer:Accelerator+1","RobotSpaceExplorer:SelfCleaning","RobotSpaceExplorer:ScrapShield+1","RobotSpaceExplorer:SelfCleaning+1","RobotSpaceExplorer:ScrapToss+1","RobotSpaceExplorer:Autoloader","RobotSpaceExplorer:RigExplosive","RobotSpaceExplorer:SlimeMissile+1","RobotSpaceExplorer:GearShield","RobotSpaceExplorer:SelfCleaning","RobotSpaceExplorer:SelfCleaning","RobotSpaceExplorer:DroneSwarm+1","RobotSpaceExplorer:SlimeMissile+1","RobotSpaceExplorer:SlimeMissile+1","Finesse"],"relics":["RobotSpaceExplorer:RoboCore","Anchor","Lantern","Molten Egg 2","Smiling Mask","Empty Cage","ClockworkSouvenir","Ornamental Fan","InkBottle","Shovel","Sundial","Coffee Dripper","Membership Card","Du-Vu Doll","Red Mask","Question Card","Blood Vial","Mercury Hourglass","Bronze Scales","Orichalcum"],"acts_visited":["Exordium","TheCity","TheBeyond"],"potions_floor_usage":[10,16,16,25,25,25,25,25,29,29,33,33,39,46,48,50,50],"damage_taken":[{"damage":0,"enemies":"Cultist","floor":1,"turns":4},{"damage":3,"enemies":"Small Slimes","floor":2,"turns":4},{"damage":0,"enemies":"Jaw Worm","floor":3,"turns":3},{"damage":36,"enemies":"Gremlin Nob","floor":7,"turns":5},{"damage":31,"enemies":"3 Sentries","floor":10,"turns":14},{"damage":1,"enemies":"2 Fungi Beasts","floor":13,"turns":4},{"damage":0,"enemies":"Lots of Slimes","floor":14,"turns":4},{"damage":1,"enemies":"Hexaghost","floor":16,"turns":11},{"damage":14,"enemies":"Spheric Guardian","floor":18,"turns":4},{"damage":4,"enemies":"3 Byrds","floor":20,"turns":6},{"damage":1,"enemies":"Book of Stabbing","floor":24,"turns":5},{"damage":0,"enemies":"Snake Plant","floor":25,"turns":1},{"damage":0,"enemies":"Gremlin Leader","floor":29,"turns":7},{"damage":0,"enemies":"Centurion and Healer","floor":31,"turns":5},{"damage":24,"enemies":"Collector","floor":33,"turns":10},{"damage":0,"enemies":"3 Darklings","floor":35,"turns":4},{"damage":0,"enemies":"3 Shapes","floor":38,"turns":4},{"damage":0,"enemies":"Mind Bloom Boss Battle","floor":39,"turns":4},{"damage":6,"enemies":"Reptomancer","floor":45,"turns":5},{"damage":0,"enemies":"Sphere and 2 Shapes","floor":46,"turns":3},{"damage":0,"enemies":"Maw","floor":48,"turns":6},{"damage":15,"enemies":"Awakened One","floor":50,"turns":14}],"seed_played":"8856697813263947076","potions_obtained":[{"floor":7,"key":"EssenceOfSteel"},{"floor":10,"key":"Energy Potion"},{"floor":14,"key":"Swift Potion"},{"floor":20,"key":"SteroidPotion"},{"floor":24,"key":"EntropicBrew"}],"is_trial":false,"path_per_floor":["M","M","M","$","?","R","E","$","T","E","R","?","M","M","R","B",null,"M","$","M","?","?","R","E","M","T","?","R","E","$","M","R","B",null,"M","?","$","M","?","R","?","R","T","R","E","M","?","M","R","B",null],"character_chosen":"RobotSpaceExplorer","items_purchased":["RobotSpaceExplorer:Accelerator","ClockworkSouvenir","RobotSpaceExplorer:SelfCleaning","Membership Card"],"campfire_rested":2,"item_purchase_floors":[4,19,30,37],"current_hp_per_floor":[75,72,72,72,72,72,36,36,36,5,27,27,26,26,26,25,75,61,61,57,57,50,50,49,49,49,35,59,59,59,59,59,35,80,80,80,80,80,80,80,80,80,80,80,74,76,76,78,78,65],"gold":93,"neow_bonus":"RANDOM_COMMON_RELIC","is_daily":false,"chose_seed":false,"campfire_upgraded":4,"win_rate":0.0,"timestamp":1613111255,"path_taken":["M","?","M","$","?","R","E","?","T","E","R","?","M","M","R","BOSS","M","$","?","?","?","R","E","?","T","?","R","E","$","M","R","BOSS","M","?","$","?","?","R","?","R","T","R","E","M","?","M","R","BOSS"],"items_purchased_type":["Card","Relic","Card","Relic"],"build_version":"2020-12-22","purchased_purges":2,"victory":true,"max_hp_per_floor":[75,75,75,75,75,75,75,75,75,75,75,75,75,75,75,75,75,75,75,75,75,75,75,75,75,75,80,80,80,80,80,80,80,80,80,80,80,80,80,80,80,80,80,80,80,80,80,80,80,80],"card_choices":[{"not_picked":["RobotSpaceExplorer:FranticSearch","RobotSpaceExplorer:Blitz","RobotSpaceExplorer:Electroshield"],"picked":"SKIP","floor":1},{"not_picked":["RobotSpaceExplorer:Discharger","RobotSpaceExplorer:BigMissile"],"picked":"RobotSpaceExplorer:ShockKick","floor":2},{"not_picked":["RobotSpaceExplorer:SwiftStep","RobotSpaceExplorer:FreezeRay"],"picked":"RobotSpaceExplorer:ScrapMissile","floor":3},{"not_picked":["RobotSpaceExplorer:Electropulse","RobotSpaceExplorer:FrostMissile"],"picked":"RobotSpaceExplorer:SelfCleaning","floor":7},{"not_picked":["RobotSpaceExplorer:Calculate","RobotSpaceExplorer:Counterblock"],"picked":"RobotSpaceExplorer:ScrapShield","floor":10},{"not_picked":["RobotSpaceExplorer:GlueShot","RobotSpaceExplorer:MetalStrike+1"],"picked":"RobotSpaceExplorer:SelfCleaning","floor":13},{"not_picked":["RobotSpaceExplorer:StunGrenade+1","RobotSpaceExplorer:ImprovisedAttack+1"],"picked":"RobotSpaceExplorer:ScrapToss+1","floor":14},{"not_picked":["RobotSpaceExplorer:Comet","RobotSpaceExplorer:BlastShield"],"picked":"RobotSpaceExplorer:Autoloader","floor":16},{"not_picked":["RobotSpaceExplorer:BigMissile+1","RobotSpaceExplorer:SurgingStrike+1"],"picked":"RobotSpaceExplorer:RigExplosive","floor":18},{"not_picked":["RobotSpaceExplorer:Probe+1","RobotSpaceExplorer:MiniDrones+1"],"picked":"RobotSpaceExplorer:SlimeMissile+1","floor":20},{"not_picked":["RobotSpaceExplorer:SwiftStep","RobotSpaceExplorer:PowerCollector","RobotSpaceExplorer:StunGrenade+1"],"picked":"SKIP","floor":24},{"not_picked":["RobotSpaceExplorer:PlasmaMissile+1","RobotSpaceExplorer:SurgingStrike+1","RobotSpaceExplorer:TrailblazerForm"],"picked":"SKIP","floor":25},{"not_picked":["RobotSpaceExplorer:PlasmaMissile+1","RobotSpaceExplorer:SurgingStrike+1","RobotSpaceExplorer:TrailblazerForm"],"picked":"SKIP","floor":25},{"not_picked":["RobotSpaceExplorer:Reload","RobotSpaceExplorer:ToxicBomb+1"],"picked":"RobotSpaceExplorer:GearShield","floor":29},{"not_picked":["RobotSpaceExplorer:GearShield","RobotSpaceExplorer:FranticSearch"],"picked":"RobotSpaceExplorer:SelfCleaning","floor":31},{"not_picked":["RobotSpaceExplorer:Comet","RobotSpaceExplorer:Asteroid+1"],"picked":"RobotSpaceExplorer:DroneSwarm","floor":33},{"not_picked":["RobotSpaceExplorer:SurgingStrike+1","RobotSpaceExplorer:GlueShot+1","RobotSpaceExplorer:PowerGlove"],"picked":"SKIP","floor":35},{"not_picked":["RobotSpaceExplorer:SwiftStep","RobotSpaceExplorer:StunGrenade+1","RobotSpaceExplorer:Counterblock+1"],"picked":"SKIP","floor":38},{"not_picked":["RobotSpaceExplorer:ScrapMissile+1","RobotSpaceExplorer:ExhaustFan"],"picked":"RobotSpaceExplorer:SlimeMissile+1","floor":39},{"not_picked":["RobotSpaceExplorer:Probe+1","RobotSpaceExplorer:MakeshiftVolley+1","RobotSpaceExplorer:BigMissile+1","RobotSpaceExplorer:LuckyStrike+1"],"picked":"SKIP","floor":45},{"not_picked":["RobotSpaceExplorer:LuckyStrike+1","RobotSpaceExplorer:PlasmaMissile+1","RobotSpaceExplorer:PowerCollector"],"picked":"RobotSpaceExplorer:SlimeMissile+1","floor":46},{"not_picked":["PanicButton","Mind Blast+1","Bandage Up"],"picked":"Finesse","floor":47},{"not_picked":["RobotSpaceExplorer:SurgingStrike+1","RobotSpaceExplorer:ScrapToss+1","RobotSpaceExplorer:GlueShot","RobotSpaceExplorer:LuckyStrike+1"],"picked":"SKIP","floor":48}],"player_experience":535266,"relics_obtained":[{"floor":7,"key":"Lantern"},{"floor":9,"key":"Molten Egg 2"},{"floor":10,"key":"Smiling Mask"},{"floor":24,"key":"Ornamental Fan"},{"floor":26,"key":"InkBottle"},{"floor":29,"key":"Shovel"},{"floor":32,"key":"Sundial"},{"floor":39,"key":"Du-Vu Doll"},{"floor":42,"key":"Question Card"},{"floor":43,"key":"Blood Vial"},{"floor":44,"key":"Mercury Hourglass"},{"floor":45,"key":"Bronze Scales"},{"floor":49,"key":"Orichalcum"}],"event_choices":[{"damage_healed":0,"gold_gain":0,"player_choice":"Grow","damage_taken":0,"max_hp_gain":0,"max_hp_loss":0,"event_name":"Living Wall","floor":5,"gold_loss":0,"cards_upgraded":["RobotSpaceExplorer:Accelerator"]},{"cards_removed":["RobotSpaceExplorer:Defend"],"damage_healed":0,"gold_gain":0,"player_choice":"Purged","damage_taken":0,"max_hp_gain":0,"max_hp_loss":0,"event_name":"Purifier","floor":12,"gold_loss":0},{"damage_healed":0,"gold_gain":75,"player_choice":"Touch","damage_taken":7,"max_hp_gain":0,"max_hp_loss":0,"event_name":"FaceTrader","floor":22,"gold_loss":0},{"damage_healed":0,"gold_gain":0,"player_choice":"Shed Blood","damage_taken":19,"max_hp_gain":5,"max_hp_loss":0,"event_name":"Forgotten Altar","floor":27,"gold_loss":0},{"cards_removed":["RobotSpaceExplorer:Strike"],"damage_healed":0,"gold_gain":0,"player_choice":"Purged","damage_taken":0,"max_hp_gain":0,"max_hp_loss":0,"event_name":"Purifier","floor":36,"gold_loss":0},{"damage_healed":0,"gold_gain":0,"player_choice":"Fight","damage_taken":0,"max_hp_gain":0,"max_hp_loss":0,"event_name":"MindBloom","floor":39,"gold_loss":0},{"damage_healed":0,"gold_gain":0,"player_choice":"Paid","damage_taken":0,"relics_obtained":["Red Mask"],"max_hp_gain":0,"max_hp_loss":0,"event_name":"Tomb of Lord Red Mask","floor":41,"gold_loss":105},{"damage_healed":0,"gold_gain":0,"player_choice":"Memory 1","damage_taken":0,"max_hp_gain":0,"max_hp_loss":0,"event_name":"SensoryStone","floor":47,"gold_loss":0}],"is_beta":false,"boss_relics":[{"not_picked":["Busted Crown","Velvet Choker"],"picked":"Empty Cage"},{"not_picked":["Cursed Key","Pandora\u0027s Box"],"picked":"Coffee Dripper"}],"items_purged_floors":[19,30],"is_endless":false,"potions_floor_spawned":[7,10,14,20,24,39,46,48],"ascension_level":1}}