{"host":"pqs17sqrgflf4eqa","time":1613166637,"event":{"mods":["AchievementEnabler","BaseMod","Bestiary","Better Altar","Better Match","Better Skull","Block Reminder","Bossed Relics","Colored Map","Colored Powertips","Curses Come First","Dark Map","DeckTracker","Defective Defect","Displayed Cursed Tome","Emptier Cage","Googly Eyes","Highlight Path","Minty Spire (QoL Compilation)","Quick Restart","Slay-I","StSLib","SuperFastMode","Synergy Search","Thieving Mod","Transform Curses","everything is the same but u backflip on backflip","slay the spire mod where everything is the same but ironclad has a cowboy hat"],"gold_per_floor":[115,131,12,187,187,187,220,230,230,262,281,22,54,72,72,173,173,192,209,209,209,134,159,169,169,169,180,214,249,249,49,49,147,147,167,389,389,403,423,457,457,557,584,584,604,634,242,254,254,254],"floor_reached":51,"language":"ENG","playtime":1113,"items_purged":["Writhe"],"score":1204,"play_id":"b08824ae-e6ff-4bf0-9fec-722e3018b70f","local_time":"20210212165037","is_ascension_mode":true,"campfire_choices":[{"data":"Eruption","floor":6.0,"key":"SMITH"},{"data":"Conclude","floor":15.0,"key":"SMITH"},{"data":"Conclude","floor":25.0,"key":"SMITH"},{"data":"Vigilance","floor":30,"key":"SMITH"},{"floor":32,"key":"REST"},{"floor":41,"key":"REST"},{"floor":44,"key":"REST"},{"floor":49,"key":"REST"}],"circlet_count":0,"master_deck":["Strike_P","Strike_P","Strike_P","Defend_P","Defend_P","Defend_P","Defend_P","Eruption+1","Vigilance+1","EmptyFist","BowlingBash","BattleHymn","Conclude+1","BattleHymn","Blasphemy","Ragnarok","Conclude+1","Halt+1","Tantrum"],"relics":["PureWater","NeowsBlessing","Shuriken","Toy Ornithopter","Nunchaku","White Beast Statue","Singing Bowl","Philosopher\u0027s Stone","Bag of Preparation","Darkstone Periapt","Du-Vu Doll","StrikeDummy","Red Mask","ClockworkSouvenir","Fusion Hammer","Regal Pillow","Orichalcum","PreservedInsect","Pantograph","Melange"],"acts_visited":["Exordium","TheCity","TheBeyond"],"potions_floor_usage":[28,29,33,33,40,40,45,50,50,50],"damage_taken":[{"damage":0.0,"enemies":"2 Louse","floor":1.0,"turns":2.0},{"damage":0.0,"enemies":"Small Slimes","floor":2.0,"turns":1.0},{"damage":0.0,"enemies":"3 Sentries","floor":7.0,"turns":1.0},{"damage":12.0,"enemies":"Jaw Worm","floor":8.0,"turns":2.0},{"damage":10.0,"enemies":"Gremlin Nob","floor":10.0,"turns":3.0},{"damage":0.0,"enemies":"Large Slime","floor":11.0,"turns":3.0},{"damage":0.0,"enemies":"Lagavulin","floor":13.0,"turns":4.0},{"damage":1.0,"enemies":"Looter","floor":14.0,"turns":3.0},{"damage":0.0,"enemies":"Slime Boss","floor":16.0,"turns":3.0},{"damage":8.0,"enemies":"Shell Parasite","floor":18.0,"turns":3.0},{"damage":11.0,"enemies":"2 Thieves","floor":19.0,"turns":2.0},{"damage":0.0,"enemies":"Slavers","floor":23.0,"turns":1.0},{"damage":0.0,"enemies":"3 Cultists","floor":24.0,"turns":2.0},{"damage":7.0,"enemies":"Centurion and Healer","floor":27.0,"turns":3.0},{"damage":0,"enemies":"Gremlin Leader","floor":28,"turns":5},{"damage":25,"enemies":"Masked Bandits","floor":29,"turns":3},{"damage":32,"enemies":"Automaton","floor":33,"turns":6},{"damage":3,"enemies":"Orb Walker","floor":35,"turns":2},{"damage":19,"enemies":"3 Darklings","floor":38,"turns":2},{"damage":1,"enemies":"Transient","floor":39,"turns":5},{"damage":74,"enemies":"Nemesis","floor":40,"turns":5},{"damage":0,"enemies":"Sphere and 2 Shapes","floor":45,"turns":1},{"damage":92,"enemies":"Giant Head","floor":46,"turns":7},{"damage":46,"enemies":"Spire Growth","floor":48,"turns":3},{"damage":90,"enemies":"Donu and Deca","floor":50,"turns":6}],"seed_played":"-314635686040140116","potions_obtained":[{"floor":7.0,"key":"BottledMiracle"},{"floor":8.0,"key":"BottledMiracle"},{"floor":10.0,"key":"Swift Potion"},{"floor":14.0,"key":"FairyPotion"},{"floor":16.0,"key":"Ancient Potion"},{"floor":18.0,"key":"BottledMiracle"},{"floor":19.0,"key":"Strength Potion"},{"floor":23.0,"key":"Swift Potion"},{"floor":24.0,"key":"Fruit Juice"},{"floor":27.0,"key":"SteroidPotion"},{"floor":28,"key":"Regen Potion"},{"floor":29,"key":"Dexterity Potion"},{"floor":33,"key":"Block Potion"},{"floor":35,"key":"StancePotion"},{"floor":38,"key":"PowerPotion"},{"floor":40,"key":"DistilledChaos"},{"floor":45,"key":"Ancient Potion"},{"floor":46,"key":"SpeedPotion"},{"floor":48,"key":"Fire Potion"}],"is_trial":false,"path_per_floor":["M","M","$","?","?","R","E","M","T","E","M","$","E","M","R","B",null,"M","M","?","?","$","E","M","R","T","M","E","?","R","$","R","B",null,"M","?","?","M","M","E","R","?","T","R","M","E","$","M","R","B",null],"character_chosen":"WATCHER","items_purchased":["BattleHymn","Conclude","White Beast Statue","ClockworkSouvenir","Dexterity Potion","Pantograph","Melange"],"campfire_rested":4,"item_purchase_floors":[3,3,12,31,31,47,47],"current_hp_per_floor":[72,72,72,72,72,72,72,60,60,50,50,50,52,61,61,61,71,63,59,59,59,59,71,81,81,81,78,85,65,65,65,89,69,86,85,85,85,68,69,7,51,51,51,95,99,9,9,32,77,16],"gold":254,"neow_bonus":"THREE_ENEMY_KILL","is_daily":false,"chose_seed":false,"campfire_upgraded":4,"win_rate":0.0,"timestamp":1613166637,"path_taken":["M","M","$","?","?","R","E","M","T","E","M","$","E","M","R","BOSS","M","M","?","?","$","E","M","R","T","M","E","?","R","?","R","BOSS","M","?","?","?","M","E","R","?","T","R","M","E","$","M","R","BOSS"],"items_purchased_type":["Card","Card","Relic","Relic","Potion","Relic","Relic"],"build_version":"2020-12-22","purchased_purges":1,"victory":true,"max_hp_per_floor":[72,72,72,72,72,72,72,72,72,72,72,72,74,74,74,74,74,74,76,76,76,76,78,83,83,83,85,87,89,89,89,89,91,91,93,93,93,95,97,99,99,99,99,99,99,101,101,103,103,103],"card_choices":[{"not_picked":["Crescendo","TalkToTheHand"],"picked":"EmptyFist","floor":1.0},{"not_picked":["FollowUp","CrushJoints"],"picked":"BowlingBash","floor":2.0},{"not_picked":["ClearTheMind","InnerPeace"],"picked":"BattleHymn","floor":7.0},{"not_picked":["Evaluate","FlyingSleeves","Protect"],"picked":"SKIP","floor":8.0},{"not_picked":["Meditate","Establishment","Study"],"picked":"SKIP","floor":10.0},{"not_picked":["Evaluate","ReachHeaven","SashWhip"],"picked":"SKIP","floor":11.0},{"not_picked":["Evaluate","EmptyFist","Halt"],"picked":"Singing Bowl","floor":13.0},{"not_picked":["EmptyBody","FlyingSleeves"],"picked":"Blasphemy","floor":14.0},{"not_picked":["LessonLearned","DeusExMachina"],"picked":"Ragnarok","floor":16.0},{"not_picked":["FlyingSleeves","Evaluate"],"picked":"Conclude","floor":18.0},{"not_picked":["BowlingBash","Halt","FlurryOfBlows"],"picked":"Singing Bowl","floor":19.0},{"not_picked":["CutThroughFate","EmptyBody","MentalFortress"],"picked":"Singing Bowl","floor":23.0},{"not_picked":["BowlingBash+1","Nirvana+1"],"picked":"Halt+1","floor":24.0},{"not_picked":["SandsOfTime","Prostrate+1","InnerPeace"],"picked":"Singing Bowl","floor":27.0},{"not_picked":["Adaptation","SashWhip","EmptyMind+1"],"picked":"Singing Bowl","floor":28},{"not_picked":["Worship+1","WindmillStrike","EmptyFist"],"picked":"Singing Bowl","floor":29},{"not_picked":["DeusExMachina","SpiritShield","DevaForm"],"picked":"Singing Bowl","floor":33},{"not_picked":["Evaluate+1","EmptyBody+1","FlyingSleeves"],"picked":"Singing Bowl","floor":35},{"not_picked":["Evaluate+1","WheelKick+1","ClearTheMind+1"],"picked":"Singing Bowl","floor":38},{"not_picked":["Crescendo","MentalFortress","BattleHymn+1"],"picked":"Singing Bowl","floor":39},{"not_picked":["BowlingBash+1","FearNoEvil+1","JustLucky"],"picked":"Singing Bowl","floor":40},{"not_picked":["JustLucky","Study"],"picked":"Tantrum","floor":45},{"not_picked":["Tantrum","Prostrate+1","JustLucky+1"],"picked":"Singing Bowl","floor":46},{"not_picked":["Crescendo","PathToVictory","FollowUp"],"picked":"Singing Bowl","floor":48}],"player_experience":179699,"relics_obtained":[{"floor":7.0,"key":"Shuriken"},{"floor":9.0,"key":"Toy Ornithopter"},{"floor":10.0,"key":"Nunchaku"},{"floor":13.0,"key":"Singing Bowl"},{"floor":23.0,"key":"Darkstone Periapt"},{"floor":26.0,"key":"Du-Vu Doll"},{"floor":28,"key":"StrikeDummy"},{"floor":29,"key":"Red Mask"},{"floor":40,"key":"Regal Pillow"},{"floor":43,"key":"Orichalcum"},{"floor":46,"key":"PreservedInsect"}],"event_choices":[{"damage_healed":0.0,"max_hp_gain":0.0,"max_hp_loss":0.0,"gold_gain":175.0,"event_name":"Liars Game","player_choice":"AGREE","floor":4.0,"gold_loss":0.0,"damage_taken":0.0,"cards_obtained":["Doubt"]},{"cards_removed":["Doubt"],"damage_healed":0.0,"max_hp_gain":0.0,"max_hp_loss":0.0,"gold_gain":0.0,"event_name":"Living Wall","player_choice":"Forget","floor":5.0,"gold_loss":0.0,"damage_taken":0.0},{"damage_healed":0.0,"max_hp_gain":0.0,"max_hp_loss":0.0,"gold_gain":0.0,"event_name":"Vampires","player_choice":"Ignored","floor":20.0,"gold_loss":0.0,"damage_taken":0.0},{"damage_healed":0.0,"max_hp_gain":0.0,"max_hp_loss":0.0,"gold_gain":0.0,"event_name":"The Mausoleum","player_choice":"Opened","floor":21.0,"gold_loss":0.0,"damage_taken":0.0,"relics_obtained":["Bag of Preparation"],"cards_obtained":["Writhe"]},{"damage_healed":0,"gold_gain":0,"player_choice":"Fought Bandits","damage_taken":0,"max_hp_gain":0,"max_hp_loss":0,"event_name":"Masked Bandits","floor":29,"gold_loss":0},{"damage_healed":0,"gold_gain":222,"player_choice":"Wore Mask","damage_taken":0,"max_hp_gain":0,"max_hp_loss":0,"event_name":"Tomb of Lord Red Mask","floor":36,"gold_loss":0},{"cards_removed":["Strike_P"],"damage_healed":0,"gold_gain":0,"player_choice":"Offered Basic","damage_taken":0,"max_hp_gain":0,"max_hp_loss":0,"event_name":"Bonfire Elementals","floor":37,"gold_loss":0},{"damage_healed":0,"gold_gain":100,"player_choice":"Pray","damage_taken":0,"max_hp_gain":0,"max_hp_loss":0,"event_name":"Golden Shrine","floor":42,"gold_loss":0}],"is_beta":false,"boss_relics":[{"not_picked":["Busted Crown","HolyWater"],"picked":"Philosopher\u0027s Stone"},{"not_picked":["SacredBark","Velvet Choker"],"picked":"Fusion Hammer"}],"items_purged_floors":[22],"is_endless":false,"potions_floor_spawned":[7,8,10,13,14,16,18,19,23,24,27,28,29,33,35,38,39,40,45,46,48],"ascension_level":5}}