{"host":"adi","time":1613171696,"event":{"mods":["AchievementEnabler","BaseMod","Bestiary","Colored Powertips","Minty Spire (QoL Compilation)","StSLib"],"gold_per_floor":[99,99,99,69,42,7,7,7,7,7,7,7,7,7,7,7,7,7,7,7,7,7,7,7,7,7,7,7,7,0,0,0,0,0,0,0,0,0,0,0,0,0,0,0,0,0,0,0,0,0,0,0,0],"floor_reached":54,"language":"ENG","playtime":33577,"items_purged":[],"score":1158,"play_id":"e22ec02f-98f4-4adc-a620-65308152052c","local_time":"20210213001456","is_ascension_mode":true,"campfire_choices":[{"data":"Armaments","floor":11,"key":"SMITH"},{"data":"Inflame","floor":13,"key":"SMITH"},{"data":"Carnage","floor":16,"key":"SMITH"},{"data":"Offering","floor":24,"key":"SMITH"},{"floor":26,"key":"REST"},{"floor":33,"key":"REST"},{"floor":41,"key":"REST"},{"floor":43,"key":"REST"},{"data":"1","floor":50,"key":"LIFT"},{"data":"2","floor":52,"key":"LIFT"}],"circlet_count":0,"master_deck":["AscendersBane","Strike_R","Defend_R","Defend_R","Defend_R","Defend_R+1","Bash","Pommel Strike","Carnage+1","Flame Barrier+1","Sword Boomerang","Armaments+1","Brutality","Inflame+1","Cleave","True Grit","Offering+1","Clothesline+1","Shrug It Off","Spot Weakness+1","Reaper","True Grit+1","Whirlwind+1","Disarm+1","Parasite","Inflame+1","Double Tap+1","Sentinel+1"],"relics":["Ectoplasm","War Paint","HornCleat","Mummified Hand","Ice Cream","Empty Cage","MutagenicStrength","Kunai","Toxic Egg 2","Runic Cube","Girya","White Beast Statue","Anchor","Blood Vial"],"acts_visited":["Exordium","TheCity","TheBeyond"],"potions_floor_usage":[12,21,37,37,53],"damage_taken":[{"damage":1,"enemies":"Cultist","floor":1,"turns":3},{"damage":7,"enemies":"Small Slimes","floor":2,"turns":3},{"damage":8,"enemies":"2 Louse","floor":3,"turns":2},{"damage":7,"enemies":"Looter","floor":4,"turns":3},{"damage":15,"enemies":"3 Sentries","floor":8,"turns":8},{"damage":15,"enemies":"Lagavulin","floor":12,"turns":4},{"damage":4,"enemies":"Gremlin Gang","floor":14,"turns":3},{"damage":2,"enemies":"Exordium Wildlife","floor":15,"turns":3},{"damage":9,"enemies":"The Guardian","floor":17,"turns":8},{"damage":5,"enemies":"Chosen","floor":19,"turns":4},{"damage":14,"enemies":"Shell Parasite","floor":21,"turns":4},{"damage":7,"enemies":"Centurion and Healer","floor":23,"turns":4},{"damage":16,"enemies":"Sentry and Sphere","floor":25,"turns":5},{"damage":7,"enemies":"Shelled Parasite and Fungi","floor":28,"turns":3},{"damage":19,"enemies":"Centurion and Healer","floor":32,"turns":5},{"damage":10,"enemies":"Collector","floor":34,"turns":6},{"damage":6,"enemies":"3 Shapes","floor":36,"turns":4},{"damage":28,"enemies":"2 Orb Walkers","floor":37,"turns":6},{"damage":6,"enemies":"3 Darklings","floor":39,"turns":1},{"damage":32,"enemies":"Writhing Mass","floor":40,"turns":5},{"damage":23,"enemies":"Nemesis","floor":42,"turns":5},{"damage":10,"enemies":"Jaw Worm Horde","floor":47,"turns":3},{"damage":70,"enemies":"Awakened One","floor":53,"turns":13}],"seed_played":"6032517645484855653","potions_obtained":[{"floor":4,"key":"FearPotion"},{"floor":14,"key":"BloodPotion"},{"floor":15,"key":"Swift Potion"},{"floor":21,"key":"LiquidMemories"},{"floor":32,"key":"HeartOfIron"},{"floor":37,"key":"GamblersBrew"},{"floor":40,"key":"FairyPotion"},{"floor":47,"key":"SkillPotion"}],"is_trial":false,"path_per_floor":["M","M","M","M","$","?","?","E","T","T","R","E","R","M","M","R","B",null,"M","?","M","?","M","R","M","R","T","M","?","?","?","M","R","B",null,"M","?","$","M","M","R","E","R","$","T","T","M","$","?","R","?","R","B",null],"character_chosen":"IRONCLAD","items_purchased":["Armaments"],"campfire_rested":4,"item_purchase_floors":[5],"current_hp_per_floor":[71,64,56,49,49,69,69,54,54,54,54,39,39,35,33,33,24,66,61,61,63,63,56,56,40,64,64,57,42,42,42,23,48,38,73,67,51,51,45,29,54,31,56,56,56,56,81,81,81,81,81,81,34],"gold":0,"neow_bonus":"BOSS_RELIC","is_daily":false,"chose_seed":false,"campfire_upgraded":4,"win_rate":0.0,"timestamp":1613171696,"path_taken":["M","?","M","M","$","?","?","E","T","T","R","E","R","?","M","R","BOSS","M","?","M","?","M","R","M","R","T","?","?","?","?","M","R","BOSS","M","?","$","M","M","R","E","R","$","T","T","M","$","?","R","?","R","BOSS"],"items_purchased_type":["Card"],"build_version":"2020-12-18","purchased_purges":0,"victory":true,"max_hp_per_floor":[80,80,80,80,80,80,80,80,80,80,80,80,80,80,80,80,80,80,80,80,80,80,80,80,80,80,80,80,85,85,85,85,85,85,85,85,85,85,85,85,85,85,85,85,85,85,85,85,81,81,81,81,81],"card_choices":[{"not_picked":["Shrug It Off","Bloodletting"],"picked":"Pommel Strike","floor":1},{"not_picked":["Body Slam","Iron Wave"],"picked":"Carnage","floor":2},{"not_picked":["Headbutt","Perfected Strike"],"picked":"Flame Barrier","floor":3},{"not_picked":["Perfected Strike","Body Slam"],"picked":"Sword Boomerang","floor":4},{"not_picked":["Combust","Twin Strike"],"picked":"Brutality","floor":8},{"not_picked":["Dark Embrace","Thunderclap"],"picked":"Inflame","floor":12},{"not_picked":["Thunderclap","Clash"],"picked":"Cleave","floor":14},{"not_picked":["Infernal Blade","Flex"],"picked":"True Grit","floor":15},{"not_picked":["Juggernaut","Corruption"],"picked":"Offering","floor":17},{"not_picked":["Heavy Blade","Headbutt","Cleave+1"],"picked":"SKIP","floor":19},{"not_picked":["Wild Strike","Shrug It Off"],"picked":"Clothesline+1","floor":21},{"not_picked":["Rage","Bloodletting"],"picked":"Shrug It Off","floor":23},{"not_picked":["Reckless Charge+1","Second Wind","Pommel Strike"],"picked":"SKIP","floor":25},{"not_picked":["Blood for Blood+1","Warcry+1"],"picked":"Spot Weakness+1","floor":28},{"not_picked":["Sword Boomerang","Havoc+1","Iron Wave+1"],"picked":"SKIP","floor":32},{"not_picked":["Barricade","Immolate"],"picked":"Reaper","floor":34},{"not_picked":["Cleave+1","Spot Weakness+1"],"picked":"True Grit+1","floor":36},{"not_picked":["Shrug It Off+1","Havoc+1"],"picked":"Whirlwind+1","floor":37},{"not_picked":["Fire Breathing+1","Shrug It Off+1"],"picked":"Disarm+1","floor":39},{"not_picked":["Cleave+1","Perfected Strike"],"picked":"Inflame+1","floor":40},{"not_picked":["Dark Embrace+1","Immolate"],"picked":"Double Tap+1","floor":42},{"not_picked":["Fire Breathing","Anger"],"picked":"Sentinel+1","floor":47}],"player_experience":411516,"relics_obtained":[{"floor":8,"key":"War Paint"},{"floor":9,"key":"HornCleat"},{"floor":10,"key":"Mummified Hand"},{"floor":12,"key":"Ice Cream"},{"floor":22,"key":"Kunai"},{"floor":27,"key":"Toxic Egg 2"},{"floor":37,"key":"Girya"},{"floor":42,"key":"White Beast Statue"},{"floor":45,"key":"Anchor"},{"floor":46,"key":"Blood Vial"}],"event_choices":[{"damage_healed":20,"gold_gain":0,"player_choice":"Healed","damage_taken":0,"max_hp_gain":0,"max_hp_loss":0,"event_name":"The Cleric","floor":6,"gold_loss":35},{"cards_removed":["Strike_R"],"damage_healed":0,"gold_gain":0,"player_choice":"Purged","damage_taken":0,"max_hp_gain":0,"max_hp_loss":0,"event_name":"Purifier","floor":7,"gold_loss":0},{"damage_healed":0,"gold_gain":0,"player_choice":"Inject Mutagens","damage_taken":0,"relics_obtained":["MutagenicStrength"],"max_hp_gain":0,"max_hp_loss":0,"event_name":"Drug Dealer","floor":20,"gold_loss":0},{"damage_healed":0,"gold_gain":0,"player_choice":"Relic","damage_taken":0,"max_hp_gain":0,"max_hp_loss":0,"event_name":"Wheel of Change","floor":22,"gold_loss":0},{"damage_healed":0,"gold_gain":0,"player_choice":"Shed Blood","damage_taken":20,"max_hp_gain":5,"max_hp_loss":0,"event_name":"Forgotten Altar","floor":29,"gold_loss":0},{"damage_healed":0,"gold_gain":0,"player_choice":"Paid Fearfully","damage_taken":0,"max_hp_gain":0,"max_hp_loss":0,"event_name":"Masked Bandits","floor":30,"gold_loss":7},{"damage_healed":0,"gold_gain":0,"player_choice":"Fight","damage_taken":0,"max_hp_gain":0,"max_hp_loss":0,"event_name":"Mysterious Sphere","floor":37,"gold_loss":0},{"damage_healed":0,"gold_gain":0,"player_choice":"Max HP","damage_taken":0,"max_hp_gain":0,"max_hp_loss":4,"event_name":"Winding Halls","floor":49,"gold_loss":0},{"cards_removed":["Strike_R"],"damage_healed":0,"gold_gain":0,"player_choice":"Purged","damage_taken":0,"max_hp_gain":0,"max_hp_loss":0,"event_name":"Purifier","floor":51,"gold_loss":0}],"is_beta":true,"boss_relics":[{"not_picked":["Fusion Hammer","Busted Crown"],"picked":"Empty Cage"},{"not_picked":["SlaversCollar","SacredBark"],"picked":"Runic Cube"}],"items_purged_floors":[],"is_endless":false,"potions_floor_spawned":[4,14,15,21,28,32,37,40,47],"ascension_level":13}}