{"host":"x7u3amoxy3d4heu5","time":1613113827,"event":{"mods":["BaseMod","Colored Map","DeckTracker","Hermit","Hubris","Infinite Spire","Marisa????????","Minty Spire (QoL Compilation)","Quick Restart","Replay The Spire","StSLib","The Cursed","The IronCluck","The Jungle","The Servant 0.9.4","The Wild Card","Unceasing Turn Reminder","slay the spire mod where everything is the same but ironclad has a cowboy hat"],"gold_per_floor":[114,114,114,131,19,19,53,53,53,53,53,328,121,156,156,259,259,276,287,287,287,298,298,316,347,347,347,347],"floor_reached":27,"language":"ENG","playtime":36273,"items_purged":["hermit:TrackingShot"],"score":288,"play_id":"dfccb793-b66e-4c35-b14f-610921dc76f2","local_time":"20210212001027","is_ascension_mode":true,"campfire_choices":[{"data":"hermit:Showdown","floor":6,"key":"SMITH"},{"data":"hermit:FullyLoaded","floor":8,"key":"SMITH"},{"data":"hermit:Horror","floor":10,"key":"SMITH"},{"floor":15,"key":"REST"},{"floor":23,"key":"REST"}],"circlet_count":0,"master_deck":["hermit:Strike_Hermit","hermit:Strike_Hermit","hermit:Strike_Hermit","hermit:Strike_Hermit","hermit:Defend_Hermit","hermit:Defend_Hermit","hermit:Defend_Hermit","hermit:Snapshot","hermit:Covet","hermit:Manifest","hermit:SprayPray","hermit:Horror+1","infinitespire:UltimateForm","Regret","hermit:Glare","hermit:Glare","Survey Options","hubris:DuctTapeCard","hermit:Gambit","hermit:CursedWeapon","hermit:Vantage+1","J.A.X.","hermit:Gestalt","hermit:Grudge","hermit:Brawl"],"relics":["hermit:Momento","hubris:Towel","Ornamental Fan","hubris:Zylophone","hubris:DuctTape","Velvet Choker","hubris:Icosahedron","Orichalcum","Replay:WaspNest"],"acts_visited":["Exordium","TheCity"],"potions_floor_usage":[14,18],"damage_taken":[{"damage":3,"enemies":"Jaw Worm","floor":1,"turns":4},{"damage":0,"enemies":"2 Louse","floor":4,"turns":2},{"damage":30,"enemies":"Gremlin Nob","floor":7,"turns":4},{"damage":12,"enemies":"Lagavulin","floor":14,"turns":6},{"damage":10,"enemies":"Hexaghost","floor":16,"turns":6},{"damage":10,"enemies":"Shell Parasite","floor":18,"turns":4},{"damage":21,"enemies":"3 Byrds","floor":19,"turns":5},{"damage":22,"enemies":"Snake Plant","floor":22,"turns":4},{"damage":17,"enemies":"Sentry and Sphere","floor":24,"turns":6},{"damage":16,"enemies":"Gremlin Leader","floor":25,"turns":5},{"damage":14,"enemies":"Book of Stabbing","floor":27,"turns":3}],"seed_played":"5389757314038851134","potions_obtained":[{"floor":4,"key":"Death Potion"},{"floor":7,"key":"Energy Potion"},{"floor":22,"key":"DuplicationPotion"}],"is_trial":false,"path_per_floor":["M","?","?","M","$","R","E","R","T","R","?","?","$","E","R","B",null,"M","M","?","?","M","R","M","E","T","E"],"character_chosen":"HERMIT","items_purchased":["hermit:Showdown","hermit:FullyLoaded","hermit:Glare","Survey Options"],"campfire_rested":2,"item_purchase_floors":[5,5,13,13],"current_hp_per_floor":[72,72,72,72,72,72,42,42,42,42,24,24,24,12,34,24,75,65,44,44,44,22,44,27,11,11,0,0],"gold":347,"neow_bonus":"THREE_CARDS","is_daily":false,"chose_seed":false,"campfire_upgraded":3,"win_rate":0.0,"timestamp":1613113827,"path_taken":["M","?","?","?","?","R","E","R","T","R","?","?","$","E","R","BOSS","M","M","?","?","M","R","M","E","T","E"],"items_purchased_type":["Card","Card","Card","Card"],"build_version":"2020-12-22","purchased_purges":1,"victory":false,"max_hp_per_floor":[75,75,75,75,75,75,75,75,75,75,75,75,75,75,75,75,75,75,75,75,75,75,75,75,75,75,75,75],"card_choices":[{"not_picked":["hermit:Feint","hermit:BigShot"],"picked":"hermit:TrackingShot","floor":0},{"not_picked":["hermit:Feint","hermit:CalledShot"],"picked":"hermit:Manifest","floor":1},{"not_picked":["hermit:WideOpen","hermit:Feint"],"picked":"hermit:SprayPray","floor":4},{"not_picked":["hermit:EyeOfTheStorm","hermit:TrackingShot"],"picked":"hermit:Horror","floor":7},{"not_picked":["ReplayTheSpireMod:Chaos Vortex","infinitespire:Starlight"],"picked":"infinitespire:UltimateForm","floor":11},{"not_picked":["hermit:NoHoldsBarred","hermit:TrackingShot","hermit:TakeAim"],"picked":"SKIP","floor":14},{"not_picked":["hermit:NoHoldsBarred","hermit:TrackingShot","hermit:TakeAim"],"picked":"SKIP","floor":14},{"not_picked":["hermit:Roughhouse","hermit:Purgatory"],"picked":"hermit:Gambit","floor":16},{"not_picked":["hermit:HighCaliber+1","hermit:Coalescence+1"],"picked":"hermit:CursedWeapon","floor":18},{"not_picked":["hermit:Snipe","hermit:BodyArmor"],"picked":"hermit:Vantage+1","floor":19},{"not_picked":["hermit:ItchyTrigger+1","hermit:Midnight"],"picked":"hermit:Gestalt","floor":22},{"not_picked":["hermit:SprayPray","hermit:Magnum"],"picked":"hermit:Grudge","floor":24},{"not_picked":["hermit:HoleUp","hermit:Purgatory"],"picked":"hermit:Brawl","floor":25}],"player_experience":564693,"relics_obtained":[{"floor":7,"key":"Ornamental Fan"},{"floor":9,"key":"hubris:Zylophone"},{"floor":14,"key":"hubris:DuctTape"},{"floor":25,"key":"Orichalcum"},{"floor":26,"key":"Replay:WaspNest"}],"event_choices":[{"cards_removed":["hermit:Defend_Hermit"],"damage_healed":0,"gold_gain":0,"player_choice":"Purged","damage_taken":0,"max_hp_gain":0,"max_hp_loss":0,"event_name":"Purifier","floor":3,"gold_loss":0},{"damage_healed":0,"gold_gain":275,"player_choice":"Desecrate","damage_taken":0,"max_hp_gain":0,"max_hp_loss":0,"event_name":"Golden Shrine","floor":12,"gold_loss":0,"cards_obtained":["Regret"]},{"damage_healed":0,"gold_gain":0,"player_choice":"Obtain J.A.X.","damage_taken":0,"max_hp_gain":0,"max_hp_loss":0,"event_name":"Drug Dealer","floor":21,"gold_loss":0,"cards_obtained":["J.A.X."]}],"is_beta":false,"boss_relics":[{"not_picked":["Astrolabe","ReplayTheSpireMod:SealedPack"],"picked":"Velvet Choker"}],"items_purged_floors":[13],"is_endless":false,"potions_floor_spawned":[4,7,22],"killed_by":"Book of Stabbing","ascension_level":2}}