{"host":"1poy056mauca3bbh","time":1613104788,"event":{"mods":["Ascension Unlocker","BaseMod","Bestiary","Block Reminder","Colored Map","Colored Powertips","Curses Come First","Highlight Path","Minty Spire (QoL Compilation)","Permanent Neow","Quick Restart","Rare Cards Sparkle","Relic Stats","Smile Girya","StSLib","UnlockEverythingMod"],"gold_per_floor":[112,37,112,112,262,262,292,292,317,47,47,5,63,63,63,142,142,158,158,158],"floor_reached":19,"language":"ENG","playtime":604,"items_purged":[],"score":318,"play_id":"d806a4e3-cad7-4387-ae89-ae019b497849","local_time":"20210211233948","is_ascension_mode":true,"campfire_choices":[{"data":"Streamline","floor":6,"key":"SMITH"},{"data":"Cold Snap","floor":8,"key":"SMITH"},{"data":"Rebound","floor":11,"key":"SMITH"},{"floor":15,"key":"REST"}],"circlet_count":0,"master_deck":["AscendersBane","Strike_B","Strike_B","Defend_B","Defend_B","Defend_B","Zap","Dualcast","CurseOfTheBell","Cold Snap+1","Streamline+1","Rebound+1","Doom and Gloom","Ball Lightning","Electrodynamics+1","Doom and Gloom"],"relics":["Calling Bell","Orichalcum","Frozen Egg 2","TungstenRod","MealTicket","Bag of Marbles","Kunai","Darkstone Periapt","Empty Cage"],"acts_visited":["Exordium","TheCity"],"potions_floor_usage":[16],"damage_taken":[{"damage":0,"enemies":"Cultist","floor":1,"turns":4},{"damage":14,"enemies":"3 Sentries","floor":7,"turns":10},{"damage":33,"enemies":"Gremlin Nob","floor":13,"turns":5},{"damage":33,"enemies":"Slime Boss","floor":16,"turns":8},{"damage":17,"enemies":"Spheric Guardian","floor":18,"turns":4},{"damage":43,"enemies":"Shell Parasite","floor":19,"turns":4}],"seed_played":"-6498840238259392037","potions_obtained":[{"floor":7,"key":"BlessingOfTheForge"},{"floor":13,"key":"PowerPotion"}],"is_trial":false,"path_per_floor":["M","?","?","?","?","R","E","R","T","$","R","$","?","?","R","B",null,"M","M"],"character_chosen":"DEFECT","items_purchased":["Kunai","Doom and Gloom"],"campfire_rested":1,"item_purchase_floors":[10,12],"current_hp_per_floor":[64,64,54,54,54,54,40,40,40,55,55,70,37,37,58,25,60,43,0,0],"gold":158,"neow_bonus":"BOSS_RELIC","is_daily":false,"chose_seed":false,"campfire_upgraded":3,"win_rate":0.0,"timestamp":1613104788,"path_taken":["M","?","?","?","?","R","E","R","T","?","R","$","?","?","R","BOSS","M","M"],"items_purchased_type":["Relic","Card"],"build_version":"2020-12-22","purchased_purges":0,"victory":false,"max_hp_per_floor":[71,71,71,71,71,71,71,71,71,71,71,71,71,71,71,71,71,71,71,71],"relic_stats":{"Darkstone Periapt":0,"counters":[6,35],"MealTicket":30,"Kunai":[3],"Orichalcum":[96],"obtain_stats":[{"Calling Bell":0,"Darkstone Periapt":13,"MealTicket":7,"Bag of Marbles":9,"Kunai":10,"Orichalcum":0,"Frozen Egg 2":0,"Cracked Core":0,"Empty Cage":17,"TungstenRod":0},{"Calling Bell":0,"Darkstone Periapt":2,"MealTicket":2,"Bag of Marbles":2,"Kunai":2,"Orichalcum":0,"Frozen Egg 2":0,"Cracked Core":0,"Empty Cage":4,"TungstenRod":0},{"Calling Bell":0,"Darkstone Periapt":14,"MealTicket":14,"Bag of Marbles":14,"Kunai":14,"Orichalcum":0,"Frozen Egg 2":0,"Cracked Core":0,"Empty Cage":27,"TungstenRod":0}],"TungstenRod":19},"card_choices":[{"not_picked":["Redo","Reprogram"],"picked":"Cold Snap","floor":1},{"not_picked":["Rip and Tear","Steam"],"picked":"Rebound","floor":7},{"not_picked":["Rip and Tear","Beam Cell"],"picked":"Ball Lightning","floor":13},{"not_picked":["Reboot","Biased Cognition+1"],"picked":"Electrodynamics+1","floor":16},{"not_picked":["Undo","Sweeping Beam"],"picked":"Doom and Gloom","floor":18}],"player_experience":141832,"relics_obtained":[{"floor":0,"key":"Orichalcum"},{"floor":0,"key":"Frozen Egg 2"},{"floor":0,"key":"TungstenRod"},{"floor":7,"key":"MealTicket"},{"floor":9,"key":"Bag of Marbles"}],"event_choices":[{"cards_removed":["Strike_B"],"damage_healed":0,"gold_gain":0,"player_choice":"Card Removal","damage_taken":0,"max_hp_gain":0,"max_hp_loss":0,"event_name":"The Cleric","floor":2,"gold_loss":75},{"damage_healed":0,"gold_gain":75,"player_choice":"Gather Gold","damage_taken":11,"max_hp_gain":0,"max_hp_loss":0,"event_name":"World of Goop","floor":3,"gold_loss":0},{"damage_healed":0,"gold_gain":0,"cards_transformed":["Defend_B"],"player_choice":"Change","damage_taken":0,"max_hp_gain":0,"max_hp_loss":0,"event_name":"Living Wall","floor":4,"gold_loss":0,"cards_obtained":["Streamline"]},{"damage_healed":0,"gold_gain":150,"player_choice":"AGREE","damage_taken":0,"max_hp_gain":0,"max_hp_loss":0,"event_name":"Liars Game","floor":5,"gold_loss":0,"cards_obtained":["Doubt"]},{"damage_healed":0,"gold_gain":30,"player_choice":"Searched \u00273\u0027 times","damage_taken":0,"relics_obtained":["Darkstone Periapt"],"max_hp_gain":0,"max_hp_loss":0,"event_name":"Dead Adventurer","floor":13,"gold_loss":0},{"damage_healed":0,"gold_gain":0,"player_choice":"Ignored","damage_taken":0,"max_hp_gain":0,"max_hp_loss":0,"event_name":"Shining Light","floor":14,"gold_loss":0}],"is_beta":false,"boss_relics":[{"not_picked":["Coffee Dripper","Fusion Hammer"],"picked":"Empty Cage"}],"items_purged_floors":[],"is_endless":false,"potions_floor_spawned":[7,13],"killed_by":"Shell Parasite","ascension_level":20}}