{"host":"z2dev7aeib1ulpz6","time":1613171154,"event":{"mods":["2.2 Compatiblity","Abigail Mod","AchievementEnabler","Act Like it!","AlwaysNeverKeys","Aspiration","BaseMod","Beaked The Cultist","Better Altar","Better Match","Better Note","Better Sensory Stone","Better Skull","Better Third Choice","Better Vampires","BetterRewards","CapriCore","Colored Map","Colored Powertips","Conspire","Downfall","Duelist Mod","Elementarium","Emptier Cage","Exacting","Fiend Mod","Friendly Minions","FruityMod","Gensokyo","GifTheSpireLib","Googly Eyes","Hallownest","Highlight Path","Hubris","Infinite Spire","Marisa????????","Menagerie","Minty Spire (QoL Compilation)","Random Character Button","Relic Filter","Relic Sorter","Relic Stats","Replay The Spire","Shop Mod","Spicy Shops","Spikes Relics","StS++","StSLib","Stuff the Spire","SuperFastMode","The Awakened One except there are too many feathers","The Bug Knight","The IronCluck","The Marked","The Mystic","The Problem Sleuth","The Runesmith","The Servant 0.9.4","Trackpad","Transform Curses","Wandering Minibosses","[JumpMod]????","egg","slay the spire mod where everything is the same but ironclad has a cowboy hat","thorton"],"gold_per_floor":[119,148,163,198,20,70,93,0,33,33,33,33,33,43,43,142,142,42,819,836,851,851,851,878,878,911,947,183,216,243,71,91,187,187,187,197,197,197,1,19,45,77,111,11,11,335,352,369,380,400,400,400],"floor_reached":50,"language":"ENG","playtime":17022,"items_purged":["Shame","Injury","Elementarium:GildedStrike"],"score":645,"play_id":"16cf4dec-bd6d-4916-815a-cfd4e3cb0413","local_time":"20210212230554","is_ascension_mode":false,"campfire_choices":[{"data":"champ:FanOfKnives","floor":10.0,"key":"SMITH"},{"data":"champ:TornadoPunch","floor":13.0,"key":"SMITH"},{"data":"champ:FlashCut","floor":15.0,"key":"SMITH"},{"floor":18,"key":"DIG"},{"data":"champ:HeavySlash","floor":35,"key":"SMITH"},{"data":"champ:RapidStrikes","floor":44,"key":"SMITH"}],"circlet_count":0,"master_deck":["champ:Defend+1","champ:Defend","champ:Defend+1","champ:Defend","champ:Execute","champ:Taunt+1","champ:Haymaker+1","champ:BerserkersShout","champ:FanOfKnives+1","champ:DeathBlow","champ:TornadoPunch+1","champ:DefensiveShout","champ:FlashCut+1","champ:ShieldSlam","champ:TripleStrike","champ:Shatter","Elementarium:GildedForm","Elementarium:GildedStrike","Elementarium:GildedStrike","Elementarium:GildedStrike","Elementarium:GildedStrike","champ:SkillfulDodge+1","champ:IronFortress","champ:RapidStrikes+1","expansioncontent:StudyTheSpire","champ:CrownThrow","champ:GutPunch","champ:VampiricStrike","champ:HeavySlash+1","champ:AdrenalArmor+1","Clumsy","champ:Encircle+1","champ:RecklessLeap+1","ReplayTheSpireMod:??????????????????????"],"relics":["champ:ChampionCrown","trackpad:WindUpAutoDealer","Regal Pillow","Ring of Misfortune","HowToJump","MerchantsRug","Bronze Scales","trackpad:CultistFigurine","SpikesRelics:SneckoPlush","ReplayFunnel","downfall:HeartBlessingBlue","Runesmith:Nanobots","wanderingMiniBosses:MasterThiefsPresence","SpikesRelics:DaevaFist","ReplayTheSpireMod:CursedCoin","Orichalcum","Garlic","conspire:TreasureMap","aspiration:Lifesprig","Sling","Matryoshka","ReplayTheSpireMod:Ring of Exchange","Lantern","Happy Flower","downfall:HeartBlessingGreen","Ice Cream","aspiration:EmptySkull"],"acts_visited":["Gensokyo:Gensokyo","Elementarium:Elementarium","Hallownest:KingdomsEdge"],"potions_floor_usage":[29,30,31,33,33,43,43,49,50],"damage_taken":[{"damage":0.0,"enemies":"Gensokyo:2_Kodama","floor":1.0,"turns":3.0},{"damage":4.0,"enemies":"Gensokyo:3_Fairies","floor":2.0,"turns":3.0},{"damage":20.0,"enemies":"Gensokyo:Gryphon","floor":3.0,"turns":4.0},{"damage":10.0,"enemies":"Gensokyo:LivingMonolith","floor":4.0,"turns":3.0},{"damage":40.0,"enemies":"downfall:FleeingMerchant","floor":5.0,"turns":7.0},{"damage":15.0,"enemies":"Gensokyo:Cirno","floor":6.0,"turns":4.0},{"damage":16.0,"enemies":"downfall:FleeingMerchant","floor":8.0,"turns":4.0},{"damage":0.0,"enemies":"Gensokyo:Kitsune","floor":9.0,"turns":2.0},{"damage":19.0,"enemies":"Gensokyo:3_Kodama","floor":14.0,"turns":3.0},{"damage":51.0,"enemies":"IC_STATUS_ARCHETYPE","floor":16.0,"turns":7.0},{"damage":32,"enemies":"Elementarium:2_ELEMENTALS","floor":19,"turns":5},{"damage":12,"enemies":"Elementarium:Cyclone","floor":20,"turns":3},{"damage":10,"enemies":"Elementarium:VoidBeast","floor":21,"turns":4},{"damage":19,"enemies":"Elementarium:3_ELEMENTALS","floor":26,"turns":3},{"damage":20,"enemies":"Elementarium:CYCLONE_AND_LIVING_STORMCLOUD","floor":27,"turns":5},{"damage":35,"enemies":"downfall:FleeingMerchant","floor":28,"turns":4},{"damage":20,"enemies":"Elementarium:ElementalPortal","floor":29,"turns":4},{"damage":10,"enemies":"Elementarium:STONE_GOLEMS","floor":30,"turns":2},{"damage":14,"enemies":"downfall:FleeingMerchant","floor":31,"turns":3},{"damage":0,"enemies":"Elementarium:RubyGolem","floor":32,"turns":2},{"damage":54,"enemies":"DF_ARCHETYPE_CLAW","floor":33,"turns":6},{"damage":5,"enemies":"Hallownest:2_Littles","floor":36,"turns":3},{"damage":0,"enemies":"Hallownest:Shield_Heavy","floor":40,"turns":3},{"damage":17,"enemies":"Hallownest:Slobbering_and_Violent","floor":42,"turns":5},{"damage":12,"enemies":"Hallownest:2_Wing_and_1_Kings","floor":43,"turns":6},{"damage":28,"enemies":"Hallownest:2_Wandering_and_1_Horned","floor":47,"turns":6},{"damage":3,"enemies":"Hallownest:monsterPrimalAspid","floor":48,"turns":3},{"damage":8,"enemies":"Hallownest:Shield_Sturdy","floor":49,"turns":2},{"damage":17,"enemies":"SI_POISON_ARCHETYPE","floor":50,"turns":11}],"seed_played":"-4960028071674657692","potions_obtained":[{"floor":1.0,"key":"Strength Potion"},{"floor":3.0,"key":"SteroidPotion"},{"floor":9.0,"key":"Languid Potion"},{"floor":19,"key":"Cursed Concoction"},{"floor":29,"key":"SkillPotion"},{"floor":30,"key":"champ:OpenerPotion"},{"floor":32,"key":"Block Potion"},{"floor":33,"key":"Fire Potion"},{"floor":40,"key":"BlessingOfTheForge"},{"floor":42,"key":"ColorlessPotion"},{"floor":49,"key":"Explosive Potion"}],"is_trial":false,"path_per_floor":["M","M","M","M","$","E","T","$","M","R","?","?","R","M","R","B",null,"R_BF","M","M","M","?","?","T","?","M","M","$","E","M","$","M","B",null,"R","M","$","?","$","M","T","M","M","R","AVR","?","M","M","M","B"],"character_chosen":"THE_CHAMP","items_purchased":["MerchantsRug","Bronze Scales","champ:Haymaker+1","champ:BerserkersShout","champ:FanOfKnives","trackpad:CultistFigurine","SpikesRelics:SneckoPlush","ReplayTheSpireMod:CursedCoin","StSpp:SecondWindPotion","champ:CounterPotion","champ:RapidStrikes","Orichalcum","Garlic","conspire:TreasureMap","expansioncontent:StudyTheSpire","Sling","Matryoshka","Regal Pillow","trackpad:WindUpAutoDealer"],"campfire_rested":0,"item_purchase_floors":[0,0,0,0,0,5,8,28,28,28,28,28,28,28,28,31,31,39,39],"current_hp_per_floor":[90,86,86,90,90,90,90,84,84,84,84,90,90,86,86,65,90,100,93,91,91,88,66,66,71,72,52,52,52,52,48,48,24,88,88,88,88,88,88,88,88,88,88,88,88,29,12,9,9,0,0,0],"gold":400,"neow_bonus":"","is_daily":false,"chose_seed":false,"campfire_upgraded":5,"win_rate":0.0,"timestamp":1613171154,"path_taken":["M","M","M","M","$","E","T","$","M","R","?","?","R","?","R","BOSS","R_BF","M","M","?","?","?","T","?","?","M","?","E","M","$","M","BOSS","R","M","?","?","?","M","T","M","M","R","AVR","?","?","M","M","BOSS"],"items_purchased_type":["Relic","Relic","Card","Card","Card","Relic","Relic","Relic","Potion","Potion","Card","Relic","Relic","Relic","Card","Relic","Relic","Relic","Relic"],"build_version":"2020-12-22","purchased_purges":3,"victory":false,"max_hp_per_floor":[90,90,90,90,90,90,90,90,90,90,90,90,90,90,90,90,90,100,100,100,100,88,88,88,88,88,88,88,88,88,88,88,88,88,88,88,88,88,88,88,88,88,88,88,88,88,88,88,88,88,88,88],"relic_stats":{"Regal Pillow":0,"Happy Flower":[11],"counters":[54,231],"Bronze Scales":[364],"Orichalcum":[120],"obtain_stats":[{"Ice Cream":45,"trackpad:Mousetrap":5,"trackpad:IceCube":3,"downfall:HeartBlessingGreen":11,"aspiration:PoetsPen_weak":45,"trackpad:WondrousWand":26,"Sling":31,"Sozu":27,"Strawberry":7,"Honey Jar":34,"HandDrill":22,"HollowMod:PaleOreRelic":4,"trackpad:CultistFigurine":5,"hexamod:SpiritBrand":0,"MerchantsRug":0,"conspire:TreasureMap":40,"Ring of Hypnosis":38,"Happy Flower":41,"ReplayTheSpireMod:CursedCoin":28,"Astrolabe":45,"Oddly Smooth Stone":5,"wanderingMiniBosses:MasterThiefsPresence":19,"Charon\u0027s Ashes":34,"SpikesRelics:SneckoPlush":8,"War Paint":6,"aspiration:EmptySkull":46,"Bronze Scales":29,"infinitespire:EmpoweringShard":10,"trackpad:WindUpAutoDealer":39,"ReplayFunnel":11,"ReplayTheSpireMod:Ring of Exchange":38,"aspiration:Lifesprig":29,"Regal Pillow":39,"Lantern":41,"champ:ChampionCrown":0,"Replay:Mystery Machine":0,"hubris:Backtick":34,"hubris:Icosahedron":37,"Matryoshka":31,"downfall:HeartBlessingBlue":18,"MiniBlackHole":46,"Runesmith:Nanobots":18,"HowToJump":0,"infinitespire:FocusingShard":24,"PreservedInsect":41,"aspiration:SecretTechniqueScroll":17,"Orichalcum":28,"Ring of Misfortune":38,"Snack Pack":14,"SpikesRelics:DaevaFist":24,"Garlic":28,"Membership Card":27},{"Ice Cream":50,"trackpad:Mousetrap":3,"trackpad:IceCube":2,"downfall:HeartBlessingGreen":6,"aspiration:PoetsPen_weak":21,"trackpad:WondrousWand":13,"Sling":44,"Sozu":13,"Strawberry":3,"Honey Jar":46,"HandDrill":11,"HollowMod:PaleOreRelic":3,"trackpad:CultistFigurine":30,"hexamod:SpiritBrand":0,"MerchantsRug":25,"conspire:TreasureMap":19,"Ring of Hypnosis":18,"Happy Flower":48,"ReplayTheSpireMod:CursedCoin":41,"Astrolabe":21,"Oddly Smooth Stone":3,"wanderingMiniBosses:MasterThiefsPresence":36,"Charon\u0027s Ashes":16,"SpikesRelics:SneckoPlush":32,"War Paint":31,"aspiration:EmptySkull":50,"Bronze Scales":14,"infinitespire:EmpoweringShard":6,"trackpad:WindUpAutoDealer":47,"ReplayFunnel":33,"ReplayTheSpireMod:Ring of Exchange":18,"aspiration:Lifesprig":42,"Regal Pillow":47,"Lantern":48,"champ:ChampionCrown":0,"Replay:Mystery Machine":0,"hubris:Backtick":16,"hubris:Icosahedron":18,"Matryoshka":44,"downfall:HeartBlessingBlue":35,"MiniBlackHole":22,"Runesmith:Nanobots":35,"HowToJump":0,"infinitespire:FocusingShard":12,"PreservedInsect":19,"aspiration:SecretTechniqueScroll":8,"Orichalcum":41,"Ring of Misfortune":47,"Snack Pack":7,"SpikesRelics:DaevaFist":38,"Garlic":41,"Membership Card":13},{"Ice Cream":209,"trackpad:Mousetrap":11,"trackpad:IceCube":7,"downfall:HeartBlessingGreen":21,"aspiration:PoetsPen_weak":94,"trackpad:WondrousWand":59,"Sling":184,"Sozu":59,"Strawberry":11,"Honey Jar":192,"HandDrill":49,"HollowMod:PaleOreRelic":11,"trackpad:CultistFigurine":131,"hexamod:SpiritBrand":0,"MerchantsRug":111,"conspire:TreasureMap":85,"Ring of Hypnosis":81,"Happy Flower":198,"ReplayTheSpireMod:CursedCoin":175,"Astrolabe":94,"Oddly Smooth Stone":11,"wanderingMiniBosses:MasterThiefsPresence":156,"Charon\u0027s Ashes":73,"SpikesRelics:SneckoPlush":139,"War Paint":135,"aspiration:EmptySkull":209,"Bronze Scales":61,"infinitespire:EmpoweringShard":21,"trackpad:WindUpAutoDealer":195,"ReplayFunnel":141,"ReplayTheSpireMod:Ring of Exchange":81,"aspiration:Lifesprig":179,"Regal Pillow":195,"Lantern":198,"champ:ChampionCrown":0,"Replay:Mystery Machine":0,"hubris:Backtick":73,"hubris:Icosahedron":81,"Matryoshka":184,"downfall:HeartBlessingBlue":151,"MiniBlackHole":98,"Runesmith:Nanobots":151,"HowToJump":0,"infinitespire:FocusingShard":53,"PreservedInsect":85,"aspiration:SecretTechniqueScroll":34,"Orichalcum":175,"Ring of Misfortune":195,"Snack Pack":23,"SpikesRelics:DaevaFist":163,"Garlic":175,"Membership Card":59}]},"card_choices":[{"not_picked":["champ:PreciseThrust","champ:Improvising"],"picked":"champ:DeathBlow","floor":1.0},{"not_picked":["champ:StanceDance","champ:FanOfKnives"],"picked":"champ:TornadoPunch","floor":2.0},{"not_picked":["champ:ArenaPreparation","champ:Shatter"],"picked":"champ:DefensiveShout","floor":3.0},{"not_picked":["champ:CrookedStrike","champ:Haymaker"],"picked":"champ:FlashCut","floor":4.0},{"not_picked":["champ:SkillfulDodge","champ:Haymaker","champ:Shatter"],"picked":"SKIP","floor":5.0},{"not_picked":["champ:StrikeOfGenius","champ:BerserkersShout","champ:BringItOn"],"picked":"SKIP","floor":6.0},{"not_picked":["champ:EnragedBash","champ:Improvising"],"picked":"champ:ShieldSlam","floor":8.0},{"not_picked":["champ:SkillfulDodge","champ:GladiatorStyle","champ:DefensiveShout"],"picked":"SKIP","floor":9.0},{"not_picked":["champ:BringItOn","champ:EnGarde","champ:GladiatorStyle"],"picked":"SKIP","floor":14.0},{"not_picked":["champ:UltimateStance","champ:ShieldThrow"],"picked":"champ:TripleStrike","floor":16.0},{"not_picked":["champ:Backstep+1","champ:BringItOn"],"picked":"champ:Shatter","floor":19},{"not_picked":["champ:FlashCut","champ:Backstep+1","champ:EnGarde"],"picked":"SKIP","floor":20},{"not_picked":["champ:FlashCut","champ:EnGarde","champ:FanOfKnives"],"picked":"SKIP","floor":21},{"not_picked":["champ:BringItOn","champ:Circumvent","champ:Parry"],"picked":"SKIP","floor":26},{"not_picked":["champ:Circumvent","champ:DefensiveShout"],"picked":"champ:SkillfulDodge+1","floor":27},{"not_picked":["champ:PerfectedStrike","champ:LastStand"],"picked":"champ:IronFortress","floor":28},{"not_picked":["champ:Parry","champ:DefensiveShout"],"picked":"champ:CrownThrow","floor":29},{"not_picked":["champ:Circumvent","champ:PerfectedStrike"],"picked":"champ:GutPunch","floor":30},{"not_picked":["champ:Shatter+1","champ:AdrenalArmor","champ:Haymaker"],"picked":"SKIP","floor":31},{"not_picked":["champ:TornadoPunch","champ:BringItOn+1"],"picked":"champ:VampiricStrike","floor":32},{"not_picked":["champ:StrikeOfGenius","champ:ShieldThrow"],"picked":"champ:HeavySlash","floor":33},{"not_picked":["champ:GutPunch+1","champ:FlashCut","champ:CrownThrow"],"picked":"champ:AdrenalArmor+1","floor":36},{"not_picked":["champ:EndlessRage+1","champ:CrownThrow+1","champ:GladiatorStyle+1"],"picked":"SKIP","floor":40},{"not_picked":["champ:FlashCut+1","champ:Shatter+1"],"picked":"champ:Encircle+1","floor":42},{"not_picked":["champ:BringItOn","champ:EndlessRage"],"picked":"champ:RecklessLeap+1","floor":43},{"not_picked":["champ:ArenaPreparation+1","champ:BerserkersShout","champ:FlashCut"],"picked":"SKIP","floor":47},{"not_picked":["champ:DefensiveShout+1","champ:RecklessLeap+1","champ:FanOfKnives"],"picked":"SKIP","floor":48},{"not_picked":["champ:HoldFirm","champ:FanOfKnives+1","champ:FlashCut+1"],"picked":"SKIP","floor":49}],"player_experience":1128354,"relics_obtained":[{"floor":6.0,"key":"War Paint"},{"floor":18,"key":"Runesmith:Nanobots"},{"floor":19,"key":"wanderingMiniBosses:MasterThiefsPresence"},{"floor":24,"key":"SpikesRelics:DaevaFist"},{"floor":29,"key":"aspiration:Lifesprig"},{"floor":38,"key":"ReplayTheSpireMod:Ring of Exchange"},{"floor":38,"key":"Ring of Misfortune"},{"floor":41,"key":"Lantern"},{"floor":41,"key":"Happy Flower"}],"event_choices":[{"damage_healed":0,"gold_gain":0,"player_choice":"Dive in","damage_taken":0,"max_hp_gain":0,"max_hp_loss":12,"event_name":"Elementarium:FountainOfGold","floor":22,"gold_loss":0,"cards_obtained":["Elementarium:GildedForm"]},{"damage_healed":0,"gold_gain":0,"player_choice":"Strike","damage_taken":22,"max_hp_gain":0,"max_hp_loss":0,"event_name":"Elementarium:OnrushingOffering","floor":23,"gold_loss":0,"cards_obtained":["Elementarium:GildedStrike","Elementarium:GildedStrike","Elementarium:GildedStrike","Elementarium:GildedStrike","Elementarium:GildedStrike"]},{"damage_healed":5,"gold_gain":0,"player_choice":"LEAVE ","damage_taken":0,"relics_obtained":[],"max_hp_gain":0,"max_hp_loss":0,"event_name":"betterSkull:BetterSkull","floor":25,"gold_loss":0,"cards_upgraded":[]},{"damage_healed":0,"gold_gain":324,"player_choice":"RE GO GO UP GO ","damage_taken":66,"relics_obtained":["aspiration:EmptySkull"],"max_hp_gain":0,"max_hp_loss":0,"event_name":"betterSkull:BetterSkull","floor":46,"gold_loss":0,"cards_upgraded":["champ:Defend"]}],"is_beta":false,"boss_relics":[{"not_picked":["conspire:SlowCooker","trackpad:StolenKidneys","hubris:VirtuousBlindfold"]},{"not_picked":["conspire:SeveredTorchhead","ReplayTheSpireMod:DimensionalGlitch"],"picked":"Honey Jar"}],"items_purged_floors":[28,31,37],"is_endless":false,"potions_floor_spawned":[1,9,14,19,29,30,32,33,40,42,49],"killed_by":"SI_POISON_ARCHETYPE","ascension_level":0}}