{"host":"z2qbs5oitkx9dzyk","time":1613102521,"event":{"mods":["BaseMod","Colored Map","Colored Powertips","Minty Spire (QoL Compilation)"],"gold_per_floor":[116,116,6,20,38,38,63,63,116,129,149,149,164,12,12,116,116,131,148,71,31,46,46,57,57,57,156,431,446,29,42,42,42,42],"floor_reached":33,"language":"ENG","playtime":1262,"items_purged":["Strike_R","Regret"],"score":249,"play_id":"f7ea9454-542d-49d1-88fe-7d8ef281fe77","local_time":"20210211220201","is_ascension_mode":false,"campfire_choices":[{"data":"Rampage","floor":6,"key":"SMITH"},{"data":"Armaments","floor":12,"key":"SMITH"},{"floor":15,"key":"REST"},{"data":"Limit Break","floor":23,"key":"SMITH"},{"floor":25,"key":"REST"},{"floor":32,"key":"REST"}],"circlet_count":0,"master_deck":["Strike_R","Strike_R+1","Strike_R+1","Defend_R","Defend_R","Defend_R","Defend_R","Bash","Cleave","Rampage+1","Flex","Armaments+1","Shrug It Off","Flame Barrier","Limit Break+1","Disarm","Metallicize","Spot Weakness","Entrench","Flame Barrier","Metallicize","Shockwave","Pommel Strike+1"],"relics":["Burning Blood","NeowsBlessing","Whetstone","Regal Pillow","OrangePellets","SlaversCollar","Prayer Wheel","White Beast Statue"],"acts_visited":["Exordium","TheCity"],"potions_floor_usage":[18,19,24,24,29,33,33],"damage_taken":[{"damage":0,"enemies":"Jaw Worm","floor":1,"turns":1},{"damage":0,"enemies":"Small Slimes","floor":4,"turns":1},{"damage":0,"enemies":"Cultist","floor":5,"turns":1},{"damage":40,"enemies":"3 Sentries","floor":7,"turns":9},{"damage":1,"enemies":"Large Slime","floor":10,"turns":4},{"damage":16,"enemies":"Red Slaver","floor":11,"turns":3},{"damage":6,"enemies":"2 Fungi Beasts","floor":13,"turns":4},{"damage":76,"enemies":"Slime Boss","floor":16,"turns":19},{"damage":9,"enemies":"Chosen","floor":18,"turns":6},{"damage":5,"enemies":"3 Byrds","floor":19,"turns":4},{"damage":25,"enemies":"Cultist and Chosen","floor":22,"turns":10},{"damage":39,"enemies":"3 Cultists","floor":24,"turns":6},{"damage":63,"enemies":"Centurion and Healer","floor":29,"turns":10},{"damage":23,"enemies":"Snake Plant","floor":31,"turns":8},{"damage":56,"enemies":"Automaton","floor":33,"turns":8}],"seed_played":"-1146355890269585808","potions_obtained":[{"floor":7,"key":"LiquidBronze"},{"floor":13,"key":"Weak Potion"},{"floor":16,"key":"Swift Potion"},{"floor":21,"key":"FairyPotion"},{"floor":21,"key":"LiquidBronze"},{"floor":21,"key":"Explosive Potion"},{"floor":24,"key":"LiquidBronze"},{"floor":29,"key":"SteroidPotion"},{"floor":31,"key":"AttackPotion"}],"is_trial":false,"path_per_floor":["M","?","$","M","M","R","E","?","T","M","M","R","M","$","R","B",null,"M","M","$","?","M","R","M","R","T","?","?","M","$","M","R","B"],"character_chosen":"IRONCLAD","items_purchased":["Rampage","OrangePellets","Spot Weakness","White Beast Statue","LiquidBronze"],"campfire_rested":3,"item_purchase_floors":[3,14,20,30,30],"current_hp_per_floor":[80,80,80,80,80,80,46,46,46,51,41,41,41,41,80,10,80,77,78,78,78,59,59,26,65,65,65,65,8,8,17,56,0,0],"gold":42,"neow_bonus":"THREE_ENEMY_KILL","is_daily":false,"chose_seed":false,"campfire_upgraded":3,"win_rate":0.0,"timestamp":1613102521,"path_taken":["M","?","$","M","M","R","E","?","T","?","M","R","M","$","R","BOSS","M","M","$","?","M","R","?","R","T","?","?","M","$","?","R","BOSS"],"items_purchased_type":["Card","Relic","Card","Relic","Potion"],"build_version":"2020-12-22","purchased_purges":2,"victory":false,"max_hp_per_floor":[80,80,80,80,80,80,80,80,80,80,80,80,80,80,80,80,80,80,80,80,80,80,80,80,80,80,80,80,80,80,80,80,80,80],"card_choices":[{"not_picked":["Entrench","Flex"],"picked":"Cleave","floor":1},{"not_picked":["True Grit","Infernal Blade"],"picked":"Flex","floor":4},{"not_picked":["Sword Boomerang","Clothesline"],"picked":"Armaments","floor":5},{"not_picked":["Dual Wield","Blood for Blood"],"picked":"Shrug It Off","floor":7},{"not_picked":["Sentinel","Armaments"],"picked":"Flame Barrier","floor":10},{"not_picked":["Body Slam","Anger","Twin Strike"],"picked":"SKIP","floor":11},{"not_picked":["Ghostly Armor","Havoc","Body Slam"],"picked":"SKIP","floor":13},{"not_picked":["Fiend Fire","Exhume"],"picked":"Limit Break","floor":16},{"not_picked":["Dual Wield","Rupture+1"],"picked":"Disarm","floor":18},{"not_picked":["Warcry","Dropkick+1"],"picked":"Metallicize","floor":19},{"not_picked":["Burning Pact","Clash","Havoc+1"],"picked":"SKIP","floor":22},{"not_picked":["Evolve+1","Sword Boomerang"],"picked":"Entrench","floor":24},{"not_picked":["Anger","Searing Blow"],"picked":"Flame Barrier","floor":29},{"not_picked":["Thunderclap","Twin Strike"],"picked":"Metallicize","floor":29},{"not_picked":["Rampage","Heavy Blade"],"picked":"Shockwave","floor":31},{"not_picked":["Flex","Headbutt"],"picked":"Pommel Strike+1","floor":31}],"player_experience":409726,"relics_obtained":[{"floor":7,"key":"Whetstone"},{"floor":9,"key":"Regal Pillow"},{"floor":26,"key":"Prayer Wheel"}],"event_choices":[{"damage_healed":0,"gold_gain":0,"player_choice":"Leave","damage_taken":0,"max_hp_gain":0,"max_hp_loss":0,"event_name":"The Cleric","floor":2,"gold_loss":0},{"cards_removed":["Strike_R"],"damage_healed":0,"gold_gain":0,"player_choice":"Offered Basic","damage_taken":0,"max_hp_gain":0,"max_hp_loss":0,"event_name":"Bonfire Elementals","floor":8,"gold_loss":0},{"damage_healed":0,"gold_gain":0,"player_choice":"Bought 3 Potions","damage_taken":0,"max_hp_gain":0,"max_hp_loss":0,"event_name":"The Woman in Blue","floor":21,"gold_loss":0},{"damage_healed":0,"gold_gain":99,"player_choice":"Stole From Cult","damage_taken":0,"max_hp_gain":0,"max_hp_loss":0,"event_name":"Nest","floor":27,"gold_loss":0},{"damage_healed":0,"gold_gain":275,"player_choice":"Desecrate","damage_taken":0,"max_hp_gain":0,"max_hp_loss":0,"event_name":"Golden Shrine","floor":28,"gold_loss":0,"cards_obtained":["Regret"]}],"is_beta":false,"boss_relics":[{"not_picked":["Runic Cube","SacredBark"],"picked":"SlaversCollar"}],"items_purged_floors":[3,30],"is_endless":false,"potions_floor_spawned":[7,13,16,24,29,31],"killed_by":"Automaton","ascension_level":0}}