{"host":"g2yp6paluzgljz05","time":1613094419,"event":{"mods":["BaseMod","Bestiary","Colored Powertips","DeckTracker","Highlight Path","Minty Spire (QoL Compilation)","Quick Restart"],"gold_per_floor":[118,68,81,81,181,181,181,181,231,250,200,215,244,261,261,261,261],"floor_reached":16,"language":"ENG","playtime":667,"items_purged":[],"score":108,"play_id":"bb8af19b-e442-4492-9ba8-9c08d7ac5e8d","local_time":"20210212124659","is_ascension_mode":true,"campfire_choices":[{"data":"Strike_B","floor":6,"key":"SMITH"},{"data":"Beam Cell","floor":8,"key":"SMITH"},{"data":"Zap","floor":15,"key":"SMITH"}],"circlet_count":0,"master_deck":["Strike_B","Strike_B+1","Strike_B","Defend_B","Defend_B","Defend_B","Defend_B","Zap+1","Dualcast","FTL","Coolheaded","Beam Cell+1","Go for the Eyes","Coolheaded"],"relics":["Cracked Core","Tiny Chest","Bottled Lightning","Smiling Mask","Odd Mushroom"],"acts_visited":["Exordium"],"potions_floor_usage":[],"damage_taken":[{"damage":1,"enemies":"Cultist","floor":1,"turns":3},{"damage":0,"enemies":"Small Slimes","floor":3,"turns":2},{"damage":0,"enemies":"2 Louse","floor":10,"turns":2},{"damage":16,"enemies":"Lots of Slimes","floor":12,"turns":4},{"damage":16,"enemies":"The Mushroom Lair","floor":13,"turns":3},{"damage":0,"enemies":"Large Slime","floor":14,"turns":4},{"damage":43,"enemies":"Hexaghost","floor":16,"turns":12}],"seed_played":"-924345921037571435","potions_obtained":[{"floor":1,"key":"FearPotion"},{"floor":12,"key":"Ancient Potion"},{"floor":13,"key":"Weak Potion"}],"is_trial":false,"path_per_floor":["M","$","M","?","?","R","T","R","T","M","?","M","?","M","R","B"],"character_chosen":"DEFECT","items_purchased":["Coolheaded"],"campfire_rested":0,"item_purchase_floors":[2],"current_hp_per_floor":[74,74,74,74,74,74,74,74,74,74,74,58,42,42,42,0,0],"gold":261,"neow_bonus":"RANDOM_COMMON_RELIC","is_daily":false,"chose_seed":false,"campfire_upgraded":3,"win_rate":0.0,"timestamp":1613094419,"path_taken":["M","$","?","?","?","R","?","R","T","M","?","M","?","?","R","BOSS"],"items_purchased_type":["Card"],"build_version":"2020-12-22","purchased_purges":0,"victory":false,"max_hp_per_floor":[75,75,75,75,75,75,75,75,75,75,75,75,75,75,75,75,75],"card_choices":[{"not_picked":["Barrage","Steam"],"picked":"FTL","floor":1},{"not_picked":["Barrage","Static Discharge"],"picked":"Beam Cell","floor":3},{"not_picked":["Defragment","Storm","Barrage"],"picked":"SKIP","floor":10},{"not_picked":["Force Field","Redo"],"picked":"Go for the Eyes","floor":12},{"not_picked":["Reinforced Body","Streamline"],"picked":"Coolheaded","floor":13},{"not_picked":["Redo","Genetic Algorithm","Steam Power"],"picked":"SKIP","floor":14}],"player_experience":360730,"relics_obtained":[{"floor":7,"key":"Bottled Lightning"},{"floor":9,"key":"Smiling Mask"},{"floor":13,"key":"Odd Mushroom"}],"event_choices":[{"damage_healed":0,"gold_gain":0,"player_choice":"Ignored","damage_taken":0,"max_hp_gain":0,"max_hp_loss":0,"event_name":"Liars Game","floor":4,"gold_loss":0},{"damage_healed":0,"gold_gain":100,"player_choice":"Pray","damage_taken":0,"max_hp_gain":0,"max_hp_loss":0,"event_name":"Golden Shrine","floor":5,"gold_loss":0},{"cards_removed":["Strike_B"],"damage_healed":0,"gold_gain":0,"player_choice":"Card Removal","damage_taken":0,"max_hp_gain":0,"max_hp_loss":0,"event_name":"The Cleric","floor":11,"gold_loss":50},{"damage_healed":0,"gold_gain":0,"player_choice":"Fought Mushrooms","damage_taken":0,"max_hp_gain":0,"max_hp_loss":0,"event_name":"Mushrooms","floor":13,"gold_loss":0}],"is_beta":false,"boss_relics":[],"items_purged_floors":[],"is_endless":false,"potions_floor_spawned":[1,12,13,14],"killed_by":"Hexaghost","ascension_level":4}}