{"host":"91blwi3hgehj6ch9","time":1613133096,"event":{"mods":["2.2 Compatiblity","AchievementEnabler","BaseMod","Colored Map","DeckTracker","Keyboard Shortcuts","Minty Spire (QoL Compilation)","Permanent Neow","Quick Restart","StSLib","SuperFastMode","everything is the same but u backflip on backflip"],"gold_per_floor":[109,109,59,134,134,168,24,24,24,37,65,1,21,21,21,21,21],"floor_reached":16,"language":"KOR","playtime":333,"items_purged":["Strike_R"],"score":190,"play_id":"304ab64c-3d4f-47ab-bd32-d1b2a76d4019","local_time":"20210212213136","is_ascension_mode":true,"campfire_choices":[{"data":"Pommel Strike","floor":8,"key":"SMITH"},{"data":"Shrug It Off","floor":15,"key":"SMITH"}],"circlet_count":0,"master_deck":["Strike_R","Strike_R","Defend_R","Defend_R","Defend_R","Defend_R","Bash","Shrug It Off+1","Pommel Strike+1","Hemokinesis","Immolate","Shrug It Off+1","Entrench+1"],"relics":["Burning Blood","NeowsBlessing","Question Card","White Beast Statue","Membership Card","Toxic Egg 2","HornCleat"],"acts_visited":["Exordium"],"potions_floor_usage":[16],"damage_taken":[{"damage":0,"enemies":"Cultist","floor":1,"turns":1},{"damage":0,"enemies":"Gremlin Nob","floor":6,"turns":1},{"damage":0,"enemies":"Jaw Worm","floor":10,"turns":1},{"damage":48,"enemies":"3 Sentries","floor":11,"turns":10},{"damage":0,"enemies":"Small Slimes","floor":13,"turns":3},{"damage":61,"enemies":"The Guardian","floor":16,"turns":12}],"seed_played":"-5998986956696717562","potions_obtained":[{"floor":6,"key":"Ancient Potion"},{"floor":10,"key":"AttackPotion"},{"floor":11,"key":"Explosive Potion"}],"is_trial":false,"path_per_floor":["M","?","?","?","T","E","$","R","T","M","E","$","M","?","R","B"],"character_chosen":"IRONCLAD","items_purchased":["Membership Card","Shrug It Off+1"],"campfire_rested":0,"item_purchase_floors":[7,12],"current_hp_per_floor":[78,83,83,72,72,78,78,78,78,84,42,42,48,48,48,0,0],"gold":21,"neow_bonus":"THREE_ENEMY_KILL","is_daily":false,"chose_seed":false,"campfire_upgraded":2,"win_rate":0.0,"timestamp":1613133096,"path_taken":["M","?","?","?","?","E","$","R","T","M","E","$","?","?","R","BOSS"],"items_purchased_type":["Relic","Card"],"build_version":"2020-12-22","purchased_purges":1,"victory":false,"max_hp_per_floor":[80,85,85,85,85,85,85,85,85,85,85,85,85,85,85,85,85],"card_choices":[{"not_picked":["Clash","Clothesline"],"picked":"Shrug It Off","floor":1},{"not_picked":["Havoc","Exhume","Thunderclap"],"picked":"Pommel Strike","floor":6},{"not_picked":["Flex+1","True Grit+1","Thunderclap"],"picked":"Hemokinesis","floor":10},{"not_picked":["Havoc+1","Infernal Blade+1","Perfected Strike"],"picked":"Immolate","floor":11},{"not_picked":["Shrug It Off+1","Flex+1","Whirlwind"],"picked":"Entrench+1","floor":13}],"player_experience":227006,"relics_obtained":[{"floor":5,"key":"Question Card"},{"floor":6,"key":"White Beast Statue"},{"floor":9,"key":"Toxic Egg 2"},{"floor":11,"key":"HornCleat"}],"event_choices":[{"damage_healed":0,"gold_gain":0,"player_choice":"Donut","damage_taken":0,"max_hp_gain":5,"max_hp_loss":0,"event_name":"Big Fish","floor":2,"gold_loss":0},{"cards_removed":["Strike_R"],"damage_healed":0,"gold_gain":0,"player_choice":"Card Removal","damage_taken":0,"max_hp_gain":0,"max_hp_loss":0,"event_name":"The Cleric","floor":3,"gold_loss":50},{"damage_healed":0,"gold_gain":75,"player_choice":"Gather Gold","damage_taken":11,"max_hp_gain":0,"max_hp_loss":0,"event_name":"World of Goop","floor":4,"gold_loss":0},{"cards_removed":["Strike_R"],"damage_healed":0,"gold_gain":0,"player_choice":"Purged","damage_taken":0,"max_hp_gain":0,"max_hp_loss":0,"event_name":"Purifier","floor":14,"gold_loss":0}],"is_beta":false,"boss_relics":[],"items_purged_floors":[12],"is_endless":false,"potions_floor_spawned":[6,10,11,13],"killed_by":"The Guardian","ascension_level":9}}