{"host":"hcfgv6p6h0ubjkk0","time":1613145027,"event":{"mods":["AchievementEnabler","BaseMod","Highlight Path","Minty Spire (QoL Compilation)","Quick Restart","Replay The Spire","StSLib"],"gold_per_floor":[209,18,118,168,223,283,139,190,190,284,96,96,135,209,209,312,312,356,394,141,186,10,10,92,92,92,121,121,121,121,166,166,266,266,277,114,0,0,12,12,12,12],"floor_reached":41,"language":"ENG","playtime":1695,"items_purged":["Strike_R","Strike_R","Strike_R"],"score":779,"play_id":"466a4117-ed81-4f8b-ac5f-f0a86cb832d5","local_time":"20210212155027","is_ascension_mode":true,"campfire_choices":[{"data":"Apotheosis","floor":12,"key":"SMITH"},{"floor":15,"key":"REST"},{"data":"Corruption","floor":23,"key":"SMITH"},{"floor":25,"key":"REST"},{"floor":28,"key":"REST"},{"data":"Body Slam","floor":32,"key":"SMITH"},{"data":"Barricade","floor":40,"key":"SMITH"}],"circlet_count":0,"master_deck":["Defend_R","Defend_R","Defend_R","Defend_R","Bash","HandOfGreed","Evolve","Disarm","Uppercut","Inflame","Pommel Strike","Apotheosis+1","Feel No Pain","Corruption+1","CurseOfTheBell","Shrug It Off+1","Feed","Flame Barrier","Shockwave","Shockwave","Rage+1","True Grit+1","Feel No Pain","Body Slam+1","Fiend Fire","ReplayTheSpireMod:LeadingStrike","Offering","Clumsy","Clumsy","Parasite","Barricade+1","Defy Death+1"],"relics":["Burning Blood","Pen Nib","Bottled Lightning","Odd Mushroom","Calling Bell","Dream Catcher","Ornamental Fan","Magic Flower","ReplayTheSpireMod:Ninjato","Replay:Bottled Steam","Darkstone Periapt","Replay:Ancient Bell","Bag of Preparation","Mummified Hand","Charon\u0027s Ashes","Red Mask"],"acts_visited":["Exordium","TheCity","TheBeyond"],"potions_floor_usage":[6,14,14,21],"damage_taken":[{"damage":1,"enemies":"Cultist","floor":1,"turns":4},{"damage":1,"enemies":"2 Louse","floor":4,"turns":4},{"damage":7,"enemies":"Small Slimes","floor":5,"turns":4},{"damage":8,"enemies":"3 Louse","floor":6,"turns":4},{"damage":24,"enemies":"Gremlin Nob","floor":8,"turns":4},{"damage":35,"enemies":"3 Sentries","floor":10,"turns":8},{"damage":2,"enemies":"Blue Slaver","floor":13,"turns":6},{"damage":4,"enemies":"The Mushroom Lair","floor":14,"turns":3},{"damage":9,"enemies":"Fading Forest","floor":16,"turns":11},{"damage":8,"enemies":"Chosen","floor":18,"turns":6},{"damage":10,"enemies":"Shell Parasite","floor":19,"turns":7},{"damage":21,"enemies":"Snake Plant","floor":21,"turns":7},{"damage":45,"enemies":"Slavers","floor":24,"turns":8},{"damage":4,"enemies":"Book of Stabbing","floor":27,"turns":6},{"damage":0,"enemies":"Sentry and Sphere","floor":31,"turns":4},{"damage":26,"enemies":"Pondfish","floor":33,"turns":12},{"damage":6,"enemies":"3 Shapes","floor":35,"turns":3},{"damage":18,"enemies":"3 Darklings","floor":39,"turns":5},{"damage":105,"enemies":"Reptomancer","floor":41,"turns":3}],"seed_played":"-1012359451498728263","potions_obtained":[{"floor":5,"key":"AttackPotion"},{"floor":8,"key":"Adrenaline Potion"},{"floor":13,"key":"DistilledChaos"},{"floor":16,"key":"BlessingOfTheForge"},{"floor":18,"key":"PowerPotion"},{"floor":24,"key":"Elixir"},{"floor":27,"key":"LiquidBronze"}],"is_trial":false,"path_per_floor":["M","$","?","M","M","M","$","E","T","E","$","R","M","?","R","B",null,"M","M","$","M","$","R","E","R","T","E","R","?","?","M","R","B",null,"M","$","?","?","M","R","E"],"character_chosen":"IRONCLAD","items_purchased":["HandOfGreed","Inflame","Apotheosis","Feed","Shockwave","Barricade"],"campfire_rested":3,"item_purchase_floors":[2,7,11,20,22,36],"current_hp_per_floor":[80,80,80,80,79,77,77,59,59,30,30,30,34,36,60,57,80,80,79,79,67,67,67,31,55,55,66,84,84,84,88,88,71,106,110,110,110,110,101,101,0,0],"gold":12,"neow_bonus":"HUNDRED_GOLD","is_daily":false,"chose_seed":false,"campfire_upgraded":4,"win_rate":0.0,"timestamp":1613145027,"path_taken":["M","$","?","M","M","?","$","E","T","E","?","R","?","?","R","BOSS","M","M","$","M","$","R","E","R","T","E","R","?","?","M","R","BOSS","M","$","?","?","M","R","E"],"items_purchased_type":["Card","Card","Card","Card","Card","Card"],"build_version":"2020-12-22","purchased_purges":3,"victory":false,"max_hp_per_floor":[80,80,80,80,80,80,80,80,80,80,80,80,80,80,80,80,80,80,80,80,80,80,80,80,80,80,84,84,84,84,88,88,88,106,110,110,110,110,110,110,110,110],"card_choices":[{"not_picked":["Iron Wave","ReplayTheSpireMod:Strike From Hell","Thunderclap"],"picked":"SKIP","floor":1},{"not_picked":["Body Slam","Blood for Blood"],"picked":"Evolve","floor":4},{"not_picked":["Twin Strike","Run Through"],"picked":"Disarm","floor":5},{"not_picked":["ReplayTheSpireMod:Limb From Limb","Anger"],"picked":"Uppercut","floor":6},{"not_picked":["Warcry","Pummel"],"picked":"Pommel Strike","floor":8},{"not_picked":["Hemogenesis","Iron Wave","Sever Soul"],"picked":"SKIP","floor":10},{"not_picked":["Cleave","ReplayTheSpireMod:Stacked","Iron Wave"],"picked":"SKIP","floor":13},{"not_picked":["Inflame","Dark Embrace"],"picked":"Feel No Pain","floor":14},{"not_picked":["Bludgeon","Feed"],"picked":"Corruption","floor":16},{"not_picked":["Sever Soul","Armaments"],"picked":"Shrug It Off+1","floor":18},{"not_picked":["Anger+1","Carnage","Twin Strike+1"],"picked":"SKIP","floor":19},{"not_picked":["Havoc","Pommel Strike+1"],"picked":"Flame Barrier","floor":21},{"not_picked":["Whirlwind+1","Bloodletting"],"picked":"Rage+1","floor":24},{"not_picked":["Sentinel","Wild Strike+1"],"picked":"True Grit+1","floor":27},{"not_picked":["Hemogenesis","Pommel Strike+1"],"picked":"Feel No Pain","floor":28},{"not_picked":["ReplayTheSpireMod:Limb From Limb","Rampage","Seeing Red+1"],"picked":"SKIP","floor":31},{"not_picked":["Eclipse","Immolate"],"picked":"Offering","floor":33},{"not_picked":["Doubt","Spreading Infection"],"picked":"Clumsy","floor":34},{"not_picked":["Sickly","Normality"],"picked":"Clumsy","floor":34},{"not_picked":["Looming Evil","Replay:Hysterical Blindness"],"picked":"Parasite","floor":34},{"not_picked":["Disarm+1","Pommel Strike","Searing Blow+1"],"picked":"SKIP","floor":35},{"not_picked":["Anger+1","Shockwave+1"],"picked":"Defy Death+1","floor":39}],"player_experience":194943,"relics_obtained":[{"floor":8,"key":"Pen Nib"},{"floor":10,"key":"Bottled Lightning"},{"floor":14,"key":"Odd Mushroom"},{"floor":17,"key":"Dream Catcher"},{"floor":17,"key":"Ornamental Fan"},{"floor":17,"key":"Magic Flower"},{"floor":24,"key":"ReplayTheSpireMod:Ninjato"},{"floor":26,"key":"Replay:Bottled Steam"},{"floor":27,"key":"Darkstone Periapt"}],"event_choices":[{"damage_healed":0,"gold_gain":100,"player_choice":"Gold","damage_taken":0,"max_hp_gain":0,"max_hp_loss":0,"event_name":"Wheel of Change","floor":3,"gold_loss":0},{"damage_healed":0,"gold_gain":0,"player_choice":"Fought Mushrooms","damage_taken":0,"max_hp_gain":0,"max_hp_loss":0,"event_name":"Mushrooms","floor":14,"gold_loss":0},{"damage_healed":0,"gold_gain":0,"player_choice":"Read","damage_taken":0,"max_hp_gain":0,"max_hp_loss":0,"event_name":"The Library","floor":29,"gold_loss":0,"cards_obtained":["Body Slam"]},{"damage_healed":0,"gold_gain":0,"cards_transformed":["Strike_R","Strike_R"],"player_choice":"Became Test Subject","damage_taken":0,"max_hp_gain":0,"max_hp_loss":0,"event_name":"Drug Dealer","floor":30,"gold_loss":0,"cards_obtained":["Fiend Fire","ReplayTheSpireMod:LeadingStrike"]},{"damage_healed":0,"gold_gain":0,"player_choice":"Paid","damage_taken":0,"relics_obtained":["Red Mask"],"max_hp_gain":0,"max_hp_loss":0,"event_name":"Tomb of Lord Red Mask","floor":37,"gold_loss":114},{"damage_healed":0,"gold_gain":0,"player_choice":"Memory 1","damage_taken":0,"max_hp_gain":0,"max_hp_loss":0,"event_name":"SensoryStone","floor":38,"gold_loss":0}],"is_beta":false,"boss_relics":[{"not_picked":["Replay:Bronze Core","Busted Crown"],"picked":"Calling Bell"},{"not_picked":["Black Blood","Sozu"],"picked":"Replay:Ancient Bell"},{"not_picked":["Boot","Regal Pillow"],"picked":"Bag of Preparation"},{"not_picked":["Shuriken","Eternal Feather"],"picked":"Mummified Hand"},{"not_picked":["Replay:PocketPolymizer","Peace Pipe"],"picked":"Charon\u0027s Ashes"}],"items_purged_floors":[7,20,22],"is_endless":false,"potions_floor_spawned":[5,8,13,16,18,24,27,39],"killed_by":"Reptomancer","ascension_level":4}}