{"host":"4b06nrmhsmzqjm1r","time":1613168480,"event":{"mods":["2.2 Compatiblity","AchievementEnabler","BaseMod","BetterRewards","Colored Map","Colored Powertips","Downfall","Highlight Path","Marisa????????","Minty Spire (QoL Compilation)","StSLib"],"gold_per_floor":[99,119,137,137,148,166,166,66,81,92,119,133,583,583,597,597,597,597],"floor_reached":16,"language":"ENG","playtime":1647,"items_purged":[],"score":131,"play_id":"b9456dc8-fe56-4cee-aceb-f6e996e78429","local_time":"20210212232120","is_ascension_mode":false,"campfire_choices":[{"floor":1,"key":"RECALL"},{"data":"hexamod:RainOfEmbers","floor":8,"key":"SMITH"}],"circlet_count":0,"master_deck":["hexamod:Strike","hexamod:Strike","hexamod:Strike","hexamod:Defend","hexamod:Defend","hexamod:Defend","hexamod:Defend","hexamod:Sear","hexamod:Float","hexamod:SpectersWail","hexamod:SpectersWail","hexamod:RainOfEmbers+1","hexamod:HeatMetal","hexamod:HeatShield+1","hexamod:PhantomCloak","hexamod:HexaLevel","hexamod:ExtraCrispy+1","downfall:Icky","downfall:Icky","downfall:Icky","Injury","hexamod:RadiantFlame"],"relics":["hexamod:SpiritBrand","downfall:HeartBlessingBlue","Unceasing Top"],"acts_visited":["Exordium"],"potions_floor_usage":[15,15],"damage_taken":[{"damage":5,"enemies":"Small Slimes","floor":2,"turns":4},{"damage":0,"enemies":"Cultist","floor":3,"turns":3},{"damage":1,"enemies":"2 Louse","floor":5,"turns":2},{"damage":5,"enemies":"Large Slime","floor":6,"turns":6},{"damage":0,"enemies":"Gremlin Gang","floor":9,"turns":2},{"damage":11,"enemies":"Exordium Thugs","floor":10,"turns":2},{"damage":35,"enemies":"3 Sentries","floor":11,"turns":10},{"damage":8,"enemies":"Red Slaver","floor":12,"turns":3},{"damage":16,"enemies":"Lots of Slimes","floor":15,"turns":3},{"damage":9,"enemies":"WA_ARCHETYPE_RETAIN","floor":16,"turns":1}],"seed_played":"-2097355219790428524","potions_obtained":[{"floor":6,"key":"LiquidBronze"},{"floor":9,"key":"SpeedPotion"},{"floor":12,"key":"SteroidPotion"},{"floor":15,"key":"hexamod:SoulburnPotion"}],"is_trial":false,"path_per_floor":["R","M","M","?","M","M","T","R","M","M","E","M","?","?","M","B"],"character_chosen":"THE_SPIRIT","items_purchased":[],"campfire_rested":0,"item_purchase_floors":[],"current_hp_per_floor":[77,72,72,72,71,66,66,76,76,65,30,22,22,22,6,0,0,0],"gold":597,"neow_bonus":"TEN_PERCENT_HP_BONUS","is_daily":false,"chose_seed":false,"campfire_upgraded":1,"win_rate":0.0,"timestamp":1613168480,"path_taken":["R","M","M","?","?","?","T","R","M","M","E","M","?","?","M","BOSS"],"items_purchased_type":[],"build_version":"2020-12-22","purchased_purges":0,"victory":false,"max_hp_per_floor":[77,77,77,77,77,77,77,87,87,87,87,87,87,87,87,87,87,87],"card_choices":[{"not_picked":["hexamod:HauntingEcho","hexamod:AdvancingGuard"],"picked":"hexamod:SpectersWail","floor":2},{"not_picked":["hexamod:RetreatToShadows","hexamod:AdvancingGuard"],"picked":"hexamod:SpectersWail","floor":3},{"not_picked":["hexamod:Firestarter","hexamod:ExtraCrispy"],"picked":"hexamod:RainOfEmbers","floor":5},{"not_picked":["hexamod:ChargedBarrage","hexamod:InspiringFlames"],"picked":"hexamod:HeatMetal","floor":6},{"not_picked":["hexamod:RecurringNightmare","hexamod:HauntingEcho"],"picked":"hexamod:HeatShield","floor":9},{"not_picked":["hexamod:GhostLash","hexamod:SpectersWail"],"picked":"hexamod:PhantomCloak","floor":10},{"not_picked":["hexamod:BacktrackSmack","hexamod:SpectersWail"],"picked":"hexamod:HexaLevel","floor":11},{"not_picked":["hexamod:ChargedBarrage","hexamod:GhostLash"],"picked":"hexamod:ExtraCrispy","floor":12},{"not_picked":["hexamod:SpectersWail","hexamod:FourthSeal"],"picked":"hexamod:RadiantFlame","floor":15}],"player_experience":207042,"relics_obtained":[{"floor":11,"key":"Unceasing Top"}],"event_choices":[{"cards_removed":["hexamod:Strike"],"damage_healed":0,"gold_gain":0,"player_choice":"Offered Basic","damage_taken":0,"max_hp_gain":0,"max_hp_loss":0,"event_name":"Bonfire Elementals","floor":4,"gold_loss":0}],"is_beta":false,"boss_relics":[],"items_purged_floors":[],"is_endless":false,"potions_floor_spawned":[6,9,12,15],"killed_by":"WA_ARCHETYPE_RETAIN","ascension_level":0}}