{"host":"sian7qp8a9pc9xwd","time":1613120508,"event":{"mods":["BaseMod","Minty Spire (QoL Compilation)","StSLib","SuperFastMode"],"gold_per_floor":[118,118,118,138,151,151,161,336,336,336,348,366,8,20,20,117,117,134,134,134,34,46,46,46,46,72,83,102,102,133,58,58,158,158,178,0,0,20,39,39,64,82,82,82,82,99,134,150,150,150],"floor_reached":51,"language":"ENG","playtime":2185,"items_purged":["Doubt","Strike_P"],"score":1140,"play_id":"4ae1ed07-9c85-45b9-8a61-a0f5107b46dd","local_time":"20210212040148","is_ascension_mode":true,"campfire_choices":[{"data":"Eruption","floor":6.0,"key":"SMITH"},{"data":"CutThroughFate","floor":10.0,"key":"SMITH"},{"data":"Pray","floor":15.0,"key":"SMITH"},{"data":"Scrawl","floor":23,"key":"SMITH"},{"data":"CutThroughFate","floor":29,"key":"SMITH"},{"data":"SashWhip","floor":32,"key":"SMITH"},{"data":"CutThroughFate","floor":40,"key":"SMITH"},{"data":"Scrawl","floor":44,"key":"SMITH"},{"floor":49,"key":"REST"}],"circlet_count":0,"master_deck":["Defend_P","Eruption+1","Vigilance","SashWhip+1","Pray","FlurryOfBlows","CutThroughFate","CutThroughFate+1","Pray+1","Flash of Steel","FollowUp","Scrawl+1","JustLucky+1","Worship","TalkToTheHand+1","Evaluate+1","CutThroughFate+1","Scrawl+1","CutThroughFate+1","FollowUp+1"],"relics":["HolyWater","Du-Vu Doll","TeardropLocket","HandDrill","Potion Belt","White Beast Statue","Empty Cage","Red Mask","Damaru","Bronze Scales","Gremlin Horn","InkBottle"],"acts_visited":["Exordium","TheCity","TheBeyond"],"potions_floor_usage":[16,16,33,35,50,50,50,50],"damage_taken":[{"damage":0.0,"enemies":"Jaw Worm","floor":1.0,"turns":3.0},{"damage":1.0,"enemies":"2 Louse","floor":4.0,"turns":2.0},{"damage":0.0,"enemies":"Cultist","floor":5.0,"turns":2.0},{"damage":0.0,"enemies":"3 Louse","floor":7.0,"turns":3.0},{"damage":0.0,"enemies":"Exordium Wildlife","floor":11.0,"turns":1.0},{"damage":0.0,"enemies":"Blue Slaver","floor":12.0,"turns":1.0},{"damage":5.0,"enemies":"Gremlin Gang","floor":14.0,"turns":2.0},{"damage":25,"enemies":"The Guardian","floor":16,"turns":5},{"damage":1,"enemies":"Shell Parasite","floor":18,"turns":2},{"damage":8,"enemies":"2 Thieves","floor":22,"turns":2},{"damage":1,"enemies":"Shelled Parasite and Fungi","floor":27,"turns":3},{"damage":0,"enemies":"Snake Plant","floor":28,"turns":3},{"damage":0,"enemies":"Gremlin Leader","floor":30,"turns":2},{"damage":0,"enemies":"Collector","floor":33,"turns":5},{"damage":17,"enemies":"3 Darklings","floor":35,"turns":3},{"damage":12,"enemies":"3 Shapes","floor":38,"turns":2},{"damage":0,"enemies":"Transient","floor":39,"turns":5},{"damage":0,"enemies":"Giant Head","floor":41,"turns":4},{"damage":0,"enemies":"3 Darklings","floor":42,"turns":1},{"damage":1,"enemies":"4 Shapes","floor":46,"turns":1},{"damage":0,"enemies":"Reptomancer","floor":47,"turns":2},{"damage":0,"enemies":"Writhing Mass","floor":48,"turns":1},{"damage":51,"enemies":"Awakened One","floor":50,"turns":5}],"seed_played":"8311297598643477474","potions_obtained":[{"floor":5.0,"key":"ColorlessPotion"},{"floor":12.0,"key":"Fire Potion"},{"floor":18,"key":"LiquidMemories"},{"floor":30,"key":"AttackPotion"},{"floor":33,"key":"BlessingOfTheForge"},{"floor":35,"key":"Regen Potion"},{"floor":38,"key":"AttackPotion"},{"floor":39,"key":"Strength Potion"},{"floor":41,"key":"Explosive Potion"},{"floor":42,"key":"StancePotion"},{"floor":46,"key":"SkillPotion"},{"floor":47,"key":"FairyPotion"},{"floor":48,"key":"FearPotion"}],"is_trial":false,"path_per_floor":["M","?","?","M","M","R","M","?","T","R","M","M","$","M","R","B",null,"M","?","?","$","M","R","$","?","T","M","M","R","E","?","R","B",null,"M","?","?","M","M","R","E","M","T","R","$","M","E","M","R","B",null],"character_chosen":"WATCHER","items_purchased":["Flash of Steel","FollowUp","HandDrill"],"campfire_rested":1,"item_purchase_floors":[13,13,13],"current_hp_per_floor":[47,35,35,34,34,34,34,34,34,34,34,34,34,29,29,4,55,54,41,41,41,33,33,33,33,33,32,32,32,32,32,32,32,66,49,49,49,37,37,37,37,37,37,37,37,36,36,36,59,8],"gold":150,"neow_bonus":"TRANSFORM_TWO_CARDS","is_daily":false,"chose_seed":false,"campfire_upgraded":8,"win_rate":0.0,"timestamp":1613120508,"path_taken":["M","?","?","M","?","R","M","?","T","R","M","M","$","M","R","BOSS","M","?","?","$","M","R","$","?","T","?","M","R","E","?","R","BOSS","M","?","?","M","M","R","E","M","T","R","$","?","E","M","R","BOSS"],"items_purchased_type":["Card","Card","Relic"],"build_version":"2020-12-22","purchased_purges":2,"victory":true,"max_hp_per_floor":[72,72,72,72,72,72,72,72,72,72,72,72,72,72,72,72,72,72,77,77,77,77,77,77,77,77,77,77,77,77,77,77,77,77,77,77,77,77,77,77,77,77,77,77,77,77,77,77,77,77],"card_choices":[{"not_picked":["EmptyFist","PathToVictory"],"picked":"FlurryOfBlows","floor":1.0},{"not_picked":["CrushJoints","Wallop","Protect"],"picked":"SKIP","floor":4.0},{"not_picked":["Swivel","ClearTheMind"],"picked":"CutThroughFate","floor":5.0},{"not_picked":["ThirdEye","WheelKick"],"picked":"CutThroughFate","floor":7.0},{"not_picked":["EmptyBody","LikeWater","ClearTheMind"],"picked":"SKIP","floor":11.0},{"not_picked":["Adaptation","PathToVictory"],"picked":"Pray","floor":12.0},{"not_picked":["Halt","EmptyFist","Evaluate"],"picked":"SKIP","floor":14.0},{"not_picked":["Alpha","DeusExMachina"],"picked":"Scrawl","floor":16},{"not_picked":["Protect","CrushJoints"],"picked":"JustLucky+1","floor":18},{"not_picked":["Sanctity","SignatureMove"],"picked":"TalkToTheHand+1","floor":22},{"not_picked":["FearNoEvil","SashWhip+1"],"picked":"Evaluate+1","floor":27},{"not_picked":["BowlingBash","CrushJoints"],"picked":"CutThroughFate","floor":28},{"not_picked":["Swivel","MentalFortress+1","EmptyFist+1"],"picked":"SKIP","floor":30},{"not_picked":["Alpha","Establishment"],"picked":"Scrawl","floor":33},{"not_picked":["WaveOfTheHand","MentalFortress+1","InnerPeace+1"],"picked":"SKIP","floor":35},{"not_picked":["Perseverance+1","Halt","Evaluate+1"],"picked":"SKIP","floor":38},{"not_picked":["SashWhip+1","JustLucky"],"picked":"CutThroughFate","floor":39},{"not_picked":["Halt+1","Vengeance","Tantrum+1"],"picked":"SKIP","floor":41},{"not_picked":["ThirdEye+1","EmptyFist","DevaForm"],"picked":"SKIP","floor":42},{"not_picked":["Swivel","Wallop+1","EmptyBody+1"],"picked":"SKIP","floor":46},{"not_picked":["Wallop+1","LikeWater+1"],"picked":"FollowUp+1","floor":47},{"not_picked":["FollowUp+1","SashWhip+1","Evaluate+1"],"picked":"SKIP","floor":48}],"player_experience":966987,"relics_obtained":[{"floor":9.0,"key":"TeardropLocket"},{"floor":26,"key":"Potion Belt"},{"floor":30,"key":"White Beast Statue"},{"floor":41,"key":"Bronze Scales"},{"floor":43,"key":"Gremlin Horn"},{"floor":47,"key":"InkBottle"}],"event_choices":[{"damage_healed":0.0,"max_hp_gain":0.0,"max_hp_loss":0.0,"gold_gain":0.0,"event_name":"Scrap Ooze","player_choice":"Success","floor":2.0,"gold_loss":0.0,"damage_taken":12.0,"relics_obtained":["Du-Vu Doll"]},{"cards_removed":["Strike_P"],"damage_healed":0.0,"max_hp_gain":0.0,"max_hp_loss":0.0,"gold_gain":0.0,"event_name":"Bonfire Elementals","player_choice":"Offered Basic","floor":3.0,"gold_loss":0.0,"damage_taken":0.0},{"damage_healed":0.0,"max_hp_gain":0.0,"max_hp_loss":0.0,"gold_gain":175.0,"event_name":"Liars Game","player_choice":"AGREE","floor":8.0,"gold_loss":0.0,"damage_taken":0.0,"cards_obtained":["Doubt"]},{"damage_healed":0,"gold_gain":0,"player_choice":"Shed Blood","damage_taken":18,"max_hp_gain":5,"max_hp_loss":0,"event_name":"Forgotten Altar","floor":19,"gold_loss":0},{"damage_healed":0,"gold_gain":0,"player_choice":"Read","damage_taken":0,"max_hp_gain":0,"max_hp_loss":0,"event_name":"The Library","floor":20,"gold_loss":0,"cards_obtained":["Worship"]},{"damage_healed":0,"gold_gain":0,"player_choice":"0 cards matched","damage_taken":0,"max_hp_gain":0,"max_hp_loss":0,"event_name":"Match and Keep!","floor":25,"gold_loss":0,"cards_obtained":[]},{"cards_removed":["Defend_P"],"damage_healed":0,"gold_gain":0,"player_choice":"Gave Gold","damage_taken":0,"max_hp_gain":0,"max_hp_loss":0,"event_name":"Beggar","floor":31,"gold_loss":75},{"damage_healed":0,"gold_gain":0,"player_choice":"Paid","damage_taken":0,"relics_obtained":["Red Mask"],"max_hp_gain":0,"max_hp_loss":0,"event_name":"Tomb of Lord Red Mask","floor":36,"gold_loss":178},{"damage_healed":0,"gold_gain":0,"player_choice":"Gave Potion","damage_taken":0,"relics_obtained":["Damaru"],"max_hp_gain":0,"max_hp_loss":0,"event_name":"WeMeetAgain","floor":37,"gold_loss":0}],"is_beta":false,"boss_relics":[{"not_picked":["Fusion Hammer","SacredBark"],"picked":"HolyWater"},{"not_picked":["SlaversCollar","Philosopher\u0027s Stone"],"picked":"Empty Cage"}],"items_purged_floors":[13,21],"is_endless":false,"potions_floor_spawned":[5,12,18,30,33,35,38,39,41,42,46,47,48],"ascension_level":6}}