{"host":"19r1ww88x2tc73i0","time":1613152446,"event":{"mods":["BaseMod","BetterRewards","Colored Map","Minty Spire (QoL Compilation)","Relic Stats","StSLib","SuperFastMode","slay the spire mod where everything is the same but ironclad has a cowboy hat"],"gold_per_floor":[111,111,131,131,24,24,55,76,76,110,110,143,173,5,5,113,140,170,170,195,227,241,241,241],"floor_reached":23,"language":"ENG","playtime":685,"items_purged":[],"score":472,"play_id":"3bf59f37-f7f6-4a98-b747-d32bbda3c5be","local_time":"25640213005406","is_ascension_mode":true,"campfire_choices":[{"data":"Deadly Poison","floor":6.0,"key":"SMITH"},{"data":"Phantasmal Killer","floor":11.0,"key":"SMITH"},{"data":"Noxious Fumes","floor":15,"key":"SMITH"}],"circlet_count":0,"master_deck":["AscendersBane","Strike_G","Defend_G","Defend_G","Defend_G","Defend_G","Defend_G","Survivor","Neutralize","Dagger Throw","Deadly Poison+1","Noxious Fumes+1","Slice","Phantasmal Killer+1","Dodge and Roll","Dagger Spray","Acrobatics","Night Terror","Phantasmal Killer+1","Blade Dance+1","Leg Sweep+1","Skewer+1","Bouncing Flask+1","Setup"],"relics":["Ring of the Snake","NeowsBlessing","Golden Idol","CaptainsWheel","Ice Cream","Gambling Chip","CeramicFish","TwistedFunnel","Astrolabe"],"acts_visited":["Exordium","TheCity"],"potions_floor_usage":[18,22],"damage_taken":[{"damage":0.0,"enemies":"Jaw Worm","floor":1.0,"turns":1.0},{"damage":0.0,"enemies":"Cultist","floor":3.0,"turns":1.0},{"damage":0.0,"enemies":"3 Sentries","floor":7.0,"turns":1.0},{"damage":1.0,"enemies":"2 Louse","floor":8.0,"turns":3.0},{"damage":5.0,"enemies":"Lagavulin","floor":10.0,"turns":5.0},{"damage":12.0,"enemies":"3 Sentries","floor":12.0,"turns":5.0},{"damage":1.0,"enemies":"Looter","floor":13.0,"turns":3.0},{"damage":11,"enemies":"The Guardian","floor":16,"turns":7},{"damage":11,"enemies":"2 Thieves","floor":18,"turns":3},{"damage":7,"enemies":"Spheric Guardian","floor":20,"turns":5},{"damage":2,"enemies":"Snake Plant","floor":21,"turns":3},{"damage":7,"enemies":"Cultist and Chosen","floor":22,"turns":6},{"damage":29,"enemies":"Gremlin Leader","floor":23,"turns":2}],"seed_played":"4406282458117643551","potions_obtained":[{"floor":3.0,"key":"Fire Potion"},{"floor":8.0,"key":"AttackPotion"},{"floor":10.0,"key":"Explosive Potion"},{"floor":20,"key":"Weak Potion"}],"is_trial":false,"path_per_floor":["M","?","M","?","$","R","E","M","T","E","R","E","M","$","R","B",null,"M","?","M","M","M","E"],"character_chosen":"THE_SILENT","items_purchased":["Noxious Fumes","Slice","TwistedFunnel"],"campfire_rested":0,"item_purchase_floors":[5,5,14],"current_hp_per_floor":[59,59,59,59,59,59,59,58,58,53,53,41,40,40,40,29,52,41,41,34,32,25,0,0],"gold":241,"neow_bonus":"THREE_ENEMY_KILL","is_daily":false,"chose_seed":false,"campfire_upgraded":3,"win_rate":0.0,"timestamp":1613152446,"path_taken":["M","?","?","?","$","R","E","M","T","E","R","E","M","$","R","BOSS","M","?","M","M","M","E"],"items_purchased_type":["Card","Card","Relic"],"build_version":"2020-12-22","purchased_purges":0,"victory":false,"max_hp_per_floor":[66,66,66,60,60,60,60,60,60,60,60,60,60,60,60,60,60,60,60,60,60,60,60,60],"relic_stats":{"counters":[13,45],"Golden Idol":63,"Gambling Chip":[27],"CeramicFish":72,"Astrolabe":["Phantasmal Killer","Blade Dance","Leg Sweep"],"obtain_stats":[{"Ice Cream":9,"TwistedFunnel":14,"CaptainsWheel":7,"NeowsBlessing":0,"Golden Idol":4,"Gambling Chip":10,"CeramicFish":12,"Astrolabe":17,"Ring of the Snake":0},{"Ice Cream":4,"TwistedFunnel":7,"CaptainsWheel":3,"NeowsBlessing":0,"Golden Idol":2,"Gambling Chip":5,"CeramicFish":6,"Astrolabe":8,"Ring of the Snake":0},{"Ice Cream":6,"TwistedFunnel":19,"CaptainsWheel":3,"NeowsBlessing":0,"Golden Idol":2,"Gambling Chip":11,"CeramicFish":16,"Astrolabe":26,"Ring of the Snake":0}],"Ring of the Snake":[26]},"card_choices":[{"not_picked":["Dodge and Roll","Blur"],"picked":"Dagger Throw","floor":1.0},{"not_picked":["Prepared","Quick Slash"],"picked":"Deadly Poison","floor":3.0},{"not_picked":["Slice","Calculated Gamble"],"picked":"Phantasmal Killer","floor":7.0},{"not_picked":["Eviscerate","Choke"],"picked":"Dodge and Roll","floor":8.0},{"not_picked":["Eviscerate","Backflip"],"picked":"Dagger Spray","floor":10.0},{"not_picked":["Cloak And Dagger","Grand Finale","Endless Agony"],"picked":"SKIP","floor":12.0},{"not_picked":["Outmaneuver","Sucker Punch"],"picked":"Acrobatics","floor":13.0},{"not_picked":["Wraith Form v2","Burst"],"picked":"Night Terror","floor":16},{"not_picked":["Poisoned Stab","Cloak And Dagger"],"picked":"Skewer+1","floor":18},{"not_picked":["Deflect","Poisoned Stab"],"picked":"Bouncing Flask+1","floor":20},{"not_picked":["Skewer","Slice"],"picked":"Setup","floor":21},{"not_picked":["Blade Dance","Setup","Deadly Poison"],"picked":"SKIP","floor":22}],"player_experience":1060985,"relics_obtained":[{"floor":7.0,"key":"CaptainsWheel"},{"floor":9.0,"key":"Ice Cream"},{"floor":10.0,"key":"Gambling Chip"},{"floor":12.0,"key":"CeramicFish"}],"event_choices":[{"cards_removed":["Strike_G"],"damage_healed":0.0,"max_hp_gain":0.0,"max_hp_loss":0.0,"gold_gain":0.0,"event_name":"Purifier","player_choice":"Purged","floor":2.0,"gold_loss":0.0,"damage_taken":0.0},{"damage_healed":0.0,"max_hp_gain":0.0,"max_hp_loss":6.0,"gold_gain":0.0,"event_name":"Golden Idol","player_choice":"Lose Max HP","floor":4.0,"gold_loss":0.0,"damage_taken":0.0,"relics_obtained":["Golden Idol"]},{"damage_healed":0,"gold_gain":0,"player_choice":"Ignored","damage_taken":0,"max_hp_gain":0,"max_hp_loss":0,"event_name":"Vampires","floor":19,"gold_loss":0}],"is_beta":false,"boss_relics":[{"not_picked":["Empty Cage","Pandora\u0027s Box"],"picked":"Astrolabe"}],"items_purged_floors":[],"is_endless":false,"potions_floor_spawned":[3,8,10,20],"killed_by":"Gremlin Leader","ascension_level":20}}