{"host":"nsc6ozq3atyrdr3m","time":1613147147,"event":{"mods":["BaseMod","Colored Map","Minty Spire (QoL Compilation)"],"gold_per_floor":[112,129,129,50,63,63,94,94,94,94,117,117,82,157,157,259,259,269,284,134,148,148,148,180,180,180,180,214,214,214,232,232,329,329,342,361,361,371,68,68,68],"floor_reached":40,"language":"FRA","playtime":1195,"items_purged":["Strike_B"],"score":494,"play_id":"01846a1d-d3d7-401a-8da1-910743f401d4","local_time":"20210212172547","is_ascension_mode":true,"campfire_choices":[{"data":"Coolheaded","floor":6,"key":"SMITH"},{"data":"Doom and Gloom","floor":8,"key":"SMITH"},{"data":"Dualcast","floor":12,"key":"SMITH"},{"floor":15,"key":"REST"},{"floor":23,"key":"REST"},{"floor":25,"key":"REST"},{"floor":30,"key":"REST"},{"data":"Consume","floor":32,"key":"SMITH"}],"circlet_count":0,"master_deck":["Strike_B+1","Strike_B+1","Defend_B+1","Defend_B+1","Defend_B+1","Zap","Dualcast+1","Beam Cell","Coolheaded+1","Doom and Gloom+1","Melter","Multi-Cast","Ball Lightning","Capacitor","Electrodynamics","Capacitor","BootSequence","Consume+1","Auto Shields","Chaos+1","Turbo+1","Parasite","Coolheaded+1"],"relics":["Cracked Core","NeowsBlessing","Du-Vu Doll","Calipers","Odd Mushroom","Busted Crown","MutagenicStrength","Toxic Egg 2","Girya","Happy Flower","Black Star","Eternal Feather"],"acts_visited":["Exordium","TheCity","TheBeyond"],"potions_floor_usage":[11,24,24,33,33],"damage_taken":[{"damage":0,"enemies":"Small Slimes","floor":1,"turns":1},{"damage":0,"enemies":"Jaw Worm","floor":2,"turns":1},{"damage":0,"enemies":"2 Louse","floor":5,"turns":1},{"damage":38,"enemies":"Lagavulin","floor":7,"turns":7},{"damage":7,"enemies":"The Mushroom Lair","floor":11,"turns":4},{"damage":0,"enemies":"Slime Boss","floor":16,"turns":7},{"damage":23,"enemies":"Chosen","floor":18,"turns":5},{"damage":25,"enemies":"2 Thieves","floor":19,"turns":4},{"damage":19,"enemies":"Sentry and Sphere","floor":21,"turns":3},{"damage":10,"enemies":"Gremlin Leader","floor":24,"turns":4},{"damage":35,"enemies":"Book of Stabbing","floor":28,"turns":5},{"damage":0,"enemies":"Chosen and Byrds","floor":31,"turns":5},{"damage":8,"enemies":"Automaton","floor":33,"turns":8},{"damage":6,"enemies":"3 Shapes","floor":35,"turns":4},{"damage":15,"enemies":"Orb Walker","floor":36,"turns":4},{"damage":19,"enemies":"Writhing Mass","floor":38,"turns":7},{"damage":51,"enemies":"Giant Head","floor":40,"turns":12}],"seed_played":"-1449358968296824183","potions_obtained":[{"floor":5,"key":"Swift Potion"},{"floor":7,"key":"Weak Potion"},{"floor":11,"key":"Fruit Juice"},{"floor":18,"key":"PotionOfCapacity"},{"floor":28,"key":"SkillPotion"},{"floor":29,"key":"Fire Potion"},{"floor":33,"key":"LiquidBronze"}],"is_trial":false,"path_per_floor":["M","M","?","$","M","R","E","R","T","?","?","R","$","?","R","B",null,"M","M","$","M","?","R","E","R","T","?","E","?","R","M","R","B",null,"M","M","?","M","$","E"],"character_chosen":"DEFECT","items_purchased":["Doom and Gloom","Capacitor","Consume","Coolheaded+1","Eternal Feather"],"campfire_rested":4,"item_purchase_floors":[4,13,20,39,39],"current_hp_per_floor":[75,75,68,68,68,68,30,30,30,55,53,53,53,42,66,66,80,57,32,32,13,13,37,27,51,51,51,16,16,40,40,40,32,80,74,59,59,40,40,0,0],"gold":68,"neow_bonus":"THREE_ENEMY_KILL","is_daily":false,"chose_seed":false,"campfire_upgraded":4,"win_rate":0.0,"timestamp":1613147147,"path_taken":["M","M","?","$","M","R","E","R","T","?","?","R","$","?","R","BOSS","M","M","$","M","?","R","E","R","T","?","E","?","R","?","R","BOSS","M","M","?","M","$","E"],"items_purchased_type":["Card","Card","Card","Card","Relic"],"build_version":"2020-12-22","purchased_purges":1,"victory":false,"max_hp_per_floor":[75,75,75,75,75,75,75,75,75,75,80,80,80,80,80,80,80,80,80,80,80,80,80,80,80,80,80,80,80,80,80,80,80,80,80,80,80,80,80,80,80],"card_choices":[{"not_picked":["Go for the Eyes","Steam"],"picked":"Beam Cell","floor":1},{"not_picked":["Recycle","Scrape"],"picked":"Coolheaded","floor":2},{"not_picked":["Gash","Lockon"],"picked":"Melter","floor":5},{"not_picked":["Reprogram","Melter"],"picked":"Multi-Cast","floor":7},{"not_picked":["Barrage","Coolheaded"],"picked":"Ball Lightning","floor":11},{"not_picked":["Machine Learning","Thunder Strike"],"picked":"Electrodynamics","floor":16},{"not_picked":[],"picked":"Capacitor","floor":18},{"not_picked":[],"picked":"BootSequence","floor":19},{"not_picked":[],"picked":"Auto Shields","floor":21},{"not_picked":[],"picked":"Chaos+1","floor":24},{"not_picked":["Stack+1"],"picked":"SKIP","floor":28},{"not_picked":["Ball Lightning"],"picked":"SKIP","floor":31},{"not_picked":[],"picked":"Turbo+1","floor":35},{"not_picked":["Rip and Tear"],"picked":"SKIP","floor":36},{"not_picked":["Skim+1"],"picked":"SKIP","floor":38}],"player_experience":396481,"relics_obtained":[{"floor":7,"key":"Du-Vu Doll"},{"floor":9,"key":"Calipers"},{"floor":11,"key":"Odd Mushroom"},{"floor":24,"key":"Toxic Egg 2"},{"floor":26,"key":"Girya"},{"floor":28,"key":"Happy Flower"}],"event_choices":[{"cards_removed":["Defend_B"],"damage_healed":0,"gold_gain":0,"player_choice":"Card Removal","damage_taken":7,"max_hp_gain":0,"max_hp_loss":0,"event_name":"Golden Wing","floor":3,"gold_loss":0},{"damage_healed":25,"gold_gain":0,"player_choice":"Banana","damage_taken":0,"max_hp_gain":0,"max_hp_loss":0,"event_name":"Big Fish","floor":10,"gold_loss":0},{"damage_healed":0,"gold_gain":0,"player_choice":"Fought Mushrooms","damage_taken":0,"max_hp_gain":0,"max_hp_loss":0,"event_name":"Mushrooms","floor":11,"gold_loss":0},{"damage_healed":0,"gold_gain":75,"player_choice":"Gather Gold","damage_taken":11,"max_hp_gain":0,"max_hp_loss":0,"event_name":"World of Goop","floor":14,"gold_loss":0},{"damage_healed":0,"gold_gain":0,"player_choice":"Inject Mutagens","damage_taken":0,"relics_obtained":["MutagenicStrength"],"max_hp_gain":0,"max_hp_loss":0,"event_name":"Drug Dealer","floor":22,"gold_loss":0},{"damage_healed":0,"gold_gain":0,"player_choice":"Simplicity","damage_taken":0,"max_hp_gain":0,"max_hp_loss":0,"event_name":"Back to Basics","floor":27,"gold_loss":0,"cards_upgraded":["Strike_B","Strike_B","Strike_B","Defend_B","Defend_B","Defend_B"]},{"damage_healed":0,"gold_gain":0,"player_choice":"Got Potions","damage_taken":0,"max_hp_gain":0,"max_hp_loss":0,"event_name":"Lab","floor":29,"gold_loss":0},{"cards_removed":["Strike_B"],"damage_healed":0,"gold_gain":0,"player_choice":"Removed Attack","damage_taken":0,"max_hp_gain":0,"max_hp_loss":0,"event_name":"Falling","floor":37,"gold_loss":0}],"is_beta":false,"boss_relics":[{"not_picked":["Runic Pyramid","Fusion Hammer"],"picked":"Busted Crown"},{"not_picked":["Nuclear Battery","Philosopher\u0027s Stone"],"picked":"Black Star"}],"items_purged_floors":[20],"is_endless":false,"potions_floor_spawned":[5,7,11,18,28,33,36],"killed_by":"Giant Head","ascension_level":1}}