{"host":"8is2j71l4wmybkoi","time":1613126649,"event":{"mods":["AchievementEnabler","BaseMod","Colored Map","Minty Spire (QoL Compilation)","Rare Cards Sparkle","StSLib","SuperFastMode"],"gold_per_floor":[112,131,146,161,178,178,206,206,206,232,232,212,225,238,238,238,238],"floor_reached":16,"language":"KOR","playtime":471,"items_purged":[],"score":200,"play_id":"cdfe4aa1-7d77-4c56-8ab2-b2add5ae2e99","local_time":"20210212194409","is_ascension_mode":true,"campfire_choices":[{"data":"All Out Attack","floor":6,"key":"SMITH"},{"data":"Neutralize","floor":8,"key":"SMITH"},{"floor":11,"key":"REST"},{"data":"A Thousand Cuts","floor":15,"key":"SMITH"}],"circlet_count":0,"master_deck":["AscendersBane","Strike_G","Strike_G","Strike_G","Strike_G","Strike_G","Defend_G","Defend_G","Defend_G","Defend_G","Defend_G","Survivor","Neutralize+1","All Out Attack+1","Deadly Poison","Acrobatics","Blade Dance","PiercingWail","A Thousand Cuts+1","Prepared"],"relics":["Ring of the Snake","NeowsBlessing","Strawberry","Pear","Oddly Smooth Stone"],"acts_visited":["Exordium"],"potions_floor_usage":[7,7,13,14,16,16],"damage_taken":[{"damage":0,"enemies":"Small Slimes","floor":1,"turns":1},{"damage":0,"enemies":"Cultist","floor":2,"turns":1},{"damage":0,"enemies":"2 Louse","floor":3,"turns":1},{"damage":0,"enemies":"2 Fungi Beasts","floor":4,"turns":3},{"damage":14,"enemies":"Lots of Slimes","floor":5,"turns":2},{"damage":20,"enemies":"Lagavulin","floor":7,"turns":6},{"damage":27,"enemies":"3 Sentries","floor":10,"turns":8},{"damage":8,"enemies":"Red Slaver","floor":13,"turns":3},{"damage":8,"enemies":"Exordium Wildlife","floor":14,"turns":6},{"damage":52,"enemies":"Hexaghost","floor":16,"turns":10}],"seed_played":"-2802768171680217763","potions_obtained":[{"floor":1,"key":"CultistPotion"},{"floor":3,"key":"Strength Potion"},{"floor":4,"key":"CultistPotion"},{"floor":10,"key":"EntropicBrew"},{"floor":12,"key":"BlessingOfTheForge"},{"floor":13,"key":"Weak Potion"}],"is_trial":false,"path_per_floor":["M","M","M","M","M","R","E","R","T","E","R","?","M","M","R","B"],"character_chosen":"THE_SILENT","items_purchased":[],"campfire_rested":1,"item_purchase_floors":[],"current_hp_per_floor":[59,59,59,59,45,45,32,32,42,15,39,39,31,23,23,0,0],"gold":238,"neow_bonus":"THREE_ENEMY_KILL","is_daily":false,"chose_seed":false,"campfire_upgraded":3,"win_rate":0.0,"timestamp":1613126649,"path_taken":["M","M","M","M","M","R","E","R","T","E","R","?","?","M","R","BOSS"],"items_purchased_type":[],"build_version":"2020-12-22","purchased_purges":0,"victory":false,"max_hp_per_floor":[66,66,66,66,66,66,73,73,83,83,83,83,83,83,83,83,83],"card_choices":[{"not_picked":["Masterful Stab","Prepared"],"picked":"All Out Attack","floor":1},{"not_picked":["Acrobatics","Deflect"],"picked":"Deadly Poison","floor":2},{"not_picked":["Skewer","Bullet Time"],"picked":"Acrobatics","floor":3},{"not_picked":["Deflect","Infinite Blades","Slice"],"picked":"SKIP","floor":4},{"not_picked":["Dagger Spray","Backflip"],"picked":"Blade Dance","floor":5},{"not_picked":["Flying Knee","Deflect"],"picked":"PiercingWail","floor":7},{"not_picked":["Caltrops","Dagger Spray"],"picked":"A Thousand Cuts","floor":10},{"not_picked":["Riddle With Holes","Dodge and Roll"],"picked":"Prepared","floor":13},{"not_picked":["Expertise","Poisoned Stab","Dodge and Roll"],"picked":"SKIP","floor":14}],"player_experience":1153035,"relics_obtained":[{"floor":7,"key":"Strawberry"},{"floor":9,"key":"Pear"},{"floor":10,"key":"Oddly Smooth Stone"}],"event_choices":[{"damage_healed":0,"gold_gain":0,"player_choice":"Bought 1 Potion","damage_taken":0,"max_hp_gain":0,"max_hp_loss":0,"event_name":"The Woman in Blue","floor":12,"gold_loss":0}],"is_beta":false,"boss_relics":[],"items_purged_floors":[],"is_endless":false,"potions_floor_spawned":[1,3,4,10,13],"killed_by":"Hexaghost","ascension_level":15}}