{"host":"af4pzp5tm7cfibaw","time":1613097683,"event":{"mods":["AchievementEnabler","BaseMod","BetterRewards","Highlight Path","Minty Spire (QoL Compilation)","StSLib","SuperFastMode"],"gold_per_floor":[118,118,135,135,148,181,38,64,64,78,111,130,130,205,205,315,315,340,380,59,59,43,87,108,108,108,128,137,162,200,200,200,309,309,319,341,368,423,645,670,710,738,761,770,770,399,420,456,456,456],"floor_reached":51,"language":"ENG","playtime":2447,"items_purged":["Strike_R"],"score":1487,"play_id":"a057ac8d-1eda-4661-998e-30bc995d7edc","local_time":"20210212154123","is_ascension_mode":true,"campfire_choices":[{"floor":13.0,"key":"REST"},{"data":"Perfected Strike","floor":15.0,"key":"SMITH"},{"data":"Perfected Strike","floor":25.0,"key":"SMITH"},{"data":"Secret Weapon","floor":32.0,"key":"SMITH"},{"data":"Reaper","floor":45.0,"key":"SMITH"},{"data":"Double Tap","floor":49.0,"key":"SMITH"}],"circlet_count":0,"master_deck":["Strike_R","Strike_R","Strike_R","Strike_R","Defend_R","Defend_R","Defend_R","Defend_R","Bash","Seeing Red","Secret Technique","Deep Breath","Dark Embrace+1","Pommel Strike","Shockwave","Perfected Strike+1","Perfected Strike+1","Heavy Blade","Feed","Shrug It Off","Fiend Fire","Burning Pact","Demon Form+1","Spot Weakness","Uppercut","Demon Form+1","Secret Weapon+1","Armaments","Pommel Strike","Whirlwind+1","Armaments","Perfected Strike+1","Immolate","Sentinel+1","Corruption+1","Double Tap+1","Havoc+1","Heavy Blade","Reaper+1","Dark Embrace+1","Heavy Blade","Thinking Ahead","Twin Strike+1","Brutality+1"],"relics":["Burning Blood","Toolbox","Centennial Puzzle","Frozen Egg 2","Paper Frog","Mummified Hand","Orrery","Pear","Gremlin Horn","CeramicFish","Snecko Eye","Red Mask","DollysMirror","Bottled Flame","Bottled Lightning","Nloth\u0027s Gift","Coffee Dripper","Incense Burner","CaptainsWheel","Dream Catcher","TungstenRod","Akabeko"],"acts_visited":["Exordium","TheCity","TheBeyond"],"potions_floor_usage":[50,50],"damage_taken":[{"damage":2.0,"enemies":"2 Louse","floor":1.0,"turns":2.0},{"damage":0.0,"enemies":"Small Slimes","floor":3.0,"turns":3.0},{"damage":4.0,"enemies":"Jaw Worm","floor":5.0,"turns":4.0},{"damage":28.0,"enemies":"Lagavulin","floor":6.0,"turns":6.0},{"damage":22.0,"enemies":"Gremlin Nob","floor":8.0,"turns":4.0},{"damage":5.0,"enemies":"Exordium Wildlife","floor":10.0,"turns":3.0},{"damage":12.0,"enemies":"Lagavulin","floor":11.0,"turns":5.0},{"damage":3.0,"enemies":"2 Fungi Beasts","floor":12.0,"turns":2.0},{"damage":62.0,"enemies":"The Guardian","floor":16.0,"turns":8.0},{"damage":6.0,"enemies":"2 Thieves","floor":18.0,"turns":2.0},{"damage":0.0,"enemies":"Masked Bandits","floor":19.0,"turns":2.0},{"damage":29.0,"enemies":"Slavers","floor":23.0,"turns":4.0},{"damage":8.0,"enemies":"Chosen","floor":24.0,"turns":2.0},{"damage":0.0,"enemies":"Snake Plant","floor":27.0,"turns":1.0},{"damage":8.0,"enemies":"Shelled Parasite and Fungi","floor":29.0,"turns":2.0},{"damage":18.0,"enemies":"Gremlin Leader","floor":30.0,"turns":2.0},{"damage":13.0,"enemies":"Champ","floor":33.0,"turns":4.0},{"damage":0.0,"enemies":"Orb Walker","floor":35.0,"turns":2.0},{"damage":5.0,"enemies":"3 Darklings","floor":36.0,"turns":3.0},{"damage":2.0,"enemies":"Sphere and 2 Shapes","floor":37.0,"turns":2.0},{"damage":8.0,"enemies":"2 Orb Walkers","floor":38.0,"turns":2.0},{"damage":34.0,"enemies":"Writhing Mass","floor":40.0,"turns":3.0},{"damage":1.0,"enemies":"Giant Head","floor":41.0,"turns":3.0},{"damage":8.0,"enemies":"Jaw Worm Horde","floor":42.0,"turns":2.0},{"damage":0.0,"enemies":"Transient","floor":47.0,"turns":4.0},{"damage":0.0,"enemies":"Reptomancer","floor":48.0,"turns":1.0},{"damage":22,"enemies":"Donu and Deca","floor":50,"turns":3}],"seed_played":"5024199247096284906","potions_obtained":[{"floor":1.0,"key":"PowerPotion"},{"floor":8.0,"key":"GamblersBrew"},{"floor":16.0,"key":"SneckoOil"},{"floor":18.0,"key":"Ancient Potion"},{"floor":24.0,"key":"Swift Potion"},{"floor":30.0,"key":"Explosive Potion"},{"floor":35.0,"key":"FearPotion"},{"floor":42.0,"key":"SkillPotion"},{"floor":47.0,"key":"Swift Potion"}],"is_trial":false,"path_per_floor":["M","?","M","?","M","E","$","E","T","M","E","M","R","?","R","B",null,"M","?","$","?","$","E","M","R","T","M","?","M","E","?","R","B",null,"M","M","M","?","?","M","E","M","T","?","R","$","M","E","R","B",null],"character_chosen":"IRONCLAD","items_purchased":["Toolbox","Seeing Red","Centennial Puzzle","Secret Technique","Deep Breath","Frozen Egg 2","Orrery","DollysMirror","Secret Weapon","Armaments","TungstenRod"],"campfire_rested":1,"item_purchase_floors":[0,0,0,0,0,0,7,20,20,22,46],"current_hp_per_floor":[76,64,70,75,77,55,55,49,49,53,50,56,87,76,76,20,83,83,92,92,92,92,69,67,67,67,73,73,71,71,71,71,64,96,102,103,111,109,109,81,86,84,84,84,84,84,98,104,104,92],"gold":456,"neow_bonus":"","is_daily":false,"chose_seed":false,"campfire_upgraded":5,"win_rate":0.0,"timestamp":1613097683,"path_taken":["M","?","M","?","M","E","$","E","T","M","E","M","R","?","R","BOSS","M","?","$","?","$","E","M","R","T","M","?","?","E","?","R","BOSS","M","M","?","?","?","M","E","?","T","?","R","$","M","E","R","BOSS"],"items_purchased_type":["Relic","Card","Relic","Card","Card","Relic","Relic","Relic","Card","Card","Relic"],"build_version":"2020-12-22","purchased_purges":1,"victory":true,"max_hp_per_floor":[80,80,80,85,85,85,85,95,95,98,101,104,104,104,104,104,104,104,107,107,107,107,107,107,107,107,107,107,107,107,107,107,107,107,107,107,111,111,111,111,111,111,111,111,111,111,111,111,111,115],"card_choices":[{"not_picked":["True Grit","Headbutt"],"picked":"Dark Embrace+1","floor":1.0},{"not_picked":["Flame Barrier","Sword Boomerang","Ghostly Armor"],"picked":"SKIP","floor":3.0},{"not_picked":["Headbutt","Wild Strike"],"picked":"Pommel Strike","floor":5.0},{"not_picked":["Bludgeon","Havoc"],"picked":"Shockwave","floor":6.0},{"not_picked":["Clothesline","Seeing Red"],"picked":"Perfected Strike","floor":7.0},{"not_picked":["Reckless Charge","Second Wind"],"picked":"Perfected Strike","floor":7.0},{"not_picked":["Rupture+1","Havoc"],"picked":"Heavy Blade","floor":7.0},{"not_picked":["Carnage","Havoc"],"picked":"Feed","floor":7.0},{"not_picked":["Headbutt","Inflame+1"],"picked":"Shrug It Off","floor":7.0},{"not_picked":["Clothesline","Headbutt","Iron Wave"],"picked":"SKIP","floor":8.0},{"not_picked":["Fire Breathing+1","Body Slam"],"picked":"Fiend Fire","floor":10.0},{"not_picked":["Power Through","Searing Blow","Sword Boomerang"],"picked":"SKIP","floor":11.0},{"not_picked":["Ghostly Armor","Body Slam"],"picked":"Burning Pact","floor":12.0},{"not_picked":["Brutality+1","Bludgeon"],"picked":"Demon Form+1","floor":16.0},{"not_picked":["True Grit+1","Heavy Blade"],"picked":"Spot Weakness","floor":18.0},{"not_picked":["Pommel Strike","Thunderclap"],"picked":"Uppercut","floor":19.0},{"not_picked":["Searing Blow","Twin Strike"],"picked":"Pommel Strike","floor":23.0},{"not_picked":["Second Wind","Blood for Blood"],"picked":"Whirlwind+1","floor":24.0},{"not_picked":["Shockwave","True Grit"],"picked":"Armaments","floor":27.0},{"not_picked":["Ghostly Armor","Anger+1"],"picked":"Immolate","floor":29.0},{"not_picked":["Intimidate","Rage+1"],"picked":"Sentinel+1","floor":30.0},{"not_picked":["Demon Form+1","Immolate"],"picked":"Corruption+1","floor":33.0},{"not_picked":["True Grit","Twin Strike+1","Wild Strike"],"picked":"SKIP","floor":35.0},{"not_picked":["Spot Weakness","Wild Strike+1"],"picked":"Double Tap","floor":36.0},{"not_picked":["Cleave+1","Iron Wave+1"],"picked":"Havoc+1","floor":37.0},{"not_picked":["Clash","Rupture+1"],"picked":"Heavy Blade","floor":38.0},{"not_picked":["Anger","Infernal Blade+1"],"picked":"Reaper","floor":40.0},{"not_picked":["Bludgeon","Body Slam"],"picked":"Dark Embrace+1","floor":41.0},{"not_picked":["Twin Strike+1","Shockwave+1"],"picked":"Heavy Blade","floor":42.0},{"not_picked":["Metamorphosis","Deep Breath"],"picked":"Thinking Ahead","floor":44.0},{"not_picked":["Sever Soul+1","True Grit"],"picked":"Twin Strike+1","floor":47.0},{"not_picked":["Wild Strike","Bloodletting+1"],"picked":"Brutality+1","floor":48.0}],"player_experience":307683,"relics_obtained":[{"floor":6.0,"key":"Mummified Hand"},{"floor":8.0,"key":"Pear"},{"floor":9.0,"key":"Gremlin Horn"},{"floor":11.0,"key":"CeramicFish"},{"floor":19.0,"key":"Red Mask"},{"floor":23.0,"key":"Meat on the Bone"},{"floor":26.0,"key":"Bottled Flame"},{"floor":30.0,"key":"Bottled Lightning"},{"floor":38.0,"key":"Incense Burner"},{"floor":41.0,"key":"CaptainsWheel"},{"floor":43.0,"key":"Dream Catcher"},{"floor":48.0,"key":"Akabeko"}],"event_choices":[{"damage_healed":0.0,"max_hp_gain":0.0,"max_hp_loss":0.0,"gold_gain":0.0,"event_name":"Scrap Ooze","player_choice":"Success","floor":2.0,"gold_loss":0.0,"damage_taken":12.0,"relics_obtained":["Paper Frog"]},{"damage_healed":0.0,"max_hp_gain":5.0,"max_hp_loss":0.0,"gold_gain":0.0,"event_name":"Big Fish","player_choice":"Donut","floor":4.0,"gold_loss":0.0,"damage_taken":0.0},{"damage_healed":0.0,"max_hp_gain":0.0,"max_hp_loss":0.0,"gold_gain":75.0,"event_name":"World of Goop","player_choice":"Gather Gold","floor":14.0,"gold_loss":0.0,"damage_taken":11.0},{"damage_healed":0.0,"max_hp_gain":0.0,"max_hp_loss":0.0,"gold_gain":0.0,"event_name":"Masked Bandits","player_choice":"Fought Bandits","floor":19.0,"gold_loss":0.0,"damage_taken":0.0},{"damage_healed":0.0,"max_hp_gain":0.0,"max_hp_loss":0.0,"gold_gain":0.0,"event_name":"Ghosts","player_choice":"Ignored","floor":21.0,"gold_loss":0.0,"damage_taken":0.0},{"damage_healed":0.0,"max_hp_gain":0.0,"max_hp_loss":0.0,"gold_gain":0.0,"event_name":"Duplicator","player_choice":"Copied","floor":28.0,"gold_loss":0.0,"damage_taken":0.0,"cards_obtained":["Perfected Strike"]},{"damage_healed":0.0,"max_hp_gain":0.0,"max_hp_loss":0.0,"gold_gain":0.0,"event_name":"N\u0027loth","player_choice":"Traded Relic","floor":31.0,"relics_lost":["Meat on the Bone"],"gold_loss":0.0,"damage_taken":0.0,"relics_obtained":["Nloth\u0027s Gift"]},{"damage_healed":0.0,"max_hp_gain":0.0,"max_hp_loss":0.0,"gold_gain":0.0,"event_name":"Mysterious Sphere","player_choice":"Fight","floor":38.0,"gold_loss":0.0,"damage_taken":0.0},{"damage_healed":0.0,"max_hp_gain":0.0,"max_hp_loss":0.0,"gold_gain":222.0,"event_name":"Tomb of Lord Red Mask","player_choice":"Wore Mask","floor":39.0,"gold_loss":0.0,"damage_taken":0.0},{"damage_healed":0.0,"max_hp_gain":0.0,"max_hp_loss":0.0,"gold_gain":0.0,"event_name":"SensoryStone","player_choice":"Memory 1","floor":44.0,"gold_loss":0.0,"damage_taken":0.0}],"is_beta":false,"boss_relics":[{"not_picked":["Busted Crown","Tiny House"],"picked":"Snecko Eye"},{"not_picked":["Astrolabe","Calling Bell"],"picked":"Coffee Dripper"}],"items_purged_floors":[46],"is_endless":false,"potions_floor_spawned":[1,8,16,18,24,30,35,36,37,42,47],"ascension_level":7}}