{"host":"lxu17chzujqn8whl","time":1613156421,"event":{"mods":["BaseMod","Minty Spire (QoL Compilation)","Relic Stats","StSLib"],"gold_per_floor":[116,116,116,291,52,52,66,66,91,91,110,121,153,168,168,263,263,277,51,51,51],"floor_reached":20,"language":"ENG","playtime":509,"items_purged":["Doubt"],"score":172,"play_id":"ead4af12-e45e-49f1-aad8-32771152457d","local_time":"20210212110021","is_ascension_mode":false,"campfire_choices":[{"data":"Double Energy","floor":6.0,"key":"SMITH"},{"data":"BootSequence","floor":8.0,"key":"SMITH"},{"data":"Sweeping Beam","floor":10.0,"key":"SMITH"},{"data":"Hologram","floor":15,"key":"SMITH"}],"circlet_count":0,"master_deck":["Strike_B","Strike_B","Strike_B","Strike_B","Defend_B","Defend_B","Defend_B","Defend_B","Zap+1","Dualcast+1","Sweeping Beam+1","Self Repair","Double Energy+1","Ball Lightning","BootSequence+1","Aggregate","Streamline","Coolheaded","Hologram+1","Echo Form"],"relics":["Cracked Core","Boot","Bag of Preparation","Toy Ornithopter","Coffee Dripper","Bronze Scales"],"acts_visited":["Exordium","TheCity"],"potions_floor_usage":[13],"damage_taken":[{"damage":6.0,"enemies":"2 Louse","floor":1.0,"turns":3.0},{"damage":10.0,"enemies":"Small Slimes","floor":7.0,"turns":3.0},{"damage":0.0,"enemies":"Jaw Worm","floor":11.0,"turns":2.0},{"damage":0.0,"enemies":"Red Slaver","floor":12.0,"turns":2.0},{"damage":1,"enemies":"3 Sentries","floor":13,"turns":4},{"damage":5,"enemies":"Large Slime","floor":14,"turns":4},{"damage":34,"enemies":"Hexaghost","floor":16,"turns":10},{"damage":27,"enemies":"Chosen","floor":18,"turns":5},{"damage":13,"enemies":"Shell Parasite","floor":20,"turns":3}],"seed_played":"-5970955012628442803","potions_obtained":[{"floor":7.0,"key":"Dexterity Potion"},{"floor":11.0,"key":"Block Potion"},{"floor":16,"key":"Ancient Potion"}],"is_trial":false,"path_per_floor":["M","?","?","?","$","R","M","R","T","R","M","M","E","M","R","B",null,"M","$","M"],"character_chosen":"DEFECT","items_purchased":["Self Repair","Double Energy","Ball Lightning","Bronze Scales","Regen Potion"],"campfire_rested":0,"item_purchase_floors":[5,5,5,19,19],"current_hp_per_floor":[76,73,57,57,57,57,54,54,54,54,61,61,67,69,69,42,82,69,69,56,56],"gold":51,"neow_bonus":"TEN_PERCENT_HP_BONUS","is_daily":false,"chose_seed":false,"campfire_upgraded":4,"win_rate":0.0,"timestamp":1613156421,"path_taken":["M","?","?","?","$","R","M","R","T","R","M","M","E","M","R","BOSS","M","$","M"],"items_purchased_type":["Card","Card","Card","Relic","Potion"],"build_version":"2020-12-22","purchased_purges":1,"victory":false,"max_hp_per_floor":[82,82,82,82,82,82,82,82,82,82,82,82,82,82,82,82,82,82,82,82,82],"relic_stats":{"counters":[9,36],"Bronze Scales":[9],"Bag of Preparation":[14],"Boot":[4],"obtain_stats":[{"Bronze Scales":19,"Bag of Preparation":9,"Coffee Dripper":17,"Cracked Core":0,"Boot":2,"Toy Ornithopter":13},{"Bronze Scales":8,"Bag of Preparation":2,"Coffee Dripper":7,"Cracked Core":0,"Boot":1,"Toy Ornithopter":5},{"Bronze Scales":33,"Bag of Preparation":6,"Coffee Dripper":28,"Cracked Core":0,"Boot":3,"Toy Ornithopter":14}],"Toy Ornithopter":0},"card_choices":[{"not_picked":["Melter","White Noise"],"picked":"Sweeping Beam","floor":1.0},{"not_picked":["Gash","Cold Snap"],"picked":"BootSequence","floor":7.0},{"not_picked":["Stack","Sweeping Beam"],"picked":"Aggregate","floor":11.0},{"not_picked":["Static Discharge","Gash"],"picked":"Streamline","floor":12.0},{"not_picked":["BootSequence","FTL"],"picked":"Coolheaded","floor":13},{"not_picked":["Leap","Scrape"],"picked":"Hologram","floor":14},{"not_picked":["Amplify","Multi-Cast"],"picked":"Echo Form","floor":16},{"not_picked":["Compile Driver+1","Recycle","Ball Lightning"],"picked":"SKIP","floor":18}],"player_experience":676275,"relics_obtained":[{"floor":9.0,"key":"Bag of Preparation"},{"floor":13,"key":"Toy Ornithopter"}],"event_choices":[{"damage_healed":0.0,"max_hp_gain":0.0,"max_hp_loss":0.0,"gold_gain":0.0,"event_name":"Scrap Ooze","player_choice":"Success","floor":2.0,"gold_loss":0.0,"damage_taken":3.0,"relics_obtained":["Boot"]},{"damage_healed":0.0,"max_hp_gain":0.0,"max_hp_loss":0.0,"gold_gain":0.0,"event_name":"Shining Light","player_choice":"Entered Light","floor":3.0,"gold_loss":0.0,"damage_taken":16.0,"cards_upgraded":["Zap","Dualcast"]},{"damage_healed":0.0,"max_hp_gain":0.0,"max_hp_loss":0.0,"gold_gain":175.0,"event_name":"Liars Game","player_choice":"AGREE","floor":4.0,"gold_loss":0.0,"damage_taken":0.0,"cards_obtained":["Doubt"]}],"is_beta":false,"boss_relics":[{"not_picked":["Fusion Hammer","Ectoplasm"],"picked":"Coffee Dripper"}],"items_purged_floors":[5],"is_endless":false,"potions_floor_spawned":[7,11,16],"killed_by":"Shell Parasite","ascension_level":0}}