{"host":"6yklbc9za0aylqsj","time":1613163046,"event":{"mods":["AchievementEnabler","BaseMod","Bestiary","Colored Map","Colored Powertips","Minty Spire (QoL Compilation)","Rare Cards Sparkle","Relic Stats","Slay-I","StSLib"],"gold_per_floor":[17,17,27,44,62,93,93,121,133,162,174,203,215,243,255,370,382,404,433,455,33,33,65,65,96,96,196,225,34,51,84,84,189,189,205,25,40,40,53,79,92,142,168,196,196,60,60,70,70,70,70,70,18,46,46],"floor_reached":56,"language":"ENG","playtime":2230,"items_purged":["Strike_G","Strike_G","Strike_G"],"score":1736,"play_id":"dbaab7ae-d9ad-4b72-874b-cc614acb309a","local_time":"20210212215046","is_ascension_mode":true,"campfire_choices":[{"floor":7.0,"key":"RECALL"},{"data":"Blade Dance","floor":13.0,"key":"SMITH"},{"data":"Cloak And Dagger","floor":15.0,"key":"SMITH"},{"data":"Footwork","floor":24,"key":"SMITH"},{"data":"Storm of Steel","floor":32,"key":"SMITH"},{"data":"Envenom","floor":45,"key":"SMITH"},{"data":"Finisher","floor":47,"key":"SMITH"},{"data":"Cloak And Dagger","floor":49,"key":"SMITH"},{"data":"Footwork","floor":52,"key":"SMITH"}],"circlet_count":0,"master_deck":["Strike_G","Strike_G","Defend_G","Defend_G","Defend_G","Defend_G","Defend_G","Survivor+1","Neutralize+1","Violence","Cloak And Dagger+1","Blade Dance+1","Terror+1","Backflip","Cloak And Dagger+1","Poisoned Stab","Glass Knife","Cloak And Dagger+1","Footwork+1","Footwork+1","Accuracy","Storm of Steel+1","Adrenaline","Envenom+1","Catalyst+1","Finisher+1"],"relics":["Ring of the Snake","Meat on the Bone","MawBank","HornCleat","WristBlade","Membership Card","Ginger","Gremlin Horn","MutagenicStrength","FossilizedHelix","Mercury Hourglass","War Paint","Thread and Needle","Paper Crane","Mummified Hand","Bag of Marbles","Orrery","Ornamental Fan","SacredBark","Kunai","Unceasing Top","Mango","MealTicket","InkBottle","Toy Ornithopter","Turnip"],"acts_visited":["Exordium","TheCity","TheBeyond","TheEnding"],"potions_floor_usage":[20,23,44,55,55],"damage_taken":[{"damage":1.0,"enemies":"2 Louse","floor":1.0,"turns":3.0},{"damage":0.0,"enemies":"Jaw Worm","floor":3.0,"turns":4.0},{"damage":0.0,"enemies":"Small Slimes","floor":4.0,"turns":3.0},{"damage":3.0,"enemies":"Exordium Wildlife","floor":5.0,"turns":4.0},{"damage":30.0,"enemies":"3 Sentries","floor":6.0,"turns":12.0},{"damage":0.0,"enemies":"Gremlin Nob","floor":8.0,"turns":2.0},{"damage":2.0,"enemies":"3 Louse","floor":10.0,"turns":4.0},{"damage":0.0,"enemies":"Blue Slaver","floor":12.0,"turns":3.0},{"damage":0.0,"enemies":"Exordium Wildlife","floor":14.0,"turns":3.0},{"damage":22.0,"enemies":"Hexaghost","floor":16.0,"turns":11.0},{"damage":0.0,"enemies":"Spheric Guardian","floor":18.0,"turns":2.0},{"damage":0.0,"enemies":"Chosen","floor":19.0,"turns":3.0},{"damage":0,"enemies":"Sentry and Sphere","floor":20,"turns":4},{"damage":0,"enemies":"Slavers","floor":23,"turns":4},{"damage":0,"enemies":"Gremlin Leader","floor":25,"turns":4},{"damage":0,"enemies":"Colosseum Slavers","floor":27,"turns":3},{"damage":0,"enemies":"Colosseum Nobs","floor":27,"turns":4},{"damage":0,"enemies":"Slavers","floor":28,"turns":4},{"damage":0,"enemies":"Centurion and Healer","floor":30,"turns":2},{"damage":0,"enemies":"Gremlin Leader","floor":31,"turns":3},{"damage":0,"enemies":"Collector","floor":33,"turns":6},{"damage":0,"enemies":"3 Shapes","floor":35,"turns":2},{"damage":0,"enemies":"Orb Walker","floor":37,"turns":1},{"damage":0,"enemies":"3 Darklings","floor":39,"turns":3},{"damage":0,"enemies":"Giant Head","floor":40,"turns":4},{"damage":0,"enemies":"Writhing Mass","floor":41,"turns":3},{"damage":1,"enemies":"Mind Bloom Boss Battle","floor":42,"turns":4},{"damage":0,"enemies":"Reptomancer","floor":44,"turns":3},{"damage":0,"enemies":"Jaw Worm Horde","floor":48,"turns":1},{"damage":0,"enemies":"Donu and Deca","floor":50,"turns":6},{"damage":0,"enemies":"Shield and Spear","floor":54,"turns":4},{"damage":48,"enemies":"The Heart","floor":55,"turns":7}],"seed_played":"5267736895414675842","potions_obtained":[{"floor":3.0,"key":"Explosive Potion"},{"floor":5.0,"key":"LiquidMemories"},{"floor":6.0,"key":"AttackPotion"},{"floor":10.0,"key":"Block Potion"},{"floor":16.0,"key":"Swift Potion"},{"floor":19.0,"key":"Energy Potion"},{"floor":20,"key":"Block Potion"},{"floor":33,"key":"LiquidBronze"},{"floor":39,"key":"Dexterity Potion"},{"floor":44,"key":"Fruit Juice"}],"is_trial":false,"path_per_floor":["M","?","M","M","M","E","R","E","T","M","?","M","R","M","R","B",null,"M","M","M","$","?","E","R","E","T","?","E","$","M","E","R","B",null,"M","$","M","?","M","E","M","?","T","E","R","$","R","M","R","B",null,"R","$","E","B",null],"character_chosen":"THE_SILENT","items_purchased":["Membership Card","Ginger","Gremlin Horn","Footwork","Bag of Marbles","Orrery","Kunai","Toy Ornithopter","GhostInAJar"],"campfire_rested":0,"item_purchase_floors":[21,21,21,21,29,29,36,46,53],"current_hp_per_floor":[69,69,69,69,66,36,36,36,36,46,39,39,39,39,39,29,70,70,70,70,70,70,70,70,70,70,70,70,70,70,70,70,70,70,70,70,70,70,70,70,70,83,83,93,93,94,94,94,94,94,94,94,94,94,51],"gold":46,"neow_bonus":"RANDOM_COLORLESS_2","is_daily":false,"chose_seed":false,"campfire_upgraded":8,"win_rate":0.0,"timestamp":1613163046,"path_taken":["M","?","M","M","M","E","R","E","T","M","?","M","R","?","R","BOSS","M","M","M","$","?","E","R","E","T","?","E","?","?","E","R","BOSS","M","$","M","?","M","E","M","?","T","E","R","?","R","?","R","BOSS","R","$","E","BOSS"],"items_purchased_type":["Relic","Relic","Relic","Card","Relic","Relic","Relic","Relic","Potion"],"build_version":"2020-12-22","purchased_purges":3,"victory":true,"max_hp_per_floor":[70,70,70,70,70,70,70,70,70,70,70,70,70,70,70,70,70,70,70,70,70,70,70,70,70,70,70,70,70,70,70,70,70,70,70,70,70,70,70,70,70,84,84,94,94,94,94,94,94,94,94,94,94,94,94],"relic_stats":{"Gremlin Horn":[29,29],"counters":[32,125],"Ginger":[9],"War Paint":["Terror","Survivor"],"MawBank":156,"Mercury Hourglass":[250],"Mummified Hand":[38],"Ornamental Fan":[184],"MealTicket":1,"Turnip":[2],"Kunai":[39],"obtain_stats":[{"Gremlin Horn":21,"SacredBark":34,"Mango":42,"Ginger":21,"HornCleat":11,"WristBlade":17,"Mummified Hand":28,"MealTicket":43,"Kunai":36,"InkBottle":44,"Ring of the Snake":0,"Thread and Needle":27,"War Paint":26,"Paper Crane":27,"MawBank":8,"Mercury Hourglass":25,"Ornamental Fan":31,"MutagenicStrength":22,"Orrery":29,"Turnip":54,"Bag of Marbles":29,"Membership Card":21,"FossilizedHelix":23,"Unceasing Top":40,"Toy Ornithopter":46,"Meat on the Bone":6},{"Gremlin Horn":13,"SacredBark":21,"Mango":27,"Ginger":13,"HornCleat":7,"WristBlade":10,"Mummified Hand":18,"MealTicket":27,"Kunai":22,"InkBottle":28,"Ring of the Snake":0,"Thread and Needle":17,"War Paint":15,"Paper Crane":17,"MawBank":6,"Mercury Hourglass":15,"Ornamental Fan":20,"MutagenicStrength":13,"Orrery":18,"Turnip":31,"Bag of Marbles":18,"Membership Card":13,"FossilizedHelix":14,"Unceasing Top":25,"Toy Ornithopter":28,"Meat on the Bone":5},{"Gremlin Horn":58,"SacredBark":87,"Mango":104,"Ginger":58,"HornCleat":32,"WristBlade":49,"Mummified Hand":76,"MealTicket":104,"Kunai":89,"InkBottle":107,"Ring of the Snake":0,"Thread and Needle":72,"War Paint":66,"Paper Crane":72,"MawBank":28,"Mercury Hourglass":66,"Ornamental Fan":81,"MutagenicStrength":58,"Orrery":76,"Turnip":118,"Bag of Marbles":76,"Membership Card":58,"FossilizedHelix":62,"Unceasing Top":97,"Toy Ornithopter":107,"Meat on the Bone":26}],"Unceasing Top":[13],"InkBottle":[14],"Toy Ornithopter":5,"Ring of the Snake":[64],"Meat on the Bone":24},"card_choices":[{"not_picked":["Transmutation","Magnetism"],"picked":"Violence","floor":0.0},{"not_picked":["Slice","Tactician","Underhanded Strike"],"picked":"SKIP","floor":1.0},{"not_picked":["Outmaneuver","Skewer","Prepared"],"picked":"SKIP","floor":3.0},{"not_picked":["Deadly Poison","Choke"],"picked":"Cloak And Dagger","floor":4.0},{"not_picked":["Underhanded Strike","Outmaneuver"],"picked":"Blade Dance","floor":5.0},{"not_picked":["Choke","Acrobatics"],"picked":"Terror","floor":6.0},{"not_picked":["Prepared","PiercingWail"],"picked":"Backflip","floor":8.0},{"not_picked":["Acrobatics","Bane"],"picked":"Cloak And Dagger","floor":10.0},{"not_picked":["Outmaneuver","Bouncing Flask"],"picked":"Poisoned Stab","floor":12.0},{"not_picked":["Slice","Cloak And Dagger","Quick Slash"],"picked":"SKIP","floor":14.0},{"not_picked":["Burst","Bullet Time"],"picked":"Glass Knife","floor":16.0},{"not_picked":["Acrobatics","Distraction"],"picked":"Cloak And Dagger+1","floor":18.0},{"not_picked":["Poisoned Stab","Riddle With Holes","Cloak And Dagger"],"picked":"SKIP","floor":19.0},{"not_picked":["Poisoned Stab","Dagger Spray"],"picked":"Footwork","floor":20},{"not_picked":["Bane","Cloak And Dagger","Distraction"],"picked":"SKIP","floor":23},{"not_picked":["Prepared","Distraction","Deflect"],"picked":"SKIP","floor":25},{"not_picked":["Catalyst","Bane"],"picked":"Accuracy","floor":27},{"not_picked":["Bane","Masterful Stab"],"picked":"All Out Attack+1","floor":28},{"not_picked":["Escape Plan","Catalyst+1"],"picked":"Storm of Steel","floor":29},{"not_picked":["Predator+1","Dash","Setup"],"picked":"SKIP","floor":30},{"not_picked":["Sucker Punch","Wraith Form v2"],"picked":"Adrenaline","floor":31},{"not_picked":["Venomology","Bullet Time"],"picked":"Envenom","floor":33},{"not_picked":["Deadly Poison+1","Quick Slash","Outmaneuver"],"picked":"SKIP","floor":35},{"not_picked":["Concentrate","Flying Knee","Terror+1"],"picked":"SKIP","floor":37},{"not_picked":["Choke","Underhanded Strike","Prepared+1"],"picked":"SKIP","floor":39},{"not_picked":["Dagger Spray+1","Poisoned Stab","Dodge and Roll+1"],"picked":"SKIP","floor":40},{"not_picked":["Deflect","Deadly Poison+1","Sucker Punch+1"],"picked":"SKIP","floor":41},{"not_picked":["Slice","Bouncing Flask"],"picked":"Catalyst+1","floor":42},{"not_picked":["Reflex","Choke+1"],"picked":"Finisher","floor":44},{"not_picked":["Infinite Blades+1","Deflect","Calculated Gamble+1"],"picked":"SKIP","floor":48},{"not_picked":["Sucker Punch+1","Distraction","Backstab+1"],"picked":"SKIP","floor":54}],"player_experience":698424,"relics_obtained":[{"floor":6.0,"key":"Meat on the Bone"},{"floor":8.0,"key":"MawBank"},{"floor":23,"key":"FossilizedHelix"},{"floor":25,"key":"Mercury Hourglass"},{"floor":26,"key":"War Paint"},{"floor":27,"key":"Thread and Needle"},{"floor":27,"key":"Paper Crane"},{"floor":28,"key":"Mummified Hand"},{"floor":31,"key":"Ornamental Fan"},{"floor":40,"key":"Unceasing Top"},{"floor":42,"key":"Mango"},{"floor":43,"key":"MealTicket"},{"floor":44,"key":"InkBottle"},{"floor":54,"key":"Turnip"}],"event_choices":[{"damage_healed":0.0,"max_hp_gain":0.0,"max_hp_loss":0.0,"gold_gain":0.0,"event_name":"Living Wall","player_choice":"Grow","floor":2.0,"gold_loss":0.0,"damage_taken":0.0,"cards_upgraded":["Neutralize"]},{"damage_healed":0.0,"max_hp_gain":0.0,"max_hp_loss":0.0,"gold_gain":0.0,"event_name":"Scrap Ooze","player_choice":"Success","floor":11.0,"gold_loss":0.0,"damage_taken":7.0,"relics_obtained":["HornCleat"]},{"damage_healed":0,"gold_gain":0,"player_choice":"Inject Mutagens","damage_taken":0,"relics_obtained":["MutagenicStrength"],"max_hp_gain":0,"max_hp_loss":0,"event_name":"Drug Dealer","floor":22,"gold_loss":0},{"damage_healed":0,"gold_gain":0,"player_choice":"Fight","damage_taken":0,"max_hp_gain":0,"max_hp_loss":0,"event_name":"Colosseum","floor":27,"gold_loss":0},{"damage_healed":0,"gold_gain":0,"player_choice":"Fought Nobs","damage_taken":0,"max_hp_gain":0,"max_hp_loss":0,"event_name":"Colosseum","floor":27,"gold_loss":0},{"cards_removed":["All Out Attack"],"damage_healed":0,"gold_gain":0,"player_choice":"Removed Attack","damage_taken":0,"max_hp_gain":0,"max_hp_loss":0,"event_name":"Falling","floor":38,"gold_loss":0},{"damage_healed":0,"gold_gain":0,"player_choice":"Fight","damage_taken":0,"max_hp_gain":0,"max_hp_loss":0,"event_name":"MindBloom","floor":42,"gold_loss":0}],"is_beta":false,"boss_relics":[{"not_picked":["Astrolabe","HoveringKite"],"picked":"WristBlade"},{"not_picked":["Snecko Eye","Philosopher\u0027s Stone"],"picked":"SacredBark"}],"items_purged_floors":[29,36,46],"is_endless":false,"potions_floor_spawned":[3,5,6,10,16,19,20,27,33,37,39,40,44],"ascension_level":1}}