{"host":"nsc6ozq3atyrdr3m","time":1613140250,"event":{"mods":["BaseMod","Colored Map","Minty Spire (QoL Compilation)"],"gold_per_floor":[116,181,23,39,39,39,56,56,56,71,17,17,44,194,194,268,268,268,268,104,104,78,78,78],"floor_reached":23,"language":"FRA","playtime":433,"items_purged":[],"score":370,"play_id":"2e060c2d-dfc8-453c-87bb-08d08088b421","local_time":"20210212153050","is_ascension_mode":true,"campfire_choices":[{"data":"Body Slam","floor":6,"key":"SMITH"},{"data":"Fire Breathing","floor":8,"key":"SMITH"},{"floor":15,"key":"REST"}],"circlet_count":0,"master_deck":["AscendersBane","Strike_R","Strike_R","Strike_R","Strike_R","Defend_R","Defend_R","Defend_R","Defend_R","Bash","Clothesline","Body Slam","Evolve","True Grit","Body Slam+1","Fire Breathing+1","Battle Trance","Fire Breathing","Doubt","Immolate","Burning Pact","Brutality","True Grit"],"relics":["Mark of Pain","Peace Pipe","Nunchaku","Ectoplasm","MealTicket"],"acts_visited":["Exordium","TheCity"],"potions_floor_usage":[13,16,23],"damage_taken":[{"damage":1,"enemies":"Cultist","floor":1,"turns":4},{"damage":1,"enemies":"2 Louse","floor":4,"turns":4},{"damage":7,"enemies":"Small Slimes","floor":7,"turns":4},{"damage":11,"enemies":"Looter","floor":10,"turns":3},{"damage":31,"enemies":"Gremlin Nob","floor":13,"turns":4},{"damage":43,"enemies":"The Guardian","floor":16,"turns":12},{"damage":38,"enemies":"Shell Parasite","floor":18,"turns":5},{"damage":43,"enemies":"Slavers","floor":23,"turns":2}],"seed_played":"5334573076613141594","potions_obtained":[{"floor":10,"key":"ColorlessPotion"},{"floor":13,"key":"ElixirPotion"},{"floor":18,"key":"PowerPotion"}],"is_trial":false,"path_per_floor":["M","?","$","M","?","R","M","R","T","M","$","?","E","?","R","B",null,"M","?","$","?","$","E"],"character_chosen":"IRONCLAD","items_purchased":["Body Slam","Evolve","True Grit","SkillPotion","MealTicket","True Grit"],"campfire_rested":1,"item_purchase_floors":[3,3,3,11,20,22],"current_hp_per_floor":[67,67,67,66,75,75,68,68,68,57,57,62,31,31,55,12,63,25,25,25,25,40,0,0],"gold":78,"neow_bonus":"BOSS_RELIC","is_daily":false,"chose_seed":false,"campfire_upgraded":2,"win_rate":0.0,"timestamp":1613140250,"path_taken":["M","?","$","M","?","R","M","R","T","?","$","?","E","?","R","BOSS","M","?","$","?","$","E"],"items_purchased_type":["Card","Card","Card","Potion","Relic","Card"],"build_version":"2020-12-22","purchased_purges":0,"victory":false,"max_hp_per_floor":[75,75,75,75,75,75,75,75,75,75,75,80,80,80,80,80,80,80,80,80,80,80,80,80],"card_choices":[{"not_picked":["Intimidate","Anger"],"picked":"Clothesline","floor":1},{"not_picked":["Clash","Dual Wield"],"picked":"Body Slam","floor":4},{"not_picked":["Intimidate","Spot Weakness"],"picked":"Fire Breathing","floor":7},{"not_picked":["Body Slam","Pommel Strike"],"picked":"Battle Trance","floor":10},{"not_picked":["Perfected Strike","Heavy Blade"],"picked":"Fire Breathing","floor":13},{"not_picked":["Fiend Fire","Offering"],"picked":"Immolate","floor":16},{"not_picked":["Pommel Strike","Sentinel"],"picked":"Burning Pact","floor":18}],"player_experience":393622,"relics_obtained":[{"floor":9,"key":"Peace Pipe"},{"floor":13,"key":"Nunchaku"}],"event_choices":[{"damage_healed":0,"gold_gain":65,"player_choice":"Gained Gold","damage_taken":0,"max_hp_gain":0,"max_hp_loss":0,"event_name":"Golden Wing","floor":2,"gold_loss":0},{"damage_healed":9,"gold_gain":0,"player_choice":"Full Heal","damage_taken":0,"max_hp_gain":0,"max_hp_loss":0,"event_name":"Wheel of Change","floor":5,"gold_loss":0},{"damage_healed":0,"gold_gain":0,"player_choice":"Donut","damage_taken":0,"max_hp_gain":5,"max_hp_loss":0,"event_name":"Big Fish","floor":12,"gold_loss":0},{"damage_healed":0,"gold_gain":150,"player_choice":"AGREE","damage_taken":0,"max_hp_gain":0,"max_hp_loss":0,"event_name":"Liars Game","floor":14,"gold_loss":0,"cards_obtained":["Doubt"]},{"damage_healed":0,"gold_gain":0,"player_choice":"Ignored","damage_taken":0,"max_hp_gain":0,"max_hp_loss":0,"event_name":"Beggar","floor":19,"gold_loss":0},{"damage_healed":0,"gold_gain":0,"cards_transformed":["Strike_R"],"player_choice":"Transformed","damage_taken":0,"max_hp_gain":0,"max_hp_loss":0,"event_name":"Transmorgrifier","floor":21,"gold_loss":0,"cards_obtained":["Brutality"]}],"is_beta":false,"boss_relics":[{"not_picked":["SacredBark","Runic Dome"],"picked":"Ectoplasm"}],"items_purged_floors":[],"is_endless":false,"potions_floor_spawned":[10,13,18],"killed_by":"Slavers","ascension_level":20}}