{"host":"sosyidtcrrl56kzs","time":1613106258,"event":{"mods":["2.2 Compatiblity","BaseMod","Colored Map","Marisa????????","Minty Spire (QoL Compilation)","READ ME - Guardian Mod","StSLib","The Cursed","The Disciple","The Servant 0.9.4"],"gold_per_floor":[114,35,53,66,66,99,113,139,139,58,58,233,233,233,233,335,335,350,350,48,59,59,86,86,120,120,120,45,60,71,88,88,189,189,206,206,261,47,0,0,32,52,104,119,137,137,168,187,187,187],"floor_reached":51,"language":"ENG","playtime":4610,"items_purged":[],"score":793,"play_id":"7d7f0f60-813b-4eeb-b837-c6ef343e6a09","local_time":"20210212000418","is_ascension_mode":false,"campfire_choices":[{"floor":11,"key":"RECALL"},{"data":"RealityMarble","floor":13,"key":"SMITH"},{"data":"Starlight","floor":15,"key":"SMITH"},{"data":"Barrier","floor":24,"key":"SMITH"},{"data":"Solidify","floor":27,"key":"SMITH"},{"floor":32,"key":"REST"},{"data":"FloweringNight","floor":40,"key":"SMITH"},{"data":"Spin","floor":49,"key":"SMITH"}],"circlet_count":0,"master_deck":["Strike_S","Strike_S","Defend_S","KidneyShot","Exchange","Starlight+1","StarChef","Rearm","DoubleEdge","ShiftingGears","RealityMarble+1","Barrier+1","Solidify+1","Parasite","Spin+1","FloweringNight+1","ShiftingGears","Contraction","FlawlessForm","SpecialFormula+1","Luminosity+1","SilverBlades+1","DoubleEdge+1","MoonPhase","SpecialFormula","BestPractice+1","BottledTime+1"],"relics":["Uniform","NeowsBlessing","Lantern","Bottled Lightning","PreservedInsect","Runic Dome","Bag of Preparation","Singing Bowl","Pear","Thread and Needle","Astrolabe","CatCart","Strange Spoon","Red Mask","Boot","Bronze Scales","Orichalcum"],"acts_visited":["Exordium","TheCity","TheBeyond"],"potions_floor_usage":[6,23,25,35,44],"damage_taken":[{"damage":0,"enemies":"Cultist","floor":1,"turns":1},{"damage":0,"enemies":"2 Louse","floor":3,"turns":1},{"damage":0,"enemies":"Small Slimes","floor":4,"turns":2},{"damage":17,"enemies":"Lagavulin","floor":6,"turns":6},{"damage":4,"enemies":"Looter","floor":7,"turns":3},{"damage":13,"enemies":"Hexaghost","floor":16,"turns":10},{"damage":2,"enemies":"Chosen","floor":18,"turns":7},{"damage":16,"enemies":"Spheric Guardian","floor":21,"turns":4},{"damage":29,"enemies":"Slavers","floor":23,"turns":4},{"damage":0,"enemies":"Gremlin Leader","floor":25,"turns":7},{"damage":0,"enemies":"Snecko","floor":29,"turns":5},{"damage":2,"enemies":"Centurion and Healer","floor":30,"turns":8},{"damage":0,"enemies":"Snake Plant","floor":31,"turns":7},{"damage":5,"enemies":"Champ","floor":33,"turns":15},{"damage":1,"enemies":"3 Darklings","floor":35,"turns":4},{"damage":0,"enemies":"Orin","floor":37,"turns":9},{"damage":0,"enemies":"Giant Head","floor":41,"turns":4},{"damage":0,"enemies":"3 Shapes","floor":42,"turns":4},{"damage":0,"enemies":"Transient","floor":44,"turns":5},{"damage":0,"enemies":"Spire Growth","floor":45,"turns":4},{"damage":0,"enemies":"Reptomancer","floor":47,"turns":3},{"damage":0,"enemies":"Writhing Mass","floor":48,"turns":3},{"damage":15,"enemies":"Awakened One","floor":50,"turns":8}],"seed_played":"-2059543174487660277","potions_obtained":[{"floor":1,"key":"ColorlessPotion"},{"floor":7,"key":"BlessingOfTheForge"},{"floor":16,"key":"FairyPotion"},{"floor":18,"key":"SneckoOil"},{"floor":21,"key":"Block Potion"},{"floor":25,"key":"Explosive Potion"},{"floor":30,"key":"Dexterity Potion"},{"floor":41,"key":"EntropicBrew"},{"floor":44,"key":"SteroidPotion"},{"floor":47,"key":"LiquidMemories"}],"is_trial":false,"path_per_floor":["M","$","M","M","$","E","M","T","T","$","R","?","R","?","R","B",null,"M","?","$","M","$","E","R","E","T","R","?","M","M","M","R","B",null,"M","?","?","$","?","R","E","M","T","M","M","$","E","M","R","B",null],"character_chosen":"THE_SERVANT","items_purchased":["StarChef","Barrier","Bag of Preparation","FloweringNight","Strange Spoon","MoonPhase"],"campfire_rested":1,"item_purchase_floors":[2,10,20,20,38,38],"current_hp_per_floor":[65,65,65,65,65,48,44,44,44,44,44,44,44,37,37,24,65,63,63,63,47,47,18,18,30,30,30,30,30,30,32,56,51,81,80,80,83,83,83,83,85,87,87,89,89,89,89,89,89,89],"gold":187,"neow_bonus":"THREE_ENEMY_KILL","is_daily":false,"chose_seed":false,"campfire_upgraded":6,"win_rate":0.0,"timestamp":1613106258,"path_taken":["M","$","?","M","?","E","M","?","T","$","R","?","R","?","R","BOSS","M","?","$","M","$","E","R","E","T","R","?","M","M","M","R","BOSS","M","?","?","$","?","R","E","M","T","M","?","$","E","M","R","BOSS"],"items_purchased_type":["Card","Card","Relic","Card","Relic","Card"],"build_version":"2020-12-22","purchased_purges":0,"victory":true,"max_hp_per_floor":[65,65,65,65,65,65,65,65,65,65,65,65,65,65,65,65,65,65,65,65,65,65,65,65,77,77,77,77,77,79,81,81,81,81,81,81,83,83,83,83,85,87,87,89,89,89,89,89,89,89],"card_choices":[{"not_picked":["Rearm","FastForward"],"picked":"Starlight","floor":1},{"not_picked":["ReturningBlade","FastForward"],"picked":"Rearm","floor":3},{"not_picked":["Rearm","FastForward"],"picked":"DoubleEdge","floor":4},{"not_picked":["Replace","Moonlight"],"picked":"ShiftingGears","floor":6},{"not_picked":["FastForward","TimeWarp"],"picked":"RealityMarble","floor":7},{"not_picked":["LightFlow","PendulumOfEternity"],"picked":"Solidify","floor":16},{"not_picked":["ShatteredReality+1","Defy"],"picked":"Contraction","floor":18},{"not_picked":["Spin","Rewind","DoubleEdge"],"picked":"SKIP","floor":21},{"not_picked":["Deny","DoubleEdge+1"],"picked":"ShiftingGears","floor":23},{"not_picked":["DoubleEdge","Rearm+1","Orbit"],"picked":"Singing Bowl","floor":25},{"not_picked":["Unruled","Spin"],"picked":"Contraction","floor":29},{"not_picked":["Spin","Revamp","TimeTheft"],"picked":"Singing Bowl","floor":30},{"not_picked":["Revamp","Alleviate","BottledTime"],"picked":"Singing Bowl","floor":31},{"not_picked":["ForgedInTime","Deny"],"picked":"FlawlessForm","floor":33},{"not_picked":["ShatteredReality+1","Spin+1"],"picked":"DoubleEdge+1","floor":35},{"not_picked":["Comet","Reset","DoubleEdge"],"picked":"Singing Bowl","floor":37},{"not_picked":["Alleviate","Comet","DoubleEdge+1"],"picked":"Singing Bowl","floor":41},{"not_picked":["Potential","StarChef+1","TimeTheft+1"],"picked":"Singing Bowl","floor":42},{"not_picked":["Alleviate","Rearm+1","TimeTheft"],"picked":"Singing Bowl","floor":44},{"not_picked":["Moonlight","Potential"],"picked":"SpecialFormula","floor":45},{"not_picked":["ShatteredReality+1","Rearm"],"picked":"BestPractice+1","floor":47},{"not_picked":["Spin","Revamp"],"picked":"BottledTime+1","floor":48}],"player_experience":352932,"relics_obtained":[{"floor":6,"key":"Lantern"},{"floor":9,"key":"Bottled Lightning"},{"floor":23,"key":"Singing Bowl"},{"floor":25,"key":"Pear"},{"floor":26,"key":"Thread and Needle"},{"floor":37,"key":"CatCart"},{"floor":41,"key":"Boot"},{"floor":43,"key":"Bronze Scales"},{"floor":47,"key":"Orichalcum"}],"event_choices":[{"damage_healed":0,"gold_gain":175,"player_choice":"AGREE","damage_taken":0,"max_hp_gain":0,"max_hp_loss":0,"event_name":"Liars Game","floor":12,"gold_loss":0,"cards_obtained":["Doubt"]},{"damage_healed":0,"gold_gain":0,"player_choice":"Success","damage_taken":7,"relics_obtained":["PreservedInsect"],"max_hp_gain":0,"max_hp_loss":0,"event_name":"Scrap Ooze","floor":14,"gold_loss":0},{"damage_healed":0,"gold_gain":0,"cards_transformed":["Doubt","Strike_S"],"player_choice":"Became Test Subject","damage_taken":0,"max_hp_gain":0,"max_hp_loss":0,"event_name":"Drug Dealer","floor":19,"gold_loss":0,"cards_obtained":["Parasite","Spin"]},{"cards_removed":["Defend_S"],"damage_healed":0,"gold_gain":0,"player_choice":"Gave Gold","damage_taken":0,"max_hp_gain":0,"max_hp_loss":0,"event_name":"Beggar","floor":28,"gold_loss":75},{"cards_removed":["Contraction"],"damage_healed":0,"gold_gain":0,"player_choice":"Removed Skill","damage_taken":0,"max_hp_gain":0,"max_hp_loss":0,"event_name":"Falling","floor":36,"gold_loss":0},{"damage_healed":0,"gold_gain":0,"player_choice":"Fight","damage_taken":0,"max_hp_gain":0,"max_hp_loss":0,"event_name":"OrinTheCat","floor":37,"gold_loss":0},{"damage_healed":0,"gold_gain":0,"player_choice":"Paid","damage_taken":0,"relics_obtained":["Red Mask"],"max_hp_gain":0,"max_hp_loss":0,"event_name":"Tomb of Lord Red Mask","floor":39,"gold_loss":47}],"is_beta":false,"boss_relics":[{"not_picked":["Ectoplasm","Fusion Hammer"],"picked":"Runic Dome"},{"not_picked":["SlaversCollar","Velvet Choker"],"picked":"Astrolabe"}],"items_purged_floors":[],"is_endless":false,"potions_floor_spawned":[1,7,16,18,21,25,30,33,41,44,47,48],"ascension_level":0}}