{"host":"9czo1ewqehy3yunx","time":1613135549,"event":{"mods":["Act Like it!","BaseMod","CapriCore","Colored Powertips","DeckTracker","GifTheSpireLib","GungeonMod","Hermit","Keyboard Shortcuts","Koishi","Lobotomy","Marisa£¨Ùöéë¡¡Øª×âÞÞ£©","Minty Spire (QoL Compilation)","Permanent Neow","Quick Restart","StSLib","SuperFastMode","Td1madao Mod","The Bug Knight","The Cursed","The Hierophant","The Immortal","The Jungle","The Poker Player","The Runesmith"],"gold_per_floor":[117,129,145,245,257,257,62,62,62,81,81,111,130,95,95,193,193,203,218,237,50,50,50],"floor_reached":22,"language":"KOR","playtime":1016,"items_purged":[],"score":188,"play_id":"8d5d2fc0-4d63-40d4-a5b3-10b7170b684e","local_time":"20210212221229","is_ascension_mode":false,"campfire_choices":[{"data":"HollowMod:TaintedHusks","floor":6,"key":"SMITH"},{"data":"HollowMod:InfectedCysts","floor":8,"key":"SMITH"},{"data":"HollowMod:InfectionAssault","floor":11,"key":"SMITH"},{"data":"HollowMod:ShapeofUnn","floor":15,"key":"SMITH"}],"circlet_count":0,"master_deck":["HollowMod:NailStrikeStart","HollowMod:NailStrikeStart","HollowMod:NailStrikeStart","HollowMod:NailStrikeStart","HollowMod:QuickDashStart","HollowMod:QuickDashStart","HollowMod:QuickDashStart","HollowMod:QuickDashStart","HollowMod:PogoStrike","HollowMod:TaintedHusks+1","HollowMod:DoubleDash","HollowMod:DashSlash","HollowMod:InfectedCysts+1","HollowMod:MonarchWings","HollowMod:InfectionAssault+1","HollowMod:RecoilStrike+1","HollowMod:ShapeofUnn+1","HollowMod:Hiveblood","HollowMod:TaintedHusks","HollowMod:PerfectDash"],"relics":["HollowMod:VesselMask","DemoMod:GnawedKey","Eternal Feather","Molten Egg 2","Black Star","Blood Vial"],"acts_visited":["Exordium","TheCity"],"potions_floor_usage":[16,16,16],"damage_taken":[{"damage":11,"enemies":"2 Louse","floor":1,"turns":4},{"damage":5,"enemies":"Cultist","floor":2,"turns":5},{"damage":0,"enemies":"Small Slimes","floor":3,"turns":4},{"damage":17,"enemies":"Looter","floor":5,"turns":2},{"damage":2,"enemies":"Exordium Wildlife","floor":10,"turns":3},{"damage":30,"enemies":"3 Sentries","floor":12,"turns":8},{"damage":10,"enemies":"Blue Slaver","floor":13,"turns":3},{"damage":11,"enemies":"Hexaghost","floor":16,"turns":9},{"damage":36,"enemies":"Shell Parasite","floor":18,"turns":7},{"damage":22,"enemies":"Chosen","floor":19,"turns":4},{"damage":52,"enemies":"Sentry and Sphere","floor":20,"turns":7},{"damage":13,"enemies":"Centurion and Healer","floor":22,"turns":1}],"seed_played":"2300918300524360669","potions_obtained":[{"floor":3,"key":"Weak Potion"},{"floor":10,"key":"LiquidMemories"},{"floor":12,"key":"Regen Potion"},{"floor":13,"key":"DemoMod:LeadSkinPotion"}],"is_trial":false,"path_per_floor":["M","M","M","?","M","R","$","R","T","M","R","E","M","?","R","B",null,"M","M","M","$","M"],"character_chosen":"THE_BUGKNIGHT","items_purchased":["DemoMod:GnawedKey","HollowMod:MonarchWings","HollowMod:PerfectDash","Blood Vial"],"campfire_rested":0,"item_purchase_floors":[7,7,21,21],"current_hp_per_floor":[64,59,59,59,42,42,42,42,42,40,49,19,9,27,36,40,75,53,45,8,8,0,0],"gold":50,"neow_bonus":"TRANSFORM_CARD","is_daily":false,"chose_seed":false,"campfire_upgraded":4,"win_rate":0.0,"timestamp":1613135549,"path_taken":["M","M","M","?","M","R","$","R","T","?","R","E","M","?","R","BOSS","M","M","M","$","M"],"items_purchased_type":["Relic","Card","Card","Relic"],"build_version":"2020-12-22","purchased_purges":0,"victory":false,"max_hp_per_floor":[75,75,75,75,75,75,75,75,75,75,75,75,75,75,75,75,75,75,75,75,75,75,75],"card_choices":[{"not_picked":["HollowMod:HeavyBlow","HollowMod:Grubsong"],"picked":"HollowMod:DoubleDash","floor":1},{"not_picked":["HollowMod:ChannelNail","HollowMod:LifebloodCocoon"],"picked":"HollowMod:DashSlash","floor":2},{"not_picked":["HollowMod:SoulStrike","HollowMod:SiblingsSouls"],"picked":"HollowMod:InfectedCysts","floor":3},{"not_picked":["HollowMod:SoulSplash","HollowMod:LuriensSpire","HollowMod:CornifersMapStart"],"picked":"SKIP","floor":5},{"not_picked":["HollowMod:ShapeofUnn","HollowMod:DescendingDark"],"picked":"HollowMod:InfectionAssault","floor":10},{"not_picked":["HollowMod:VoidDash","HollowMod:CloakDash"],"picked":"HollowMod:RecoilStrike+1","floor":12},{"not_picked":["HollowMod:NewJinnsSoul","HollowMod:ShadowDash"],"picked":"HollowMod:ShapeofUnn","floor":13},{"not_picked":["HollowMod:ElderbugsWisdom","HollowMod:theNailsmith"],"picked":"HollowMod:Hiveblood","floor":16},{"not_picked":["HollowMod:SoulStrike+1","HollowMod:ShadowDash","HollowMod:WraithStrike+1"],"picked":"SKIP","floor":18},{"not_picked":["HollowMod:SiblingsSouls","HollowMod:SoulSplash","HollowMod:HeavyBlow+1"],"picked":"SKIP","floor":19},{"not_picked":["HollowMod:SharpenedNail+1","HollowMod:MonomonsArchive"],"picked":"HollowMod:TaintedHusks","floor":20}],"player_experience":283675,"relics_obtained":[{"floor":9,"key":"Eternal Feather"},{"floor":12,"key":"Molten Egg 2"}],"event_choices":[{"damage_healed":0,"gold_gain":100,"player_choice":"Gold","damage_taken":0,"max_hp_gain":0,"max_hp_loss":0,"event_name":"Wheel of Change","floor":4,"gold_loss":0},{"damage_healed":18,"gold_gain":0,"player_choice":"Healed","damage_taken":0,"max_hp_gain":0,"max_hp_loss":0,"event_name":"The Cleric","floor":14,"gold_loss":35}],"is_beta":false,"boss_relics":[{"not_picked":["Runic Dome","Fusion Hammer"],"picked":"Black Star"}],"items_purged_floors":[],"is_endless":false,"potions_floor_spawned":[3,10,12,13],"killed_by":"Centurion and Healer","ascension_level":0}}