{"host":"88sw61cmk1203zgj","time":1613103466,"event":{"mods":["BaseMod","Minty Spire (QoL Compilation)"],"gold_per_floor":[117,137,137,153,167,167,167,194,194,194,194,194,210,244,244,244,244],"floor_reached":16,"language":"ENG","playtime":2484,"items_purged":[],"score":182,"play_id":"6bb8acd0-0245-4dd6-a94d-c83d58943700","local_time":"20210211231746","is_ascension_mode":true,"campfire_choices":[{"data":"Blade Dance","floor":6,"key":"SMITH"},{"floor":10,"key":"REST"},{"data":"Cloak And Dagger","floor":12,"key":"SMITH"},{"data":"Backstab","floor":15,"key":"SMITH"}],"circlet_count":0,"master_deck":["AscendersBane","Strike_G","Strike_G","Strike_G","Strike_G","Strike_G","Defend_G","Defend_G","Defend_G","Defend_G","Defend_G","Survivor","Neutralize","Backflip+1","Deadly Poison","Slice","Blade Dance+1","Cloak And Dagger+1","Decay","Backstab+1"],"relics":["Ring of the Snake","NeowsBlessing","Bag of Marbles","White Beast Statue","Blood Vial","Bottled Lightning"],"acts_visited":["Exordium"],"potions_floor_usage":[8,14,16,16],"damage_taken":[{"damage":0,"enemies":"Cultist","floor":1,"turns":1},{"damage":0,"enemies":"Jaw Worm","floor":2,"turns":1},{"damage":0,"enemies":"2 Louse","floor":4,"turns":1},{"damage":12,"enemies":"Lots of Slimes","floor":5,"turns":4},{"damage":31,"enemies":"3 Sentries","floor":8,"turns":9},{"damage":0,"enemies":"3 Louse","floor":13,"turns":3},{"damage":13,"enemies":"Lagavulin","floor":14,"turns":6},{"damage":31,"enemies":"Hexaghost","floor":16,"turns":10}],"seed_played":"2305098752024403381","potions_obtained":[{"floor":2,"key":"DuplicationPotion"},{"floor":4,"key":"Swift Potion"},{"floor":8,"key":"SpeedPotion"},{"floor":14,"key":"ColorlessPotion"}],"is_trial":false,"path_per_floor":["M","M","?","M","M","R","?","E","T","R","?","R","M","E","R","B"],"character_chosen":"THE_SILENT","items_purchased":[],"campfire_rested":1,"item_purchase_floors":[],"current_hp_per_floor":[63,63,63,63,51,51,48,17,17,38,38,38,40,29,29,0,0],"gold":244,"neow_bonus":"THREE_ENEMY_KILL","is_daily":false,"chose_seed":false,"campfire_upgraded":3,"win_rate":0.0,"timestamp":1613103466,"path_taken":["M","M","?","?","?","R","?","E","T","R","?","R","M","E","R","BOSS"],"items_purchased_type":[],"build_version":"2020-12-22","purchased_purges":0,"victory":false,"max_hp_per_floor":[70,70,70,70,70,70,70,70,70,70,70,70,70,70,70,70,70],"card_choices":[{"not_picked":["Acrobatics","Concentrate"],"picked":"Backflip","floor":1},{"not_picked":["Heel Hook","Bane"],"picked":"Deadly Poison","floor":2},{"not_picked":["Prepared","Predator"],"picked":"Slice","floor":4},{"not_picked":["Phantasmal Killer","Choke"],"picked":"Blade Dance","floor":5},{"not_picked":["Tactician","Underhanded Strike"],"picked":"Cloak And Dagger","floor":8},{"not_picked":["Skewer","Blur"],"picked":"Backstab","floor":13},{"not_picked":["Setup","Flying Knee","Blur"],"picked":"SKIP","floor":14}],"player_experience":1575990,"relics_obtained":[{"floor":8,"key":"White Beast Statue"},{"floor":9,"key":"Blood Vial"},{"floor":14,"key":"Bottled Lightning"}],"event_choices":[{"damage_healed":0,"gold_gain":0,"player_choice":"Upgraded","damage_taken":0,"max_hp_gain":0,"max_hp_loss":0,"event_name":"Upgrade Shrine","floor":3,"gold_loss":0,"cards_upgraded":["Backflip"]},{"damage_healed":0,"gold_gain":0,"player_choice":"Success","damage_taken":3,"relics_obtained":["Bag of Marbles"],"max_hp_gain":0,"max_hp_loss":0,"event_name":"Scrap Ooze","floor":7,"gold_loss":0},{"damage_healed":0,"gold_gain":0,"player_choice":"Cursed","damage_taken":0,"max_hp_gain":0,"max_hp_loss":0,"event_name":"Wheel of Change","floor":11,"gold_loss":0,"cards_obtained":["Decay"]}],"is_beta":false,"boss_relics":[],"items_purged_floors":[],"is_endless":false,"potions_floor_spawned":[2,4,8,13,14],"killed_by":"Hexaghost","ascension_level":13}}