{"host":"gaqyve1328ta0etl","time":1613101136,"event":{"mods":["BaseMod","Colored Map","Colored Powertips","Duelist Mod","Googly Eyes","Hero for Fun","Minty Spire (QoL Compilation)","Shop Mod","StSLib","SuperFastMode","The Hierophant","The Runesmith"],"gold_per_floor":[142,242,259,276,118,118,118,118,118,18,18,18,18,49,49,144,144,157,157,169,44,69,98,116,116,116,116,145,157,157,157,157,260,260,272,122,122,141,159,159,173,173,173,173,101,76,76,93,93,93],"floor_reached":51,"language":"ENG","playtime":1287,"items_purged":["theDuelist:Sparks","theDuelist:Sparks","theDuelist:CastleWalls","theDuelist:AquaSpirit"],"score":1141,"play_id":"1b7defa6-abd8-4ac8-adbb-396f951ce6e1","local_time":"20210211193856","is_ascension_mode":true,"campfire_choices":[{"data":"theDuelist:AegisOceanDragon","floor":6,"key":"SMITH"},{"data":"theDuelist:Umi","floor":8,"key":"SMITH"},{"data":"theDuelist:CatShark","floor":13,"key":"SMITH"},{"data":"theDuelist:GamecieltheSeaTurtleKaiju","floor":15,"key":"SMITH"},{"data":"theDuelist:GamecieltheSeaTurtleKaiju+2","floor":25,"key":"SMITH"},{"data":"theDuelist:GamecieltheSeaTurtleKaiju+3","floor":27,"key":"SMITH"},{"data":"theDuelist:GamecieltheSeaTurtleKaiju+4","floor":30,"key":"SMITH"},{"data":"theDuelist:GamecieltheSeaTurtleKaiju+3","floor":32,"key":"SMITH"},{"data":"theDuelist:GamecieltheSeaTurtleKaiju+4","floor":40,"key":"SMITH"},{"data":"theDuelist:MermailAbyssalacia","floor":44,"key":"SMITH"},{"data":"theDuelist:WaterHazard","floor":47,"key":"SMITH"},{"data":"theDuelist:MorayGreed","floor":49,"key":"SMITH"}],"circlet_count":0,"master_deck":["theDuelist:IslandTurtle","theDuelist:IslandTurtle","theDuelist:RevivalJam","theDuelist:AegisOceanDragon+1","theDuelist:Fissure","theDuelist:GraydleSlime","theDuelist:CatShark+1","theDuelist:Umi+1","theDuelist:GamecieltheSeaTurtleKaiju+5","theDuelist:MorayGreed","theDuelist:HammerShot+1","theDuelist:AbyssSoldier+1","theDuelist:GamecieltheSeaTurtleKaiju+5","theDuelist:KoakiMeiruIce","theDuelist:EvigishkiGustkraken+1","theDuelist:MorayGreed+1","theDuelist:MermailAbyssalacia+1","theDuelist:CallAtlanteans","theDuelist:SangaWater+1","theDuelist:WaterHazard+1","theDuelist:RevivalJam","theDuelist:Hyosube+1"],"relics":["theDuelist:MillenniumPuzzle","theDuelist:CardPoolRelic","theDuelist:CardPoolBasicRelic","theDuelist:BoosterPackPoolRelic","theDuelist:CardPoolAddRelic","theDuelist:CardPoolMinusRelic","theDuelist:CardPoolSaveRelic","theDuelist:CardPoolOptionsRelic","NeowsBlessing","Cables","theDuelist:MerchantNecklace","Lantern","Philosopher\u0027s Stone","theDuelist:CursedHealer","Whetstone","theDuelist:YugiMirror","theDuelist:DuelistTeaSet","Empty Cage","Ginger"],"acts_visited":["Exordium","TheCity","TheBeyond"],"potions_floor_usage":[],"damage_taken":[{"damage":0,"enemies":"Small Slimes","floor":1,"turns":1},{"damage":0,"enemies":"Cultist","floor":3,"turns":1},{"damage":0,"enemies":"Jaw Worm","floor":4,"turns":1},{"damage":5,"enemies":"Lagavulin","floor":14,"turns":7},{"damage":39,"enemies":"Slime Boss","floor":16,"turns":13},{"damage":18,"enemies":"2 Thieves","floor":18,"turns":4},{"damage":0,"enemies":"Spheric Guardian","floor":20,"turns":4},{"damage":14,"enemies":"Slavers","floor":23,"turns":6},{"damage":5,"enemies":"Snake Plant","floor":24,"turns":3},{"damage":0,"enemies":"theDuelist:KaibaA2","floor":28,"turns":4},{"damage":0,"enemies":"Centurion and Healer","floor":29,"turns":2},{"damage":0,"enemies":"Collector","floor":33,"turns":5},{"damage":0,"enemies":"3 Shapes","floor":35,"turns":4},{"damage":0,"enemies":"3 Darklings","floor":38,"turns":1},{"damage":0,"enemies":"4 Shapes","floor":39,"turns":3},{"damage":0,"enemies":"Sphere and 2 Shapes","floor":41,"turns":1},{"damage":0,"enemies":"3 Darklings","floor":48,"turns":2},{"damage":0,"enemies":"Donu and Deca","floor":50,"turns":4}],"seed_played":"-5089212249061770934","potions_obtained":[{"floor":1,"key":"theDuelist:BigTributeBottle"},{"floor":29,"key":"theDuelist:OrbBottle"},{"floor":33,"key":"theDuelist:DebuffFuryPotion"}],"is_trial":false,"path_per_floor":["M","?","M","M","$","R","?","R","T","$","?","?","R","E","R","B",null,"M","?","M","$","?","E","M","R","T","R","E","M","R","?","R","B",null,"M","$","?","M","M","R","M","?","T","R","$","$","R","M","R","B",null],"character_chosen":"THE_DUELIST","items_purchased":["theDuelist:CatShark","theDuelist:Umi","theDuelist:WaterHazard","theDuelist:RevivalJam"],"campfire_rested":0,"item_purchase_floors":[5,5,45,46],"current_hp_per_floor":[72,72,72,72,72,72,72,72,72,72,66,66,66,61,61,22,66,48,73,73,73,73,59,54,54,54,54,54,54,54,54,54,54,74,74,74,74,74,74,74,74,74,74,74,74,74,74,74,74,74],"gold":93,"neow_bonus":"THREE_ENEMY_KILL","is_daily":false,"chose_seed":false,"campfire_upgraded":12,"win_rate":0.0,"timestamp":1613101136,"path_taken":["M","?","?","M","$","R","?","R","T","$","?","?","R","E","R","BOSS","M","?","M","$","?","E","M","R","T","R","E","M","R","?","R","BOSS","M","$","?","M","M","R","M","?","T","R","?","$","R","M","R","BOSS"],"items_purchased_type":["Card","Card","Card","Card"],"build_version":"2020-12-22","purchased_purges":4,"victory":true,"max_hp_per_floor":[80,80,80,80,80,80,80,80,80,80,80,80,80,80,80,80,80,80,80,80,80,80,80,80,80,80,80,80,80,80,80,80,80,80,80,80,80,80,80,80,80,80,80,80,80,80,80,80,80,80],"card_choices":[{"not_picked":["theDuelist:SharkStickers","theDuelist:LegendaryOcean","theDuelist:CatapultTurtle"],"picked":"theDuelist:AegisOceanDragon","floor":1},{"not_picked":["theDuelist:LightningVortex","theDuelist:BlizzardDefender","theDuelist:GishkiMarker","theDuelist:HammerShot"],"picked":"theDuelist:Fissure","floor":3},{"not_picked":["theDuelist:AbyssalKingshark","theDuelist:WaterSpirit","theDuelist:HyperancientShark","theDuelist:AquaactressTetra"],"picked":"theDuelist:GraydleSlime","floor":4},{"not_picked":["theDuelist:TorrentialReborn","theDuelist:MermailAbyssalacia","theDuelist:ColdEnchanter","theDuelist:AtlanteanAttackSquad"],"picked":"theDuelist:GamecieltheSeaTurtleKaiju","floor":14},{"not_picked":["theDuelist:TorrentialReborn","theDuelist:GamecieltheSeaTurtleKaiju","theDuelist:DewlorenTigerKing","theDuelist:AtlanteanAttackSquad"],"picked":"theDuelist:MorayGreed","floor":16},{"not_picked":["theDuelist:AquamirrorCycle+1","theDuelist:LegendaryFisherman+1","theDuelist:Reload","theDuelist:FreezingBeast"],"picked":"theDuelist:HammerShot","floor":18},{"not_picked":["theDuelist:FishborgPlanter","theDuelist:WaterSpirit","theDuelist:AquaactressGuppy+1","theDuelist:DewlorenTigerKing"],"picked":"theDuelist:AbyssSoldier+1","floor":20},{"not_picked":["theDuelist:SpearfishSoldier+1","theDuelist:ImperialCustom+1","theDuelist:EvigishkiTetrogre+1","theDuelist:FishRain","theDuelist:Wingedtortoise"],"picked":"SKIP","floor":23},{"not_picked":["theDuelist:FishKicks+1","theDuelist:DiamondDust","theDuelist:FishSwaps+1","theDuelist:BigWaveSmallWave","theDuelist:ColdWave"],"picked":"SKIP","floor":24},{"not_picked":["theDuelist:HydraViper","theDuelist:GiantTurtle","theDuelist:FishSwaps","theDuelist:EagleShark"],"picked":"theDuelist:KoakiMeiruIce","floor":28},{"not_picked":["theDuelist:WhiteAuraWhale+1","theDuelist:FishborgBlaster+1"],"picked":"theDuelist:EvigishkiGustkraken+1","floor":29},{"not_picked":["theDuelist:MermailAbyssalacia","theDuelist:GishkiPsychelone","theDuelist:ColdEnchanter","theDuelist:AtlanteanAttackSquad"],"picked":"theDuelist:MorayGreed","floor":33},{"not_picked":["theDuelist:TorrentialReborn","theDuelist:SeaLordAmulet","theDuelist:DewlorenTigerKing+1","theDuelist:AquaactressArowana+1"],"picked":"theDuelist:MermailAbyssalacia","floor":35},{"not_picked":["theDuelist:SpearfishSoldier+1","theDuelist:GraydleSlime","theDuelist:Dewdark","theDuelist:RageDeepSea+1"],"picked":"theDuelist:CallAtlanteans","floor":38},{"not_picked":["theDuelist:LightningVortex","theDuelist:BlizzardDefender+1","theDuelist:GishkiMarker","theDuelist:HammerShot"],"picked":"theDuelist:SangaWater+1","floor":39},{"not_picked":["theDuelist:ImperialCustom+1","theDuelist:IceHand+1","theDuelist:BubbleBringer+1","theDuelist:KoakiMeiruIce+1"],"picked":"theDuelist:Hyosube+1","floor":41},{"not_picked":["theDuelist:SevenColoredFish+1","theDuelist:ImperialCustom","theDuelist:AmphibiousBugroth","theDuelist:AbyssSoldier+1"],"picked":"theDuelist:Hyosube+1","floor":48}],"player_experience":2143949,"relics_obtained":[{"floor":9,"key":"Cables"},{"floor":14,"key":"Lantern"},{"floor":23,"key":"Whetstone"},{"floor":26,"key":"theDuelist:YugiMirror"},{"floor":28,"key":"theDuelist:DuelistTeaSet"},{"floor":43,"key":"Ginger"}],"event_choices":[{"damage_healed":0,"gold_gain":100,"player_choice":"Pray","damage_taken":0,"max_hp_gain":0,"max_hp_loss":0,"event_name":"Golden Shrine","floor":2,"gold_loss":0},{"damage_healed":0,"gold_gain":0,"player_choice":"Ignored","damage_taken":0,"max_hp_gain":0,"max_hp_loss":0,"event_name":"Liars Game","floor":7,"gold_loss":0},{"damage_healed":0,"gold_gain":0,"player_choice":"Dig - random Duelist relic","duelist":true,"damage_taken":0,"max_hp_gain":0,"max_hp_loss":0,"event_name":"Aknamkanon\u0027s Tomb","floor":11,"gold_loss":0},{"damage_healed":0,"gold_gain":0,"player_choice":"Leave","duelist":true,"damage_taken":0,"max_hp_gain":0,"max_hp_loss":0,"event_name":"Battle City","floor":12,"gold_loss":0},{"damage_healed":0,"gold_gain":0,"player_choice":"Succumb - +25HP/Cursed Relic","duelist":true,"damage_taken":0,"max_hp_gain":0,"max_hp_loss":0,"event_name":"Tomb of the Nameless","floor":19,"gold_loss":0},{"damage_healed":0,"gold_gain":0,"player_choice":"Sold 7-Colored Fish for 25 Gold.","duelist":true,"damage_taken":0,"max_hp_gain":0,"max_hp_loss":0,"event_name":"Card Trader","floor":22,"gold_loss":0},{"damage_healed":0,"gold_gain":0,"player_choice":"Leave","duelist":true,"damage_taken":0,"max_hp_gain":0,"max_hp_loss":0,"event_name":"Millennium Items","floor":31,"gold_loss":0},{"damage_healed":0,"gold_gain":0,"player_choice":"Ignored","damage_taken":0,"max_hp_gain":0,"max_hp_loss":0,"event_name":"Mysterious Sphere","floor":37,"gold_loss":0},{"cards_removed":["theDuelist:Hyosube"],"damage_healed":0,"gold_gain":0,"player_choice":"Removed Skill","damage_taken":0,"max_hp_gain":0,"max_hp_loss":0,"event_name":"Falling","floor":42,"gold_loss":0}],"is_beta":false,"boss_relics":[{"not_picked":["Velvet Choker","SlaversCollar"],"picked":"Philosopher\u0027s Stone"},{"not_picked":["theDuelist:ElectricKey","Snecko Eye"],"picked":"Empty Cage"}],"items_purged_floors":[5,10,21,36],"is_endless":false,"potions_floor_spawned":[1,29,33,38,39],"ascension_level":8}}