{"host":"hf8wn58z41rkrmnq","time":1613170486,"event":{"mods":["BaseMod","Better Third Choice","BetterRewards","Colored Map","Colored Powertips","Infinite Spire","Minty Spire (QoL Compilation)","Relic Sorter","Relic Stats","Replay The Spire","Spicy Shops","StSLib"],"gold_per_floor":[118,118,128,142,142,154,154,154,180,199,210,230,37,37,133,236,236,256,38,38,38,38,38,38,79,79,79,79,119,119,119,119],"floor_reached":31,"language":"ENG","playtime":1784,"items_purged":["Defend_P"],"score":341,"play_id":"d4b8dad2-0bf7-480f-a496-0fdc78b5f56a","local_time":"20210212175446","is_ascension_mode":true,"campfire_choices":[{"data":"FlurryOfBlows","floor":7,"key":"SMITH"},{"data":"Wish","floor":23,"key":"SMITH"},{"floor":27,"key":"REST"}],"circlet_count":0,"master_deck":["Eruption+1","Vigilance","Wallop","FlurryOfBlows+1","FlurryOfBlows","Writhe","Wish+1","EmptyFist+1","LikeWater+1","Judgement","Brilliance","Pray","infinitespire:Fortify","Necronomicurse","Study","Regret"],"relics":["PureWater","Sundial","Blue Doll","Membership Card","Kunai","Ring of Fury","Black Star","Replay:Ringing Soul","Necronomicon","Replay:Purple Gloves","infinitespire:Bottled Soul"],"acts_visited":["Exordium","TheCity"],"potions_floor_usage":[12,16],"damage_taken":[{"damage":0,"enemies":"Small Slimes","floor":1,"turns":3},{"damage":0,"enemies":"Cultist","floor":3,"turns":3},{"damage":0,"enemies":"2 Louse","floor":4,"turns":2},{"damage":3,"enemies":"Blue Slaver","floor":6,"turns":3},{"damage":0,"enemies":"2 Fungi Beasts","floor":10,"turns":2},{"damage":2,"enemies":"Large Slime","floor":11,"turns":3},{"damage":0,"enemies":"Exordium Wildlife","floor":12,"turns":4},{"damage":12,"enemies":"Slime Boss","floor":16,"turns":3},{"damage":18,"enemies":"Spheric Guardian","floor":18,"turns":5},{"damage":15,"enemies":"2 Thieves","floor":25,"turns":5},{"damage":44,"enemies":"Snake Plant","floor":29,"turns":5},{"damage":9,"enemies":"Snecko","floor":31,"turns":3}],"seed_played":"-2100703182938931614","potions_obtained":[{"floor":1,"key":"Death Potion"},{"floor":6,"key":"Block Potion"},{"floor":29,"key":"BottledMiracle"}],"is_trial":false,"path_per_floor":["M","?","M","M","T","M","R","?","T","M","M","M","$","?","R_BF","B",null,"M","$","?","?","?","R","?","M","T","R","?","M","AVR","M"],"character_chosen":"WATCHER","items_purchased":["Membership Card","Kunai","Replay:Ringing Soul","LikeWater+1","Judgement"],"campfire_rested":1,"item_purchase_floors":[13,13,19,19,19],"current_hp_per_floor":[72,72,72,72,72,69,69,69,69,69,67,67,67,67,67,55,72,54,57,60,43,43,43,30,18,18,44,47,3,3,0,0],"gold":119,"neow_bonus":"TRANSFORM_CARD","is_daily":false,"chose_seed":false,"campfire_upgraded":2,"win_rate":0.0,"timestamp":1613170486,"path_taken":["M","?","M","?","?","M","R","?","T","M","M","M","$","?","R_BF","BOSS","M","$","?","?","?","R","?","M","T","R","?","?","AVR","M"],"items_purchased_type":["Relic","Relic","Relic","Card","Card"],"build_version":"2020-12-22","purchased_purges":1,"victory":false,"max_hp_per_floor":[72,72,72,72,72,72,72,72,72,72,72,72,72,72,72,72,72,72,75,78,81,81,81,84,87,87,87,90,90,90,90,90],"relic_stats":{"counters":[12,41],"Sundial":[6],"Black Star":0,"Necronomicon":[4],"Kunai":[7],"obtain_stats":[{"Replay:Ringing Soul":19,"Sundial":5,"infinitespire:Bottled Soul":28,"Replay:Purple Gloves":26,"Blue Doll":9,"Ring of Fury":14,"Black Star":17,"Necronomicon":24,"Membership Card":13,"Kunai":13,"PureWater":0},{"Replay:Ringing Soul":9,"Sundial":3,"infinitespire:Bottled Soul":10,"Replay:Purple Gloves":10,"Blue Doll":4,"Ring of Fury":7,"Black Star":8,"Necronomicon":9,"Membership Card":7,"Kunai":7,"PureWater":0},{"Replay:Ringing Soul":28,"Sundial":8,"infinitespire:Bottled Soul":33,"Replay:Purple Gloves":33,"Blue Doll":11,"Ring of Fury":20,"Black Star":23,"Necronomicon":28,"Membership Card":20,"Kunai":20,"PureWater":0}]},"card_choices":[{"not_picked":["FearNoEvil","Replay:Hum","Replay:AtTheReady"],"picked":"SKIP","floor":1},{"not_picked":["FollowUp","Replay:BluntJabs","DeceiveReality"],"picked":"SKIP","floor":3},{"not_picked":["Replay:ManipulateFuture","ClearTheMind"],"picked":"FlurryOfBlows","floor":4},{"not_picked":["BowlingBash","DeusExMachina"],"picked":"FlurryOfBlows","floor":6},{"not_picked":["PathToVictory","TalkToTheHand","Swivel"],"picked":"SKIP","floor":10},{"not_picked":["MentalFortress","DeceiveReality","ClearTheMind"],"picked":"SKIP","floor":11},{"not_picked":["Replay:ManipulateFuture","Replay:LoomingThreat","JustLucky"],"picked":"SKIP","floor":12},{"not_picked":["SpiritShield","Vault"],"picked":"Wish","floor":16},{"not_picked":["Halt+1","ThirdEye"],"picked":"EmptyFist+1","floor":18},{"not_picked":["infinitespire:NeuralNetwork","infinitespire:UltimateForm"],"picked":"infinitespire:Fortify","floor":21},{"not_picked":["EmptyMind+1","Perseverance"],"picked":"Study","floor":25},{"not_picked":["Replay:AtTheReady","SashWhip+1","Perseverance"],"picked":"SKIP","floor":29}],"player_experience":252613,"relics_obtained":[{"floor":5,"key":"Sundial"},{"floor":9,"key":"Blue Doll"},{"floor":14,"key":"Ring of Fury"},{"floor":24,"key":"Necronomicon"},{"floor":26,"key":"Replay:Purple Gloves"}],"event_choices":[{"damage_healed":0,"gold_gain":0,"player_choice":"Upgraded","damage_taken":0,"max_hp_gain":0,"max_hp_loss":0,"event_name":"Upgrade Shrine","floor":2,"gold_loss":0,"cards_upgraded":["Eruption"]},{"damage_healed":0,"gold_gain":0,"cards_transformed":["Defend_P","Strike_P"],"player_choice":"Became Test Subject","damage_taken":0,"max_hp_gain":0,"max_hp_loss":0,"event_name":"Drug Dealer","floor":20,"gold_loss":0,"cards_obtained":["Brilliance","Pray"]},{"damage_healed":0,"gold_gain":0,"player_choice":"Materialism","damage_taken":0,"max_hp_gain":0,"max_hp_loss":4,"event_name":"betterThird:BetterWriting","floor":22,"gold_loss":0},{"damage_healed":0,"gold_gain":0,"player_choice":"Obtained Book","damage_taken":16,"max_hp_gain":0,"max_hp_loss":0,"event_name":"Cursed Tome","floor":24,"gold_loss":0}],"is_beta":false,"boss_relics":[{"not_picked":["Tiny House","Empty Cage"],"picked":"Black Star"}],"items_purged_floors":[19],"is_endless":false,"potions_floor_spawned":[1,6,29],"killed_by":"Snecko","ascension_level":3}}