{"host":"4eao2pkwlmv012cz","time":1613117999,"event":{"mods":["BaseMod","Colored Powertips","Minty Spire (QoL Compilation)","Permanent Neow","Quick Restart","Random Character Button","StSLib"],"gold_per_floor":[366,366,382,35,52,52,52,79,129,129,140,56,56,74,74,151,151,151,151,151],"floor_reached":19,"language":"ENG","playtime":723,"items_purged":["Strike_B"],"score":334,"play_id":"25277f92-5089-4c5a-82d5-29ed4fe5f1f1","local_time":"20210212031959","is_ascension_mode":true,"campfire_choices":[{"floor":6,"key":"REST"},{"data":"Zap","floor":13,"key":"SMITH"},{"data":"Force Field","floor":15,"key":"SMITH"}],"circlet_count":0,"master_deck":["AscendersBane","Strike_B","Strike_B","Defend_B","Defend_B","Defend_B","Defend_B","Zap+1","Dualcast","Coolheaded","Static Discharge","Sweeping Beam","Buffer","Force Field+1","Conserve Battery","Loop","Parasite","Cold Snap","Glacier","Thunder Strike","Echo Form","Force Field"],"relics":["Cracked Core","Bag of Preparation","Meat on the Bone","MealTicket","Ectoplasm"],"acts_visited":["Exordium","TheCity"],"potions_floor_usage":[16,18],"damage_taken":[{"damage":4,"enemies":"2 Louse","floor":1,"turns":3},{"damage":2,"enemies":"Jaw Worm","floor":3,"turns":4},{"damage":5,"enemies":"Small Slimes","floor":5,"turns":5},{"damage":44,"enemies":"Gremlin Nob","floor":8,"turns":6},{"damage":2,"enemies":"Red Slaver","floor":11,"turns":5},{"damage":9,"enemies":"Exordium Thugs","floor":14,"turns":7},{"damage":12,"enemies":"The Guardian","floor":16,"turns":15},{"damage":20,"enemies":"3 Byrds","floor":18,"turns":5},{"damage":38,"enemies":"Masked Bandits","floor":19,"turns":3}],"seed_played":"319212937138644381","potions_obtained":[{"floor":8,"key":"Block Potion"},{"floor":16,"key":"GamblersBrew"}],"is_trial":false,"path_per_floor":["M","?","M","$","M","R","?","E","T","?","M","$","R","M","R","B",null,"M","?"],"character_chosen":"DEFECT","items_purchased":["Sweeping Beam","Buffer","Force Field","Glacier"],"campfire_rested":1,"item_purchase_floors":[4,4,4,12],"current_hp_per_floor":[60,42,40,40,35,54,47,3,3,19,29,44,44,35,35,35,57,37,0,0],"gold":151,"neow_bonus":"TWO_FIFTY_GOLD","is_daily":false,"chose_seed":false,"campfire_upgraded":2,"win_rate":0.0,"timestamp":1613117999,"path_taken":["M","?","M","$","M","R","?","E","T","?","M","?","R","M","R","BOSS","M","?"],"items_purchased_type":["Card","Card","Card","Card"],"build_version":"2020-12-22","purchased_purges":1,"victory":false,"max_hp_per_floor":[64,64,64,64,64,64,64,64,64,64,64,64,64,64,64,64,64,64,64,64],"card_choices":[{"not_picked":["Turbo","Steam"],"picked":"Coolheaded","floor":1},{"not_picked":["Double Energy","BootSequence"],"picked":"Static Discharge","floor":3},{"not_picked":["Redo","Turbo"],"picked":"Conserve Battery","floor":5},{"not_picked":["Conserve Battery","Turbo"],"picked":"Loop","floor":8},{"not_picked":["Blizzard","Leap"],"picked":"Cold Snap","floor":11},{"not_picked":["Ball Lightning","Cold Snap"],"picked":"Thunder Strike","floor":14},{"not_picked":["Buffer","Seek"],"picked":"Echo Form","floor":16},{"not_picked":["Conserve Battery","Hello World"],"picked":"Force Field","floor":18}],"player_experience":2927163,"relics_obtained":[{"floor":8,"key":"Meat on the Bone"},{"floor":9,"key":"MealTicket"}],"event_choices":[{"damage_healed":0,"gold_gain":0,"player_choice":"Success","damage_taken":18,"relics_obtained":["Bag of Preparation"],"max_hp_gain":0,"max_hp_loss":0,"event_name":"Scrap Ooze","floor":2,"gold_loss":0},{"cards_removed":["Strike_B"],"damage_healed":0,"gold_gain":0,"player_choice":"Card Removal","damage_taken":7,"max_hp_gain":0,"max_hp_loss":0,"event_name":"Golden Wing","floor":7,"gold_loss":0},{"damage_healed":16,"gold_gain":0,"player_choice":"Healed and dodged fight","damage_taken":0,"max_hp_gain":0,"max_hp_loss":0,"event_name":"Mushrooms","floor":10,"gold_loss":0,"cards_obtained":["Parasite"]},{"damage_healed":0,"gold_gain":0,"player_choice":"Fought Bandits","damage_taken":0,"max_hp_gain":0,"max_hp_loss":0,"event_name":"Masked Bandits","floor":19,"gold_loss":0}],"is_beta":false,"boss_relics":[{"not_picked":["Empty Cage","Runic Dome"],"picked":"Ectoplasm"}],"items_purged_floors":[4],"is_endless":false,"potions_floor_spawned":[8,16],"killed_by":"Masked Bandits","ascension_level":20}}