{"host":"4epvxsx6d4oxmc67","time":1613110499,"event":{"mods":["AchievementEnabler","BaseMod","Colored Map","Highlight Path","Minty Spire (QoL Compilation)"],"gold_per_floor":[118,9,23,35,54,81,81,115,190,190,42,74,74,93,93,195,195,210,222,137,156,176,176,176,176],"floor_reached":24,"language":"ENG","playtime":1188,"items_purged":["Doubt","Defend_P"],"score":254,"play_id":"8c3729b9-ba4f-4a87-bc4a-9d106b68abb4","local_time":"20210212061459","is_ascension_mode":true,"campfire_choices":[{"floor":7.0,"key":"REST"},{"floor":15.0,"key":"REST"},{"data":"DevaForm","floor":23,"key":"SMITH"}],"circlet_count":0,"master_deck":["Strike_P+1","Strike_P+1","Strike_P","Strike_P","Defend_P","Defend_P","Defend_P","Eruption","Vigilance","Protect","SandsOfTime","Worship","SashWhip","CarveReality","DevaForm+1","WreathOfFlame","Halt","PathToVictory","TalkToTheHand","LessonLearned","Vengeance+1","CrushJoints+1","BowlingBash","Tantrum+1"],"relics":["PureWater","Mango","Unceasing Top","Matryoshka","PreservedInsect","Whetstone","Ice Cream","Black Star","Regal Pillow"],"acts_visited":["Exordium","TheCity"],"potions_floor_usage":[21],"damage_taken":[{"damage":14.0,"enemies":"Cultist","floor":1.0,"turns":4.0},{"damage":12.0,"enemies":"2 Louse","floor":3.0,"turns":4.0},{"damage":0.0,"enemies":"Small Slimes","floor":4.0,"turns":3.0},{"damage":9.0,"enemies":"Red Slaver","floor":5.0,"turns":5.0},{"damage":14.0,"enemies":"Lagavulin","floor":6.0,"turns":4.0},{"damage":40.0,"enemies":"Gremlin Nob","floor":8.0,"turns":5.0},{"damage":6.0,"enemies":"Lagavulin","floor":12.0,"turns":6.0},{"damage":11.0,"enemies":"Blue Slaver","floor":14.0,"turns":4.0},{"damage":21.0,"enemies":"The Guardian","floor":16.0,"turns":8.0},{"damage":12.0,"enemies":"Shell Parasite","floor":18.0,"turns":7.0},{"damage":19.0,"enemies":"2 Thieves","floor":19.0,"turns":4.0},{"damage":4,"enemies":"Snecko","floor":21,"turns":3},{"damage":4,"enemies":"Chosen and Byrds","floor":22,"turns":6},{"damage":64,"enemies":"Book of Stabbing","floor":24,"turns":4}],"seed_played":"6176831450093922812","potions_obtained":[{"floor":1.0,"key":"Ambrosia"},{"floor":3.0,"key":"Strength Potion"},{"floor":12.0,"key":"Strength Potion"},{"floor":14.0,"key":"Energy Potion"},{"floor":19.0,"key":"Block Potion"}],"is_trial":false,"path_per_floor":["M","$","M","M","M","E","R","E","T","?","$","E","?","M","R","B",null,"M","M","?","M","M","R","E"],"character_chosen":"WATCHER","items_purchased":["SandsOfTime","Halt"],"campfire_rested":2,"item_purchase_floors":[2,11],"current_hp_per_floor":[72,72,60,60,51,51,81,41,41,41,41,35,28,17,47,26,100,88,69,69,65,61,61,0,0],"gold":176,"neow_bonus":"TWENTY_PERCENT_HP_BONUS","is_daily":false,"chose_seed":false,"campfire_upgraded":1,"win_rate":0.0,"timestamp":1613110499,"path_taken":["M","$","M","?","M","E","R","E","T","?","?","E","?","M","R","BOSS","M","M","?","M","M","R","E"],"items_purchased_type":["Card","Card"],"build_version":"2020-12-22","purchased_purges":2,"victory":false,"max_hp_per_floor":[86,86,86,86,86,100,100,100,100,100,100,100,100,100,100,100,100,100,100,100,100,100,100,100,100],"card_choices":[{"not_picked":["Consecrate","CrushJoints"],"picked":"Protect","floor":1.0},{"not_picked":["Vengeance","CrushJoints"],"picked":"Worship","floor":3.0},{"not_picked":["Consecrate","ThirdEye"],"picked":"SashWhip","floor":4.0},{"not_picked":["Prostrate","Worship"],"picked":"CarveReality","floor":5.0},{"not_picked":["EmptyBody","EmptyFist"],"picked":"DevaForm","floor":6.0},{"not_picked":["ForeignInfluence","CrushJoints"],"picked":"WreathOfFlame","floor":8.0},{"not_picked":["Consecrate","EmptyFist"],"picked":"PathToVictory","floor":12.0},{"not_picked":["Consecrate","FlurryOfBlows"],"picked":"TalkToTheHand","floor":14.0},{"not_picked":["Scrawl","Establishment"],"picked":"LessonLearned","floor":16.0},{"not_picked":["FollowUp","Crescendo+1"],"picked":"Vengeance+1","floor":18.0},{"not_picked":["Perseverance","Halt"],"picked":"CrushJoints+1","floor":19.0},{"not_picked":["ThirdEye","Pray"],"picked":"BowlingBash","floor":21},{"not_picked":["WheelKick","CrushJoints"],"picked":"Tantrum+1","floor":22}],"player_experience":99590,"relics_obtained":[{"floor":6.0,"key":"Mango"},{"floor":8.0,"key":"Unceasing Top"},{"floor":9.0,"key":"Matryoshka"},{"floor":10.0,"key":"PreservedInsect"},{"floor":12.0,"key":"Whetstone"}],"event_choices":[{"damage_healed":0.0,"max_hp_gain":0.0,"max_hp_loss":0.0,"gold_gain":0.0,"event_name":"Wheel of Change","player_choice":"Relic","floor":10.0,"gold_loss":0.0,"damage_taken":0.0},{"damage_healed":0.0,"max_hp_gain":0.0,"max_hp_loss":0.0,"gold_gain":0.0,"event_name":"Scrap Ooze","player_choice":"Success","floor":13.0,"gold_loss":0.0,"damage_taken":7.0,"relics_obtained":["Ice Cream"]},{"damage_healed":0.0,"max_hp_gain":0.0,"max_hp_loss":0.0,"gold_gain":0.0,"event_name":"Addict","player_choice":"Obtained Relic","floor":20.0,"gold_loss":85.0,"damage_taken":0.0,"relics_obtained":["Regal Pillow"]}],"is_beta":false,"boss_relics":[{"not_picked":["Fusion Hammer","Velvet Choker"],"picked":"Black Star"}],"items_purged_floors":[2,11],"is_endless":false,"potions_floor_spawned":[1,3,12,14,19],"killed_by":"Book of Stabbing","ascension_level":1}}