{"host":"6nqy62k7v1jh46lb","time":1613164977,"event":{"mods":["AchievementEnabler","BaseMod","Bestiary","Block Reminder","Colored Powertips","Highlight Path","Minty Spire (QoL Compilation)","Relic Stats"],"gold_per_floor":[109,10,27,45,72,72,87,87,87,113,113,125,153,165,165,264,264,278,289,289,289,317,317,328,328,352,352,352,369,387,404,404,404,404],"floor_reached":33,"language":"ENG","playtime":3138,"items_purged":[],"score":285,"play_id":"95c39092-c868-486e-9df6-c4b89b597f72","local_time":"20210212222257","is_ascension_mode":true,"campfire_choices":[{"data":"Flex","floor":6.0,"key":"SMITH"},{"floor":15.0,"key":"REST"},{"floor":23.0,"key":"REST"},{"floor":25.0,"key":"REST"},{"floor":32,"key":"REST"}],"circlet_count":0,"master_deck":["Strike_R","Strike_R","Strike_R","Strike_R","Defend_R","Defend_R","Defend_R","Defend_R","Bash","Flash of Steel","Flex","Flex+1","Rage+1","Anger","Dropkick+1","Twin Strike","Metallicize","Shockwave","Sword Boomerang","Juggernaut","Armaments+1","Double Tap","Heavy Blade","Warcry+1","Entrench+1","Heavy Blade","Anger","Shrug It Off+1"],"relics":["Burning Blood","Tiny Chest","Girya","Question Card","Letter Opener","SacredBark","Toxic Egg 2","Red Mask","Akabeko","Lizard Tail"],"acts_visited":["Exordium","TheCity"],"potions_floor_usage":[31],"damage_taken":[{"damage":6.0,"enemies":"Cultist","floor":1.0,"turns":3.0},{"damage":7.0,"enemies":"Jaw Worm","floor":3.0,"turns":3.0},{"damage":0.0,"enemies":"Small Slimes","floor":4.0,"turns":3.0},{"damage":16.0,"enemies":"2 Fungi Beasts","floor":7.0,"turns":4.0},{"damage":30.0,"enemies":"Gremlin Nob","floor":10.0,"turns":5.0},{"damage":8.0,"enemies":"Looter","floor":12.0,"turns":2.0},{"damage":28.0,"enemies":"Lagavulin","floor":13.0,"turns":6.0},{"damage":4.0,"enemies":"Lots of Slimes","floor":14.0,"turns":4.0},{"damage":25.0,"enemies":"Slime Boss","floor":16.0,"turns":9.0},{"damage":14.0,"enemies":"Chosen","floor":18.0,"turns":5.0},{"damage":17.0,"enemies":"Spheric Guardian","floor":19.0,"turns":4.0},{"damage":32.0,"enemies":"Masked Bandits","floor":22.0,"turns":5.0},{"damage":33.0,"enemies":"Snecko","floor":24.0,"turns":6.0},{"damage":48.0,"enemies":"Shelled Parasite and Fungi","floor":29.0,"turns":5.0},{"damage":28.0,"enemies":"Centurion and Healer","floor":30.0,"turns":8.0},{"damage":38,"enemies":"Snecko","floor":31,"turns":6},{"damage":37,"enemies":"Champ","floor":33,"turns":11}],"seed_played":"1244704590039187914","potions_obtained":[{"floor":1.0,"key":"Strength Potion"},{"floor":7.0,"key":"Weak Potion"},{"floor":14.0,"key":"Dexterity Potion"},{"floor":16.0,"key":"Dexterity Potion"},{"floor":18.0,"key":"Swift Potion"},{"floor":30.0,"key":"Block Potion"},{"floor":31,"key":"DuplicationPotion"}],"is_trial":false,"path_per_floor":["M","$","M","M","T","R","M","?","T","E","?","M","E","M","R","B",null,"M","M","T","?","?","R","M","R","T","?","T","M","M","M","R","B"],"character_chosen":"IRONCLAD","items_purchased":["Flex","BloodPotion"],"campfire_rested":4,"item_purchase_floors":[2,2],"current_hp_per_floor":[80,80,79,80,80,80,70,75,75,51,34,32,27,29,54,35,85,77,66,66,66,40,65,38,63,63,63,63,21,41,9,34,0,0],"gold":404,"neow_bonus":"RANDOM_COLORLESS","is_daily":false,"chose_seed":false,"campfire_upgraded":1,"win_rate":0.0,"timestamp":1613164977,"path_taken":["M","$","M","M","?","R","?","?","T","E","?","M","E","M","R","BOSS","M","M","?","?","?","R","M","R","T","?","?","M","?","M","R","BOSS"],"items_purchased_type":["Card","Potion"],"build_version":"2020-12-22","purchased_purges":0,"victory":false,"max_hp_per_floor":[80,80,80,80,80,80,80,85,85,85,85,85,85,85,85,85,85,85,85,85,85,85,85,85,85,85,85,85,85,85,85,85,85,85],"relic_stats":{"Lizard Tail":42,"counters":[17,89],"Tiny Chest":2,"Letter Opener":[92],"Question Card":11,"obtain_stats":[{"Girya":9,"Lizard Tail":28,"SacredBark":17,"Tiny Chest":5,"Red Mask":22,"Letter Opener":13,"Toxic Egg 2":20,"Question Card":10,"Burning Blood":0,"Akabeko":26},{"Girya":4,"Lizard Tail":13,"SacredBark":9,"Tiny Chest":3,"Red Mask":12,"Letter Opener":7,"Toxic Egg 2":11,"Question Card":5,"Burning Blood":0,"Akabeko":13},{"Girya":13,"Lizard Tail":59,"SacredBark":39,"Tiny Chest":9,"Red Mask":53,"Letter Opener":26,"Toxic Egg 2":48,"Question Card":18,"Burning Blood":0,"Akabeko":59}],"Burning Blood":91},"card_choices":[{"not_picked":["Madness","Discovery"],"picked":"Flash of Steel","floor":0.0},{"not_picked":["Pommel Strike","Clothesline"],"picked":"Flex","floor":1.0},{"not_picked":["Carnage","Headbutt"],"picked":"Rage","floor":3.0},{"not_picked":["Perfected Strike","Body Slam"],"picked":"Anger","floor":4.0},{"not_picked":["Armaments","Reckless Charge"],"picked":"Dropkick","floor":7.0},{"not_picked":["Immolate","Rupture"],"picked":"Twin Strike","floor":10.0},{"not_picked":["Intimidate","Headbutt","Whirlwind"],"picked":"Metallicize","floor":12.0},{"not_picked":["Dropkick","Clash","Warcry"],"picked":"Shockwave","floor":13.0},{"not_picked":["Second Wind","Clash","Flex"],"picked":"Sword Boomerang","floor":14.0},{"not_picked":["Fiend Fire","Limit Break","Demon Form"],"picked":"Juggernaut","floor":16.0},{"not_picked":["Infernal Blade","Sword Boomerang","Perfected Strike"],"picked":"Armaments+1","floor":18.0},{"not_picked":["Reckless Charge+1","Anger","Clash+1"],"picked":"Double Tap","floor":19.0},{"not_picked":["Iron Wave","Headbutt","Perfected Strike"],"picked":"Warcry+1","floor":22.0},{"not_picked":["Clothesline","Shrug It Off+1","Infernal Blade+1"],"picked":"Entrench+1","floor":24.0},{"not_picked":["Thunderclap+1","Shockwave+1","Pommel Strike"],"picked":"Heavy Blade","floor":29.0},{"not_picked":["Twin Strike+1","Infernal Blade+1","Bloodletting+1"],"picked":"Anger","floor":30.0},{"not_picked":["Fiend Fire","Armaments+1","Cleave"],"picked":"Shrug It Off+1","floor":31}],"player_experience":199532,"relics_obtained":[{"floor":5.0,"key":"Tiny Chest"},{"floor":9.0,"key":"Girya"},{"floor":10.0,"key":"Question Card"},{"floor":13.0,"key":"Letter Opener"},{"floor":20.0,"key":"Toxic Egg 2"},{"floor":22.0,"key":"Red Mask"},{"floor":26.0,"key":"Akabeko"},{"floor":28.0,"key":"Lizard Tail"}],"event_choices":[{"damage_healed":0.0,"max_hp_gain":5.0,"max_hp_loss":0.0,"gold_gain":0.0,"event_name":"Big Fish","player_choice":"Donut","floor":8.0,"gold_loss":0.0,"damage_taken":0.0},{"damage_healed":0.0,"max_hp_gain":0.0,"max_hp_loss":0.0,"gold_gain":0.0,"event_name":"Shining Light","player_choice":"Entered Light","floor":11.0,"gold_loss":0.0,"damage_taken":17.0,"cards_upgraded":["Dropkick","Rage"]},{"damage_healed":0.0,"max_hp_gain":0.0,"max_hp_loss":0.0,"gold_gain":0.0,"event_name":"The Library","player_choice":"Read","floor":21.0,"gold_loss":0.0,"damage_taken":0.0,"cards_obtained":["Heavy Blade"]},{"damage_healed":0.0,"max_hp_gain":0.0,"max_hp_loss":0.0,"gold_gain":0.0,"event_name":"Masked Bandits","player_choice":"Fought Bandits","floor":22.0,"gold_loss":0.0,"damage_taken":0.0},{"cards_removed":["Strike_R"],"damage_healed":0.0,"max_hp_gain":0.0,"max_hp_loss":0.0,"gold_gain":0.0,"event_name":"Back to Basics","player_choice":"Elegance","floor":27.0,"gold_loss":0.0,"damage_taken":0.0}],"is_beta":false,"boss_relics":[{"not_picked":["Coffee Dripper","Cursed Key"],"picked":"SacredBark"}],"items_purged_floors":[],"is_endless":false,"potions_floor_spawned":[1,7,14,16,18,30,31],"killed_by":"Champ","ascension_level":2}}