{"host":"d73an99q9oevilk5","time":1613146418,"event":{"mods":["2.2 Compatiblity","AchievementEnabler","Act Like it!","Aspiration","BaseMod","Beaked The Cultist","Better Third Choice","BetterRewards","Colored Map","Colored Powertips","Conspire","Downfall","GifTheSpireLib","GungeonMod","Halation","Hubris","Infinite Spire","Marisa????????","Mimic Mod","Minty Spire (QoL Compilation)","Quick Restart","Relic Sorter","Reliquary","Replay The Spire","Shop Mod","Spikes Relics","StSLib","Stuff the Spire","The Bug Knight","The Cursed","The Jungle","The Necromancer","The Saiyan","Waifu the Spire","egg","slay the spire mod where everything is the same but ironclad has a cowboy hat"],"gold_per_floor":[110,110,120,137,137,137,169,179,203,303,334,334,93,104,104,199,199,218,228,248,128,128,128,160,160,207,207,227,227,243,254,254,351,351,363,363,363,376,232,262,262,288,362,362,362,376,388,417,417,417],"floor_reached":51,"language":"ENG","playtime":2002,"items_purged":[],"score":1040,"play_id":"816bc9cb-49a1-4a3f-9b62-f78b3bc49ede","local_time":"20210212091338","is_ascension_mode":false,"campfire_choices":[{"data":"StuffTheSpire:Synthwave","floor":6.0,"key":"SMITH"},{"data":"BootSequence","floor":12.0,"key":"SMITH"},{"floor":25.0,"key":"REST"},{"data":"Defragment","floor":27.0,"key":"SMITH"},{"data":"Buffer","floor":29.0,"key":"SMITH"},{"floor":32.0,"key":"REST"},{"data":"Defragment","floor":41.0,"key":"SMITH"},{"data":"Tempest","floor":44.0,"key":"SMITH"},{"data":"FIFO Queue","floor":49.0,"key":"SMITH"}],"circlet_count":0,"master_deck":["Strike_B","Strike_B","Strike_B","Strike_B","Defend_B","Defend_B","Defend_B","Zap","Dualcast+1","StuffTheSpire:Synthwave+1","FIFO Queue+1","StuffTheSpire:DeathNote","StuffTheSpire:Coldhearted","Go for the Eyes","BasicCrystalCard+1","BootSequence+1","Leap","Defragment+1","BasicCrystalCard+1","Glacier","Buffer+1","Panic Button+1","Lockon+1","Tempest+1","Barrage","Chill+1","Amplify","Defragment+1","Reboot","StuffTheSpire:Coldhearted+1","Barrage+1"],"relics":["Cracked Core","DemoMod:PoisonVial","hubris:Potato","infinitespire:Golems Mask","Replay:Wax Seal","Geode","Gremlin Food","Busted Crown","aspiration:FrozenJewel","StuffTheSpire:Nightcore","StuffTheSpire:Mouthbags","ChewingGum","reliquary:Stiletto","SuspiciousGoo","hubris:TenFootPole","LugNut","halation:PinkSoulGem","Dead Branch"],"acts_visited":["Exordium","Exordium","TheBeyond"],"potions_floor_usage":[50,50],"damage_taken":[{"damage":13.0,"enemies":"Jaw Worm","floor":1.0,"turns":4.0},{"damage":0.0,"enemies":"Cultist","floor":3.0,"turns":3.0},{"damage":0.0,"enemies":"Small Slimes","floor":4.0,"turns":3.0},{"damage":14.0,"enemies":"3 Sentries","floor":7.0,"turns":7.0},{"damage":4.0,"enemies":"Looter","floor":8.0,"turns":3.0},{"damage":19.0,"enemies":"Gremlin Nob","floor":11.0,"turns":4.0},{"damage":0.0,"enemies":"Lots of Slimes","floor":14.0,"turns":4.0},{"damage":13.0,"enemies":"Slime Boss","floor":16.0,"turns":10.0},{"damage":11.0,"enemies":"theJungle:GiantWrat","floor":18.0,"turns":5.0},{"damage":5.0,"enemies":"Shell Parasite","floor":19.0,"turns":8.0},{"damage":10.0,"enemies":"theJungle:Snecko_Cultist_And_Trap","floor":20.0,"turns":6.0},{"damage":20.0,"enemies":"theJungle:2_Phrogs","floor":24.0,"turns":9.0},{"damage":13.0,"enemies":"theJungle:SlimyTreeVines","floor":28.0,"turns":4.0},{"damage":0.0,"enemies":"theJungle:Lyon","floor":30.0,"turns":4.0},{"damage":2.0,"enemies":"theJungle:2_Snecko_Cultists","floor":31.0,"turns":5.0},{"damage":45.0,"enemies":"theJungle:TotemBoss","floor":33.0,"turns":14.0},{"damage":0.0,"enemies":"Orb Walker","floor":35.0,"turns":5.0},{"damage":0.0,"enemies":"3 Shapes","floor":38.0,"turns":5.0},{"damage":0.0,"enemies":"Giant Head","floor":40.0,"turns":6.0},{"damage":0.0,"enemies":"HollowMod:StalkingDevout","floor":42.0,"turns":6.0},{"damage":2.0,"enemies":"Maw","floor":46.0,"turns":6.0},{"damage":6.0,"enemies":"4 Shapes","floor":47.0,"turns":8.0},{"damage":0.0,"enemies":"Reptomancer","floor":48.0,"turns":5.0},{"damage":7,"enemies":"conspire:OrnateMirror","floor":50,"turns":9}],"seed_played":"7785164098640227385","potions_obtained":[{"floor":4.0,"key":"LiquidBronze"},{"floor":7.0,"key":"SpeedPotion"},{"floor":8.0,"key":"Dexterity Potion"},{"floor":14.0,"key":"Energy Potion"},{"floor":18.0,"key":"Explosive Potion"},{"floor":31.0,"key":"FearPotion"},{"floor":35.0,"key":"FocusPotion"},{"floor":38.0,"key":"Block Potion"},{"floor":42.0,"key":"Swift Potion"},{"floor":46.0,"key":"SpeedPotion"}],"is_trial":false,"path_per_floor":["M","?","M","M","?","R","E","M","T","?","E","R","$","M","R_BF","B",null,"M","M","M","$","?","AVR","E","R","T","R","M","R","M","M","R","B",null,"M","?","?","M","$","E","R","E","T","R","?","M","M","E","R","B",null],"character_chosen":"DEFECT","items_purchased":["StuffTheSpire:Synthwave","Core Surge","FIFO Queue","Defragment","BasicCrystalCard","Gremlin Food","Tempest","Barrage","reliquary:Stiletto"],"campfire_rested":2,"item_purchase_floors":[0,0,0,13,13,13,21,21,39],"current_hp_per_floor":[62,62,62,62,62,62,48,44,44,44,25,25,25,25,47,34,75,64,59,49,49,49,49,29,51,51,51,43,43,43,41,63,18,75,75,75,75,75,75,75,75,75,75,75,75,73,67,67,67,60],"gold":417,"neow_bonus":"","is_daily":false,"chose_seed":false,"campfire_upgraded":7,"win_rate":0.0,"timestamp":1613146418,"path_taken":["M","?","?","M","?","R","E","M","T","?","E","R","$","?","R_BF","BOSS","M","M","M","$","?","AVR","E","R","T","R","M","R","M","M","R","BOSS","M","?","?","M","$","E","R","E","T","R","?","M","M","E","R","BOSS"],"items_purchased_type":["Card","Card","Card","Card","Card","Relic","Card","Card","Relic"],"build_version":"2020-12-22","purchased_purges":0,"victory":true,"max_hp_per_floor":[75,75,75,75,75,75,75,75,75,75,75,75,75,75,75,75,75,75,75,75,75,75,75,75,75,75,75,75,75,75,75,75,75,75,75,75,75,75,75,75,75,75,75,75,75,75,75,75,75,75],"card_choices":[{"not_picked":["Sweeping Beam","Capacitor"],"picked":"Barrage","floor":1.0},{"not_picked":["Compile Driver","Panic Button"],"picked":"StuffTheSpire:Coldhearted","floor":3.0},{"not_picked":["Steam","Capacitor"],"picked":"Go for the Eyes","floor":4.0},{"not_picked":["Rainbow","conspire:Rain"],"picked":"BootSequence","floor":7.0},{"not_picked":["Turbo","Steam","Rebound"],"picked":"SKIP","floor":8.0},{"not_picked":["StuffTheSpire:EventHorizon","Ball Lightning"],"picked":"Leap","floor":11.0},{"not_picked":["Turbo","Tempest"],"picked":"Glacier","floor":14.0},{"not_picked":["ReplayTheSpireMod:Omega Cannon","All For One"],"picked":"Buffer","floor":16.0},{"not_picked":["Turbo+1","Beam Cell"],"picked":"Panic Button+1","floor":18.0},{"not_picked":["Coolheaded+1","Reprogram","Compile Driver"],"picked":"SKIP","floor":19.0},{"not_picked":["Cold Snap","Steam+1"],"picked":"Lockon+1","floor":20.0},{"not_picked":["Static Discharge"],"picked":"SKIP","floor":24.0},{"not_picked":[],"picked":"Chill+1","floor":28.0},{"not_picked":["Barrage"],"picked":"SKIP","floor":30.0},{"not_picked":["Stack+1"],"picked":"SKIP","floor":31.0},{"not_picked":[],"picked":"Amplify","floor":33.0},{"not_picked":[],"picked":"Cold Snap+1","floor":35.0},{"not_picked":[],"picked":"Defragment","floor":38.0},{"not_picked":[],"picked":"Reboot","floor":40.0},{"not_picked":[],"picked":"StuffTheSpire:Coldhearted+1","floor":42.0},{"not_picked":["Panic Button"],"picked":"SKIP","floor":46.0},{"not_picked":["Sweeping Beam"],"picked":"SKIP","floor":47.0},{"not_picked":["Cold Snap"],"picked":"SKIP","floor":48.0}],"player_experience":1905166,"relics_obtained":[{"floor":7.0,"key":"DemoMod:PoisonVial"},{"floor":9.0,"key":"Replay:Wax Seal"},{"floor":11.0,"key":"Geode"},{"floor":24.0,"key":"StuffTheSpire:Nightcore"},{"floor":26.0,"key":"StuffTheSpire:Mouthbags"},{"floor":40.0,"key":"SuspiciousGoo"},{"floor":42.0,"key":"hubris:TenFootPole"},{"floor":43.0,"key":"LugNut"},{"floor":48.0,"key":"Dead Branch"}],"event_choices":[{"cards_removed":["Core Surge"],"damage_healed":0.0,"max_hp_gain":0.0,"max_hp_loss":0.0,"gold_gain":0.0,"event_name":"NoteForYourself","player_choice":"Took Card","floor":2.0,"gold_loss":0.0,"damage_taken":0.0,"cards_obtained":["StuffTheSpire:DeathNote"]},{"damage_healed":0.0,"max_hp_gain":0.0,"max_hp_loss":0.0,"gold_gain":100.0,"event_name":"Golden Shrine","player_choice":"Pray","floor":10.0,"gold_loss":0.0,"damage_taken":0.0},{"damage_healed":0.0,"max_hp_gain":0.0,"max_hp_loss":0.0,"gold_gain":0.0,"event_name":"Upgrade Shrine","player_choice":"Upgraded","floor":22.0,"gold_loss":0.0,"damage_taken":0.0,"cards_upgraded":["BasicCrystalCard"]},{"cards_removed":["Cold Snap"],"damage_healed":0.0,"max_hp_gain":0.0,"max_hp_loss":0.0,"gold_gain":0.0,"event_name":"Falling","player_choice":"Removed Attack","floor":37.0,"gold_loss":0.0,"damage_taken":0.0}],"is_beta":false,"boss_relics":[{"not_picked":["aspiration:BursterCore","Replay:Fungal Core","Runic Dome"]},{"not_picked":["aspiration:FutureDiary","Painkiller Herb"],"picked":"ChewingGum"}],"items_purged_floors":[],"is_endless":false,"potions_floor_spawned":[4,7,8,14,18,19,31,35,38,42,46],"ascension_level":0}}