{"host":"a57oumegxze0vmhs","time":1613145787,"event":{"mods":["AchievementEnabler","BaseMod","Colored Powertips","Minty Spire (QoL Compilation)","Relic Stats"],"gold_per_floor":[112,125,125,125,140,167,167,202,202,114,114,126,186,218,218,318,318,336,355,83,93,93,93],"floor_reached":22,"language":"ENG","playtime":932,"items_purged":["Strike_B"],"score":275,"play_id":"4d987719-bc58-4295-9d32-ece95d2a2584","local_time":"20210212180307","is_ascension_mode":true,"campfire_choices":[{"floor":7,"key":"REST"},{"floor":11,"key":"REST"},{"floor":15,"key":"REST"}],"circlet_count":0,"master_deck":["Strike_B","Strike_B","Strike_B","Defend_B","Defend_B","Defend_B","Defend_B","Zap","Dualcast","Genetic Algorithm","Streamline","Gash","Coolheaded","Machine Learning","Doom and Gloom","Rip and Tear","Loop","Echo Form","Sweeping Beam","Leap","Gash+1"],"relics":["Cracked Core","Juzu Bracelet","Emotion Chip","Girya","Strawberry","Turnip","Gambling Chip","Cursed Key","DataDisk"],"acts_visited":["Exordium","TheCity"],"potions_floor_usage":[8,12,19,19,21],"damage_taken":[{"damage":0,"enemies":"2 Louse","floor":1,"turns":3},{"damage":2,"enemies":"Jaw Worm","floor":2,"turns":4},{"damage":0,"enemies":"Small Slimes","floor":5,"turns":3},{"damage":35,"enemies":"3 Sentries","floor":6,"turns":7},{"damage":16,"enemies":"Lagavulin","floor":8,"turns":7},{"damage":0,"enemies":"Gremlin Gang","floor":12,"turns":3},{"damage":18,"enemies":"Gremlin Nob","floor":14,"turns":4},{"damage":44,"enemies":"Hexaghost","floor":16,"turns":11},{"damage":24,"enemies":"Shell Parasite","floor":18,"turns":7},{"damage":21,"enemies":"2 Thieves","floor":19,"turns":4},{"damage":15,"enemies":"Chosen and Byrds","floor":21,"turns":6},{"damage":0,"enemies":"Cultist and Chosen","floor":22,"turns":1}],"seed_played":"6550361827490105880","potions_obtained":[{"floor":5,"key":"Ancient Potion"},{"floor":8,"key":"Weak Potion"},{"floor":14,"key":"Dexterity Potion"},{"floor":16,"key":"Weak Potion"},{"floor":21,"key":"Strength Potion"}],"is_trial":false,"path_per_floor":["M","M","?","?","M","E","R","E","T","$","R","M","?","E","R","B",null,"M","M","$","M","M"],"character_chosen":"DEFECT","items_purchased":["Doom and Gloom","AttackPotion","DataDisk","Leap"],"campfire_rested":3,"item_purchase_floors":[10,10,20,20],"current_hp_per_floor":[68,66,54,54,54,19,41,32,32,32,56,56,56,38,62,18,66,42,21,21,6,6,6],"gold":93,"neow_bonus":"RANDOM_COMMON_RELIC","is_daily":false,"chose_seed":false,"campfire_upgraded":0,"win_rate":0.0,"timestamp":1613145787,"path_taken":["M","M","?","?","M","E","R","E","T","?","R","M","?","E","R","BOSS","M","M","$","M","M"],"items_purchased_type":["Card","Potion","Relic","Card"],"build_version":"2020-12-22","purchased_purges":1,"victory":false,"max_hp_per_floor":[75,75,75,75,75,75,75,82,82,82,82,82,82,82,82,82,82,82,82,82,82,82,82],"relic_stats":{"Emotion Chip":[43,23,15,5,0],"counters":[12,60],"Gambling Chip":[10],"Turnip":[0],"Juzu Bracelet":0,"Cursed Key":0,"obtain_stats":[{"Girya":6,"Emotion Chip":3,"DataDisk":20,"Strawberry":8,"Gambling Chip":14,"Turnip":9,"Juzu Bracelet":0,"Cracked Core":0,"Cursed Key":17},{"Girya":4,"Emotion Chip":2,"DataDisk":10,"Strawberry":5,"Gambling Chip":7,"Turnip":5,"Juzu Bracelet":0,"Cracked Core":0,"Cursed Key":8},{"Girya":17,"Emotion Chip":7,"DataDisk":53,"Strawberry":24,"Gambling Chip":31,"Turnip":24,"Juzu Bracelet":0,"Cracked Core":0,"Cursed Key":42}]},"card_choices":[{"not_picked":["Hologram","Rebound"],"picked":"Genetic Algorithm","floor":1},{"not_picked":["Redo","Multi-Cast"],"picked":"Streamline","floor":2},{"not_picked":["Melter","Genetic Algorithm"],"picked":"Gash","floor":5},{"not_picked":["Rebound","Go for the Eyes"],"picked":"Coolheaded","floor":6},{"not_picked":["Turbo","Streamline"],"picked":"Machine Learning","floor":8},{"not_picked":["Lockon","Barrage"],"picked":"Rip and Tear","floor":12},{"not_picked":["Streamline","BootSequence"],"picked":"Loop","floor":14},{"not_picked":["Reboot","Electrodynamics"],"picked":"Echo Form","floor":16},{"not_picked":["Storm","Auto Shields","Stack"],"picked":"SKIP","floor":18},{"not_picked":["Sunder","Redo"],"picked":"Sweeping Beam","floor":19},{"not_picked":["Static Discharge","Go for the Eyes"],"picked":"Gash+1","floor":21}],"player_experience":433837,"relics_obtained":[{"floor":6,"key":"Girya"},{"floor":8,"key":"Strawberry"},{"floor":9,"key":"Turnip"},{"floor":14,"key":"Gambling Chip"}],"event_choices":[{"damage_healed":0,"gold_gain":0,"player_choice":"Success","damage_taken":12,"relics_obtained":["Emotion Chip"],"max_hp_gain":0,"max_hp_loss":0,"event_name":"Scrap Ooze","floor":3,"gold_loss":0},{"damage_healed":0,"gold_gain":0,"player_choice":"Ignored","damage_taken":0,"max_hp_gain":0,"max_hp_loss":0,"event_name":"Liars Game","floor":4,"gold_loss":0},{"damage_healed":0,"gold_gain":60,"player_choice":"Gained Gold","damage_taken":0,"max_hp_gain":0,"max_hp_loss":0,"event_name":"Golden Wing","floor":13,"gold_loss":0}],"is_beta":false,"boss_relics":[{"not_picked":["Runic Pyramid","Black Star"],"picked":"Cursed Key"}],"items_purged_floors":[20],"is_endless":false,"potions_floor_spawned":[5,8,14,16,21],"killed_by":"Cultist and Chosen","ascension_level":7}}