{"host":"xwgrz7y3g1a3iikb","time":1613093801,"event":{"mods":["BaseMod","Bestiary","Minty Spire (QoL Compilation)","Permanent Neow","Quick Restart","Relic Stats","StSLib","ojb\u0027s Info Mod"],"gold_per_floor":[115,130,140,65,65,93,93,120,120,120,146,69,69,99,99,171,171,182,182,182,182],"floor_reached":20,"language":"ENG","playtime":486,"items_purged":[],"score":496,"play_id":"1822830b-5294-4cc6-9ab0-474db67886d0","local_time":"20210211173641","is_ascension_mode":true,"campfire_choices":[{"data":"SandsOfTime","floor":7.0,"key":"SMITH"},{"floor":13.0,"key":"REST"},{"data":"LikeWater","floor":15.0,"key":"SMITH"}],"circlet_count":0,"master_deck":["AscendersBane","Strike_P","Defend_P","Defend_P","Defend_P","Eruption","Vigilance","SandsOfTime+1","FlurryOfBlows","CutThroughFate","Wallop","LikeWater+1","BattleHymn","ThirdEye","LessonLearned","Devotion+1","Devotion+1","EmptyMind+1","SandsOfTime+1"],"relics":["SlaversCollar","Shuriken","CloakClasp","Calipers","Turnip","TungstenRod","Astrolabe"],"acts_visited":["Exordium","TheCity"],"potions_floor_usage":[],"damage_taken":[{"damage":9.0,"enemies":"2 Louse","floor":1.0,"turns":3.0},{"damage":2.0,"enemies":"Jaw Worm","floor":2.0,"turns":4.0},{"damage":1.0,"enemies":"Small Slimes","floor":3.0,"turns":3.0},{"damage":17.0,"enemies":"Gremlin Nob","floor":6.0,"turns":3.0},{"damage":20.0,"enemies":"Lagavulin","floor":8.0,"turns":6.0},{"damage":1.0,"enemies":"3 Sentries","floor":11.0,"turns":8.0},{"damage":28.0,"enemies":"Gremlin Nob","floor":14.0,"turns":4.0},{"damage":0.0,"enemies":"Hexaghost","floor":16.0,"turns":7.0},{"damage":11,"enemies":"Spheric Guardian","floor":18,"turns":5},{"damage":0,"enemies":"3 Byrds","floor":20,"turns":1}],"seed_played":"5866747330848681103","potions_obtained":[{"floor":1.0,"key":"SteroidPotion"},{"floor":11.0,"key":"Dexterity Potion"},{"floor":14.0,"key":"PowerPotion"},{"floor":16.0,"key":"PowerPotion"}],"is_trial":false,"path_per_floor":["M","M","M","?","?","E","R","E","T","?","E","$","R","E","R","B",null,"M","?","M"],"character_chosen":"WATCHER","items_purchased":["BattleHymn"],"campfire_rested":1,"item_purchase_floors":[12],"current_hp_per_floor":[52,50,49,49,54,37,37,17,17,17,16,16,37,9,9,9,57,46,46,46,46],"gold":182,"neow_bonus":"BOSS_RELIC","is_daily":false,"chose_seed":false,"campfire_upgraded":2,"win_rate":0.0,"timestamp":1613093801,"path_taken":["M","M","M","?","?","E","R","E","T","?","E","$","R","E","R","BOSS","M","?","M"],"items_purchased_type":["Card"],"build_version":"2020-12-22","purchased_purges":0,"victory":false,"max_hp_per_floor":[68,68,68,68,73,73,73,73,73,73,73,73,73,73,73,73,73,73,73,73,73],"relic_stats":{"counters":[10,44],"Shuriken":[10],"Astrolabe":["Devotion","Devotion","EmptyMind"],"Turnip":[5],"CloakClasp":[67],"obtain_stats":[{"SlaversCollar":0,"Calipers":9,"Shuriken":6,"Astrolabe":17,"Turnip":11,"CloakClasp":8,"PureWater":0,"TungstenRod":14},{"SlaversCollar":0,"Calipers":5,"Shuriken":4,"Astrolabe":8,"Turnip":6,"CloakClasp":5,"PureWater":0,"TungstenRod":7},{"SlaversCollar":0,"Calipers":19,"Shuriken":13,"Astrolabe":38,"Turnip":27,"CloakClasp":19,"PureWater":0,"TungstenRod":31}],"TungstenRod":2},"card_choices":[{"not_picked":["Wireheading","FlyingSleeves"],"picked":"SandsOfTime","floor":1.0},{"not_picked":["EmptyFist","PathToVictory"],"picked":"FlurryOfBlows","floor":2.0},{"not_picked":["MasterReality","ClearTheMind"],"picked":"CutThroughFate","floor":3.0},{"not_picked":["ReachHeaven","Conclude"],"picked":"Wallop","floor":6.0},{"not_picked":["EmptyBody","Crescendo","MasterReality"],"picked":"SKIP","floor":8.0},{"not_picked":["FollowUp","EmptyBody"],"picked":"LikeWater","floor":11.0},{"not_picked":["SashWhip","Prostrate"],"picked":"ThirdEye","floor":14.0},{"not_picked":["Establishment","Brilliance"],"picked":"LessonLearned","floor":16.0},{"not_picked":["EmptyBody","Consecrate+1"],"picked":"SandsOfTime+1","floor":18}],"player_experience":337790,"relics_obtained":[{"floor":6.0,"key":"Shuriken"},{"floor":8.0,"key":"CloakClasp"},{"floor":9.0,"key":"Calipers"},{"floor":11.0,"key":"Turnip"},{"floor":14.0,"key":"TungstenRod"}],"event_choices":[{"cards_removed":["Strike_P"],"damage_healed":0.0,"max_hp_gain":0.0,"max_hp_loss":0.0,"gold_gain":0.0,"event_name":"The Cleric","player_choice":"Card Removal","floor":4.0,"gold_loss":75.0,"damage_taken":0.0},{"damage_healed":0.0,"max_hp_gain":5.0,"max_hp_loss":0.0,"gold_gain":0.0,"event_name":"Big Fish","player_choice":"Donut","floor":5.0,"gold_loss":0.0,"damage_taken":0.0},{"damage_healed":0.0,"max_hp_gain":0.0,"max_hp_loss":0.0,"gold_gain":0.0,"event_name":"Shining Light","player_choice":"Ignored","floor":10.0,"gold_loss":0.0,"damage_taken":0.0},{"damage_healed":0,"gold_gain":0,"player_choice":"Got Potions","damage_taken":0,"max_hp_gain":0,"max_hp_loss":0,"event_name":"Lab","floor":19,"gold_loss":0}],"is_beta":false,"boss_relics":[{"not_picked":["Busted Crown","SacredBark"],"picked":"Astrolabe"}],"items_purged_floors":[],"is_endless":false,"potions_floor_spawned":[1,11,14,16],"killed_by":"3 Byrds","ascension_level":20}}