{"host":"2rbn7ywmirq5y689","time":1613147451,"event":{"mods":["BaseMod","Colored Map","Colored Powertips","Highlight Path","Minty Spire (QoL Compilation)","Rare Cards Sparkle","Relic Stats","StSLib"],"gold_per_floor":[115,134,148,160,42,42,75,75,101,119,119,129,140,152,152,249,249,268,284,209,124,124,124,157,157,157,57,75,95,95,125,125,224,224,238,91,91,0,54,54,66,66,89,108,128,128,157,169,169,169],"floor_reached":51,"language":"ENG","playtime":2763,"items_purged":["Strike_B","Strike_B"],"score":719,"play_id":"c106bc10-894b-4573-916e-dcecd80b3526","local_time":"20210213003051","is_ascension_mode":false,"campfire_choices":[{"data":"Zap","floor":6,"key":"SMITH"},{"data":"Dualcast","floor":8,"key":"SMITH"},{"data":"Self Repair","floor":11,"key":"SMITH"},{"data":"Barrage","floor":15,"key":"SMITH"},{"data":"Streamline","floor":23,"key":"SMITH"},{"data":"Machine Learning","floor":30,"key":"SMITH"},{"data":"Coolheaded","floor":32,"key":"SMITH"},{"floor":40,"key":"RECALL"},{"floor":49,"key":"REST"}],"circlet_count":0,"master_deck":["Strike_B","Defend_B","Defend_B","Defend_B","Defend_B","Zap+1","Dualcast+1","Barrage","Beam Cell","Barrage+1","FTL","Ball Lightning","Self Repair+1","Coolheaded+1","Glacier","Conserve Battery","Streamline+1","Machine Learning+1","Gash+1","Streamline","Defragment+1","Secret Technique","Capacitor+1","Glacier+1","Loop"],"relics":["Cracked Core","NeowsBlessing","Akabeko","Bag of Preparation","Philosopher\u0027s Stone","PreservedInsect","Eternal Feather","Tiny Chest","Pear","Fusion Hammer","Runic Capacitor","Red Mask","Blood Vial","Regal Pillow","Dream Catcher","Dead Branch"],"acts_visited":["Exordium","TheCity","TheBeyond"],"potions_floor_usage":[16,16,24,50],"damage_taken":[{"damage":0,"enemies":"Cultist","floor":1,"turns":1},{"damage":0,"enemies":"Small Slimes","floor":2,"turns":1},{"damage":0,"enemies":"2 Louse","floor":3,"turns":1},{"damage":9,"enemies":"Blue Slaver","floor":4,"turns":3},{"damage":30,"enemies":"Gremlin Nob","floor":7,"turns":4},{"damage":11,"enemies":"Lots of Slimes","floor":10,"turns":3},{"damage":1,"enemies":"Exordium Thugs","floor":12,"turns":4},{"damage":4,"enemies":"Large Slime","floor":13,"turns":3},{"damage":0,"enemies":"Blue Slaver","floor":14,"turns":2},{"damage":3,"enemies":"Hexaghost","floor":16,"turns":8},{"damage":0,"enemies":"Chosen","floor":18,"turns":3},{"damage":29,"enemies":"2 Thieves","floor":19,"turns":4},{"damage":30,"enemies":"Slavers","floor":24,"turns":4},{"damage":15,"enemies":"3 Cultists","floor":28,"turns":5},{"damage":0,"enemies":"Cultist and Chosen","floor":29,"turns":5},{"damage":18,"enemies":"Gremlin Leader","floor":31,"turns":4},{"damage":60,"enemies":"Collector","floor":33,"turns":10},{"damage":6,"enemies":"Orb Walker","floor":35,"turns":3},{"damage":14,"enemies":"3 Darklings","floor":41,"turns":4},{"damage":0,"enemies":"Transient","floor":44,"turns":5},{"damage":31,"enemies":"Spire Growth","floor":45,"turns":5},{"damage":0,"enemies":"Giant Head","floor":47,"turns":6},{"damage":4,"enemies":"3 Darklings","floor":48,"turns":5},{"damage":14,"enemies":"Donu and Deca","floor":50,"turns":7}],"seed_played":"4058077595717077448","potions_obtained":[{"floor":2,"key":"EssenceOfSteel"},{"floor":7,"key":"Weak Potion"},{"floor":10,"key":"Dexterity Potion"},{"floor":12,"key":"Regen Potion"},{"floor":18,"key":"SneckoOil"},{"floor":19,"key":"Ancient Potion"},{"floor":33,"key":"Energy Potion"}],"is_trial":false,"path_per_floor":["M","M","M","M","$","R","E","R","T","M","R","M","M","M","R","B",null,"M","M","$","?","?","R","E","T","T","$","M","M","R","E","R","B",null,"M","$","?","?","T","R","M","?","T","M","M","T","E","M","R","B",null],"character_chosen":"DEFECT","items_purchased":["Ball Lightning","Self Repair","Runic Capacitor"],"campfire_rested":1,"item_purchase_floors":[5,5,36],"current_hp_per_floor":[75,75,75,66,66,66,43,43,43,39,39,48,44,54,54,61,75,75,56,56,56,56,56,45,45,45,45,40,50,62,64,76,26,85,85,85,85,85,85,85,71,71,71,83,64,64,76,84,85,71],"gold":169,"neow_bonus":"THREE_ENEMY_KILL","is_daily":false,"chose_seed":false,"campfire_upgraded":7,"win_rate":0.0,"timestamp":1613147451,"path_taken":["M","M","M","?","$","R","E","R","T","M","R","M","?","M","R","BOSS","M","M","$","?","?","R","E","?","T","$","?","M","R","E","R","BOSS","M","$","?","?","?","R","?","?","T","M","?","?","E","M","R","BOSS"],"items_purchased_type":["Card","Card","Relic"],"build_version":"2020-12-22","purchased_purges":2,"victory":true,"max_hp_per_floor":[75,75,75,75,75,75,75,75,75,75,75,75,75,75,75,75,75,75,75,75,75,75,75,75,75,75,75,75,75,75,85,85,85,85,85,85,85,85,85,85,85,85,85,85,85,85,85,85,85,85],"relic_stats":{"Blood Vial":8,"Regal Pillow":0,"Dream Catcher":1,"counters":[24,100],"Dead Branch":[6],"Eternal Feather":25,"Tiny Chest":2,"PreservedInsect":213,"Bag of Preparation":[38],"obtain_stats":[{"Regal Pillow":43,"Pear":31,"NeowsBlessing":0,"Dead Branch":47,"Eternal Feather":24,"PreservedInsect":21,"Bag of Preparation":9,"Runic Capacitor":36,"Akabeko":7,"Blood Vial":39,"Dream Catcher":46,"Philosopher\u0027s Stone":17,"Tiny Chest":25,"Fusion Hammer":34,"Red Mask":38,"Cracked Core":0},{"Regal Pillow":19,"Pear":16,"NeowsBlessing":0,"Dead Branch":22,"Eternal Feather":13,"PreservedInsect":12,"Bag of Preparation":5,"Runic Capacitor":18,"Akabeko":5,"Blood Vial":18,"Dream Catcher":21,"Philosopher\u0027s Stone":10,"Tiny Chest":13,"Fusion Hammer":17,"Red Mask":18,"Cracked Core":0},{"Regal Pillow":72,"Pear":55,"NeowsBlessing":0,"Dead Branch":88,"Eternal Feather":41,"PreservedInsect":37,"Bag of Preparation":10,"Runic Capacitor":68,"Akabeko":10,"Blood Vial":68,"Dream Catcher":82,"Philosopher\u0027s Stone":30,"Tiny Chest":41,"Fusion Hammer":65,"Red Mask":68,"Cracked Core":0}]},"card_choices":[{"not_picked":["Rebound","Go for the Eyes"],"picked":"Barrage","floor":1},{"not_picked":["Steam","Double Energy"],"picked":"Beam Cell","floor":2},{"not_picked":["Melter","Sweeping Beam"],"picked":"Barrage","floor":3},{"not_picked":["Skim","Heatsinks"],"picked":"FTL","floor":4},{"not_picked":["Beam Cell","Hello World","Steam"],"picked":"SKIP","floor":7},{"not_picked":["Gash","Reinforced Body"],"picked":"Coolheaded","floor":10},{"not_picked":["Gash","Aggregate"],"picked":"Glacier","floor":12},{"not_picked":["Compile Driver","Melter"],"picked":"Conserve Battery","floor":13},{"not_picked":["Rebound","Hyperbeam"],"picked":"Streamline","floor":14},{"not_picked":["Reboot","Core Surge"],"picked":"Machine Learning","floor":16},{"not_picked":["Scrape+1","Beam Cell"],"picked":"Gash+1","floor":18},{"not_picked":["Go for the Eyes+1","Compile Driver"],"picked":"Streamline","floor":19},{"not_picked":["Compile Driver","Heatsinks","Amplify"],"picked":"SKIP","floor":24},{"not_picked":["FTL","Hologram"],"picked":"Defragment+1","floor":28},{"not_picked":["Ball Lightning","Beam Cell","Leap"],"picked":"SKIP","floor":29},{"not_picked":["Melter","Undo","Barrage"],"picked":"SKIP","floor":31},{"not_picked":["Stack+1","Cold Snap","Streamline+1"],"picked":"SKIP","floor":35},{"not_picked":["Blind","Bandage Up"],"picked":"Secret Technique","floor":37},{"not_picked":["Go for the Eyes+1","Gash+1"],"picked":"Capacitor+1","floor":41},{"not_picked":["Hello World+1","Conserve Battery"],"picked":"Glacier+1","floor":44},{"not_picked":["Storm+1","Turbo","Recycle+1"],"picked":"SKIP","floor":45},{"not_picked":["Cold Snap+1","Turbo+1","Compile Driver+1"],"picked":"SKIP","floor":47},{"not_picked":["Chill+1","Sweeping Beam"],"picked":"Loop","floor":48}],"player_experience":224414,"relics_obtained":[{"floor":7,"key":"Akabeko"},{"floor":9,"key":"Bag of Preparation"},{"floor":24,"key":"Eternal Feather"},{"floor":25,"key":"Tiny Chest"},{"floor":31,"key":"Pear"},{"floor":39,"key":"Blood Vial"},{"floor":43,"key":"Regal Pillow"},{"floor":46,"key":"Dream Catcher"},{"floor":47,"key":"Dead Branch"}],"event_choices":[{"damage_healed":0,"gold_gain":0,"player_choice":"Obtained Relic","damage_taken":0,"relics_obtained":["PreservedInsect"],"max_hp_gain":0,"max_hp_loss":0,"event_name":"Addict","floor":21,"gold_loss":85},{"damage_healed":0,"gold_gain":0,"player_choice":"Ignored","damage_taken":0,"max_hp_gain":0,"max_hp_loss":0,"event_name":"Vampires","floor":22,"gold_loss":0},{"damage_healed":0,"gold_gain":0,"player_choice":"Memory 1","damage_taken":0,"max_hp_gain":0,"max_hp_loss":0,"event_name":"SensoryStone","floor":37,"gold_loss":0},{"damage_healed":0,"gold_gain":0,"player_choice":"Paid","damage_taken":0,"relics_obtained":["Red Mask"],"max_hp_gain":0,"max_hp_loss":0,"event_name":"Tomb of Lord Red Mask","floor":38,"gold_loss":91},{"cards_removed":["Strike_B"],"damage_healed":0,"gold_gain":0,"player_choice":"Purged","damage_taken":0,"max_hp_gain":0,"max_hp_loss":0,"event_name":"Purifier","floor":42,"gold_loss":0}],"is_beta":false,"boss_relics":[{"not_picked":["Ectoplasm","Velvet Choker"],"picked":"Philosopher\u0027s Stone"},{"not_picked":["Snecko Eye","SlaversCollar"],"picked":"Fusion Hammer"}],"items_purged_floors":[20,27],"is_endless":false,"potions_floor_spawned":[2,7,10,12,13,18,19,33,35,44,45],"ascension_level":0}}