{"host":"kfd0jpqqxt101ydt","time":1613115157,"event":{"mods":["BaseMod","Downfall","Googly Eyes","Highlight Path","Minty Spire (QoL Compilation)","StSLib"],"gold_per_floor":[99,99,99,99,146,421,421,871,891,891,231,231,231,246,256,355,355,355,368,384,404,90,90,116,1,1,0,0,15,115,115,125,228,228,228,246,265,283,333,333,333,333,31,43,59,59,88,88,106,106],"floor_reached":51,"language":"ENG","playtime":2415,"items_purged":["Regret","downfall:Icky","downfall:Haunted"],"score":970,"play_id":"67a740d1-744d-4749-97c2-ed668e5fc688","local_time":"20210212093237","is_ascension_mode":true,"campfire_choices":[{"data":"Guardian:TwinSlam","floor":1,"key":"SMITH"},{"data":"Apotheosis","floor":13,"key":"SMITH"},{"data":"Guardian:GemFinder","floor":18,"key":"SMITH"},{"data":"Guardian:Planning","floor":23,"key":"SMITH"},{"data":"Guardian:Repulse","floor":26,"key":"SMITH"},{"data":"Guardian:BaubleBeam","floor":35,"key":"SMITH"},{"data":"Guardian:GemFire","floor":40,"key":"SMITH"},{"data":"Guardian:Emergency","floor":48,"key":"SMITH"}],"circlet_count":0,"master_deck":["Guardian:Strike_Guardian","Guardian:Strike_Guardian","Guardian:Strike_Guardian","Guardian:Strike_Guardian","Guardian:Defend_Guardian","Guardian:Defend_Guardian","Guardian:Defend_Guardian","Guardian:Defend_Guardian","Guardian:CurlUp","Guardian:TwinSlam+1","Guardian:WalkerClaw","Guardian:Planning+1","downfall:Icky","Guardian:ShieldSpikes","Guardian:Reroute","Apotheosis+1","Guardian:HyperBeam_Guardian","Guardian:ConstructionForm","Guardian:Repulse+1","Guardian:GemFinder+1","Guardian:Recover","Guardian:TimeBomb","Guardian:TimeBomb+1","Guardian:Planning","Guardian:DecasProtection","downfall:Haunted","Writhe","downfall:Malfunctioning","Guardian:HyperBeam_Guardian","Clumsy","Guardian:BaubleBeam+1","Guardian:Gem_Purple","Guardian:TimeSifter","CurseOfTheBell","Guardian:GemFire+1","Guardian:PiercingHide","Guardian:BronzeOrb+1","Guardian:TemporalStrike+1","Guardian:Gem_Cyan","Guardian:Emergency+1","Parasite","Guardian:Planning+1"],"relics":["Guardian:ModeShifter","downfall:HeartsMalice","Juzu Bracelet","Lee\u0027s Waffle","Vajra","expansioncontent:StudyCardRelic","Bag of Marbles","Pen Nib","Orichalcum","Du-Vu Doll","Calling Bell","Happy Flower","Pear","Thread and Needle","Slimebound:StickyStick","Lizard Tail","Pocketwatch","Kunai","Guardian:BottledStasis","Bag of Preparation","Strawberry"],"acts_visited":["Exordium","TheCity","TheBeyond"],"potions_floor_usage":[15,19,20,21,32,50,50],"damage_taken":[{"damage":0,"enemies":"Cultist","floor":2,"turns":1},{"damage":0,"enemies":"Jaw Worm","floor":3,"turns":1},{"damage":0,"enemies":"2 Louse","floor":4,"turns":1},{"damage":18,"enemies":"Lots of Slimes","floor":9,"turns":6},{"damage":2,"enemies":"downfall:FleeingMerchant","floor":11,"turns":4},{"damage":0,"enemies":"2 Fungi Beasts","floor":14,"turns":2},{"damage":6,"enemies":"Blue Slaver","floor":15,"turns":2},{"damage":9,"enemies":"DF_ARCHETYPE_STREAMLINE","floor":16,"turns":12},{"damage":0,"enemies":"Shell Parasite","floor":19,"turns":4},{"damage":0,"enemies":"Snecko","floor":20,"turns":4},{"damage":12,"enemies":"Centurion and Healer","floor":21,"turns":6},{"damage":0,"enemies":"downfall:FleeingMerchant","floor":22,"turns":4},{"damage":4,"enemies":"downfall:FleeingMerchant","floor":25,"turns":4},{"damage":20,"enemies":"downfall:FleeingMerchant","floor":27,"turns":4},{"damage":10,"enemies":"Snake Plant","floor":29,"turns":5},{"damage":0,"enemies":"Shelled Parasite and Fungi","floor":32,"turns":1},{"damage":48,"enemies":"WA_ARCHETYPE_CALM","floor":33,"turns":11},{"damage":7,"enemies":"3 Shapes","floor":36,"turns":5},{"damage":0,"enemies":"Orb Walker","floor":37,"turns":2},{"damage":0,"enemies":"downfall:FleeingMerchant","floor":38,"turns":2},{"damage":9,"enemies":"downfall:FleeingMerchant","floor":39,"turns":2},{"damage":0,"enemies":"Sphere and 2 Shapes","floor":44,"turns":3},{"damage":0,"enemies":"Spire Growth","floor":45,"turns":1},{"damage":31,"enemies":"Nemesis","floor":47,"turns":5},{"damage":13,"enemies":"Writhing Mass","floor":49,"turns":3},{"damage":4,"enemies":"SI_POISON_ARCHETYPE","floor":50,"turns":2}],"seed_played":"5343472110934214114","potions_obtained":[{"floor":14,"key":"EntropicBrew"},{"floor":15,"key":"hexamod:SoulburnPotion"},{"floor":19,"key":"hexamod:SoulburnPotion"},{"floor":29,"key":"Energy Potion"},{"floor":33,"key":"Block Potion"},{"floor":37,"key":"SkillPotion"}],"is_trial":false,"path_per_floor":["R","M","M","M","T","?","T","?","M","?","$","?","R","M","M","B",null,"R","M","M","M","$","R","T","$","R","$","?","M","?","?","M","B",null,"R","M","M","$","?","R","T","T","$","M","M","?","E","R","M","B",null],"character_chosen":"GUARDIAN","items_purchased":["Guardian:Gem_Fragmented","Apotheosis","Lee\u0027s Waffle","Vajra","Bag of Marbles","Pen Nib","Slimebound:StickyStick","Guardian:PiercingHide","Guardian:BottledStasis","Bag of Preparation"],"campfire_rested":0,"item_purchase_floors":[11,11,11,11,22,22,38,38,43,43],"current_hp_per_floor":[80,80,80,80,80,80,80,98,80,62,105,105,105,105,99,90,105,105,105,105,93,93,93,93,89,89,69,69,59,64,64,64,16,120,120,113,113,113,104,104,104,104,104,104,104,104,80,80,67,63],"gold":106,"neow_bonus":"THREE_ENEMY_KILL","is_daily":false,"chose_seed":false,"campfire_upgraded":8,"win_rate":0.0,"timestamp":1613115157,"path_taken":["R","M","M","M","?","?","T","?","M","?","$","?","R","M","M","BOSS","R","M","M","M","?","R","T","$","R","$","?","M","?","?","M","BOSS","R","M","M","$","?","R","T","?","$","M","M","?","E","R","M","BOSS"],"items_purchased_type":["Card","Card","Relic","Relic","Relic","Relic","Relic","Card","Relic","Relic"],"build_version":"2020-12-22","purchased_purges":3,"victory":true,"max_hp_per_floor":[80,80,80,80,80,80,80,98,98,98,105,105,105,105,105,105,105,105,105,105,105,105,105,105,105,105,105,105,105,110,110,110,110,120,120,120,120,120,120,120,120,120,120,120,120,120,127,127,127,127],"card_choices":[{"not_picked":["Guardian:ShieldCharger","Guardian:PolyBeam"],"picked":"Guardian:Gem_Cyan","floor":2},{"not_picked":["Guardian:WalkerClaw","Guardian:PolyBeam","Guardian:Gem_Cyan"],"picked":"SKIP","floor":3},{"not_picked":["Guardian:PolyBeam","Guardian:Gem_Cyan"],"picked":"Guardian:WalkerClaw","floor":3},{"not_picked":["Guardian:Gem_Lightblue","Guardian:Recover"],"picked":"Guardian:Planning","floor":4},{"not_picked":["Guardian:Planning","Guardian:Incinerate"],"picked":"Guardian:ShieldSpikes","floor":9},{"not_picked":["Guardian:Incinerate","Guardian:Gem_Cyan"],"picked":"Guardian:Reroute","floor":11},{"not_picked":["Guardian:ShieldSpikes","Guardian:ChargeCore"],"picked":"Guardian:ConstructionForm","floor":14},{"not_picked":["Guardian:RollAttack","Guardian:ChargeCore"],"picked":"Guardian:Repulse","floor":15},{"not_picked":["Guardian:FastForward","Guardian:FierceBash"],"picked":"Guardian:GemFinder","floor":16},{"not_picked":["Guardian:Gem_Green","Guardian:Gem_Lightblue"],"picked":"Guardian:Gem_Red","floor":19},{"not_picked":["Guardian:TemporalStrike+1","Guardian:BodySlam+1"],"picked":"Guardian:Gem_White","floor":19},{"not_picked":["Guardian:Incinerate+1","Guardian:WalkerClaw+1"],"picked":"Guardian:Gem_Crimson","floor":20},{"not_picked":["Guardian:Gem_Cyan","Guardian:Gem_Green"],"picked":"Guardian:Gem_Red","floor":21},{"not_picked":["Guardian:CrystalBeam","Guardian:Gem_Blue"],"picked":"Guardian:Recover","floor":21},{"not_picked":["Guardian:Suspension","Guardian:ConstructionForm"],"picked":"Guardian:TimeBomb","floor":22},{"not_picked":["Guardian:TemporalStrike","Guardian:Gem_Lightblue"],"picked":"Guardian:TimeBomb+1","floor":25},{"not_picked":["Guardian:Recover","Guardian:ShieldCharger"],"picked":"Guardian:Planning","floor":27},{"not_picked":["Guardian:PrismaticBeam","Guardian:PiercingHide"],"picked":"Guardian:DecasProtection","floor":29},{"not_picked":["Guardian:Recover","Guardian:Suspension"],"picked":"Guardian:Gem_Purple","floor":32},{"not_picked":["Guardian:Gem_Red","Guardian:Gem_Lightblue"],"picked":"Guardian:Gem_Cyan","floor":33},{"not_picked":["Guardian:HyperBeam_Guardian","Guardian:StasisStrike"],"picked":"Guardian:TimeSifter","floor":33},{"not_picked":["Guardian:CrystalBeam+1","Guardian:Gem_Red","Guardian:Planning"],"picked":"SKIP","floor":36},{"not_picked":["Guardian:PrismaticBeam+1","Guardian:Gem_Crimson"],"picked":"Guardian:Gem_Orange","floor":37},{"not_picked":["Guardian:Gem_Crimson","Guardian:RollAttack+1"],"picked":"Guardian:GemFire","floor":38},{"not_picked":["Guardian:CrystalBeam+1","Guardian:Gem_Green"],"picked":"Guardian:BronzeOrb+1","floor":39},{"not_picked":["Guardian:ChargeCore+1","Guardian:Reroute+1"],"picked":"Guardian:TemporalStrike+1","floor":44},{"not_picked":["Guardian:Gem_Red","Guardian:Gem_Purple"],"picked":"Guardian:Gem_Cyan","floor":45},{"not_picked":["Guardian:TemporalStrike","Guardian:ShieldCharger"],"picked":"Guardian:Emergency","floor":47},{"not_picked":["Guardian:Incinerate","Guardian:PrimingBeam+1"],"picked":"Guardian:Planning+1","floor":49}],"player_experience":36126,"relics_obtained":[{"floor":5,"key":"Juzu Bracelet"},{"floor":7,"key":"Darkstone Periapt"},{"floor":24,"key":"Orichalcum"},{"floor":34,"key":"Happy Flower"},{"floor":34,"key":"Pear"},{"floor":34,"key":"Thread and Needle"},{"floor":39,"key":"Lizard Tail"},{"floor":41,"key":"Pocketwatch"},{"floor":42,"key":"Kunai"},{"floor":47,"key":"Strawberry"}],"event_choices":[{"damage_healed":0,"gold_gain":0,"player_choice":"Read","damage_taken":0,"max_hp_gain":0,"max_hp_loss":0,"event_name":"The Library","floor":31,"gold_loss":0,"cards_obtained":["Guardian:BaubleBeam"]}],"is_beta":false,"boss_relics":[{"not_picked":["Fusion Hammer","bronze:MakeshiftBattery"],"picked":"expansioncontent:StudyCardRelic"},{"not_picked":["Velvet Choker","Guardian:StasisSlotReductionRelic"],"picked":"Calling Bell"}],"items_purged_floors":[11,25,38],"is_endless":false,"potions_floor_spawned":[14,15,19,29,33,37,39,44,49],"ascension_level":1}}