{"host":"1bzbl1adcbkdzqlf","time":1613096925,"event":{"mods":["BaseMod","Minty Spire (QoL Compilation)","Slay the Relics Exporter"],"gold_per_floor":[15,15,15,26,46,46,79,89,141,164,209,221,267,279,291,375,387,414,437,461,493,519,556,568,615,627,18,53,66,66,166,166,237,237,249,259,276,290,306,338,385,385,385,385,418,145,173,183,183,183],"floor_reached":51,"language":"ENG","playtime":5428,"items_purged":["Strike_R"],"score":1515,"play_id":"c1429a0f-eb1b-4f23-bbeb-4b6f14da83fc","local_time":"20210211202845","is_ascension_mode":true,"campfire_choices":[{"data":"Rampage","floor":6,"key":"SMITH"},{"floor":12,"key":"REST"},{"floor":15,"key":"REST"},{"floor":32,"key":"REST"},{"floor":44,"key":"REST"},{"data":"Barricade","floor":49,"key":"SMITH"}],"circlet_count":0,"master_deck":["AscendersBane","Defend_R","Defend_R","Defend_R","Bash","Flex","Feed","Dual Wield","Twin Strike","Rampage+1","Shrug It Off","Armaments+1","Ghostly Armor","Demon Form+1","Flame Barrier+1","Double Tap+1","Shrug It Off+1","Combust+1","Infernal Blade+1","True Grit+1","Cleave","Flex+1","Apotheosis+1","Shockwave+1","Twin Strike+1","Bite+1","Bite+1","Bite+1","Bite+1","Bite+1","Flex+1","Heavy Blade+1","Barricade+1","Body Slam+1","Dual Wield+1","Entrench+1","Limit Break+1","Thunderclap+1","Battle Trance+1","Flame Barrier+1","Power Through+1","Heavy Blade+1"],"relics":["Burning Blood","Toy Ornithopter","Pocketwatch","MawBank","Toxic Egg 2","Bottled Tornado","Velvet Choker","Bag of Preparation","Dream Catcher","Juzu Bracelet","Mummified Hand","HandDrill","PreservedInsect","Molten Egg 2","Unceasing Top","Bottled Flame","SlaversCollar","Bag of Marbles","Mango","Vajra","Lee\u0027s Waffle","Meat on the Bone"],"acts_visited":["Exordium","TheCity","TheBeyond"],"potions_floor_usage":[7,10,11,21,25,31,33,36,40,50,50],"damage_taken":[{"damage":6,"enemies":"Cultist","floor":1,"turns":3},{"damage":12,"enemies":"Jaw Worm","floor":4,"turns":2},{"damage":14,"enemies":"Small Slimes","floor":5,"turns":3},{"damage":20,"enemies":"Gremlin Nob","floor":7,"turns":4},{"damage":12,"enemies":"2 Fungi Beasts","floor":8,"turns":3},{"damage":49,"enemies":"Gremlin Gang","floor":10,"turns":6},{"damage":4,"enemies":"Lagavulin","floor":11,"turns":5},{"damage":27,"enemies":"Gremlin Nob","floor":13,"turns":5},{"damage":50,"enemies":"The Guardian","floor":16,"turns":6},{"damage":7,"enemies":"Chosen","floor":18,"turns":4},{"damage":12,"enemies":"2 Thieves","floor":19,"turns":4},{"damage":44,"enemies":"Shelled Parasite and Fungi","floor":20,"turns":5},{"damage":23,"enemies":"Snake Plant","floor":21,"turns":5},{"damage":5,"enemies":"Sentry and Sphere","floor":22,"turns":4},{"damage":36,"enemies":"Gremlin Leader","floor":23,"turns":5},{"damage":25,"enemies":"Book of Stabbing","floor":25,"turns":5},{"damage":19,"enemies":"Gremlin Leader","floor":28,"turns":4},{"damage":3,"enemies":"Chosen and Byrds","floor":29,"turns":4},{"damage":28,"enemies":"Colosseum Slavers","floor":31,"turns":6},{"damage":20,"enemies":"Colosseum Nobs","floor":31,"turns":3},{"damage":79,"enemies":"Collector","floor":33,"turns":8},{"damage":24,"enemies":"3 Shapes","floor":35,"turns":4},{"damage":0,"enemies":"Orb Walker","floor":36,"turns":3},{"damage":41,"enemies":"Jaw Worm Horde","floor":37,"turns":4},{"damage":32,"enemies":"Maw","floor":38,"turns":8},{"damage":22,"enemies":"Sphere and 2 Shapes","floor":39,"turns":5},{"damage":27,"enemies":"Reptomancer","floor":40,"turns":4},{"damage":50,"enemies":"2 Orb Walkers","floor":41,"turns":4},{"damage":21,"enemies":"Giant Head","floor":45,"turns":4},{"damage":46,"enemies":"Nemesis","floor":47,"turns":5},{"damage":6,"enemies":"Transient","floor":48,"turns":5},{"damage":84,"enemies":"Time Eater","floor":50,"turns":7}],"seed_played":"8395815374287688179","potions_obtained":[{"floor":4,"key":"ElixirPotion"},{"floor":5,"key":"FairyPotion"},{"floor":8,"key":"Weak Potion"},{"floor":10,"key":"AttackPotion"},{"floor":13,"key":"BloodPotion"},{"floor":21,"key":"BloodPotion"},{"floor":25,"key":"Strength Potion"},{"floor":31,"key":"SpeedPotion"},{"floor":33,"key":"Block Potion"},{"floor":38,"key":"GamblersBrew"},{"floor":41,"key":"FearPotion"},{"floor":47,"key":"Strength Potion"}],"is_trial":false,"path_per_floor":["M","T","?","M","M","R","E","M","T","M","E","R","E","?","R","B",null,"M","M","M","M","M","E","?","E","T","$","E","M","?","?","R","B",null,"M","M","M","M","M","E","?","?","T","R","E","$","E","M","R","B",null],"character_chosen":"IRONCLAD","items_purchased":["Apotheosis+1","Shockwave+1","HandDrill","PreservedInsect","Lee\u0027s Waffle","Flame Barrier+1","PowerPotion"],"campfire_rested":4,"item_purchase_floors":[27,27,27,27,46,46,46],"current_hp_per_floor":[71,71,64,61,56,56,50,47,47,12,19,46,28,28,56,16,79,81,78,44,58,62,35,35,45,45,45,32,35,35,32,58,14,70,55,78,52,45,38,28,38,38,38,71,65,119,91,103,103,75],"gold":183,"neow_bonus":"TRANSFORM_TWO_CARDS","is_daily":false,"chose_seed":false,"campfire_upgraded":2,"win_rate":0.0,"timestamp":1613096925,"path_taken":["M","?","?","M","M","R","E","M","T","M","E","R","E","?","R","BOSS","M","M","M","M","M","E","?","E","T","$","E","M","?","?","R","BOSS","M","M","M","M","M","E","?","?","T","R","E","$","E","M","R","BOSS"],"items_purchased_type":["Card","Card","Relic","Relic","Relic","Card","Potion"],"build_version":"2020-12-22","purchased_purges":1,"victory":true,"max_hp_per_floor":[78,78,78,81,84,84,87,90,90,93,93,93,96,96,96,100,100,103,106,110,114,117,120,120,120,120,120,120,120,84,88,88,88,88,91,91,94,98,98,98,112,112,112,112,112,119,119,119,119,123],"card_choices":[{"not_picked":["Body Slam","Warcry"],"picked":"Dual Wield","floor":1},{"not_picked":["Body Slam","Intimidate"],"picked":"Twin Strike","floor":4},{"not_picked":["Flex","Dark Embrace"],"picked":"Rampage","floor":5},{"not_picked":["Fire Breathing","True Grit"],"picked":"Shrug It Off","floor":7},{"not_picked":["Fire Breathing","Entrench"],"picked":"Armaments","floor":8},{"not_picked":["Warcry","Rampage"],"picked":"Ghostly Armor","floor":10},{"not_picked":["Headbutt","Sword Boomerang"],"picked":"Demon Form","floor":11},{"not_picked":["Entrench+1","Body Slam"],"picked":"Flame Barrier+1","floor":13},{"not_picked":["Fiend Fire","Berserk"],"picked":"Double Tap+1","floor":16},{"not_picked":["Anger","Havoc+1"],"picked":"Shrug It Off+1","floor":18},{"not_picked":["Perfected Strike+1","Blood for Blood"],"picked":"Combust+1","floor":19},{"not_picked":["Wild Strike","Pommel Strike"],"picked":"Warcry+1","floor":20},{"not_picked":["Heavy Blade","Warcry+1"],"picked":"Infernal Blade+1","floor":21},{"not_picked":["Dropkick+1","Sword Boomerang"],"picked":"True Grit+1","floor":22},{"not_picked":["Pummel","Barricade"],"picked":"Cleave","floor":23},{"not_picked":["Body Slam","Entrench+1"],"picked":"Flex+1","floor":25},{"not_picked":["Dual Wield+1","True Grit+1"],"picked":"Twin Strike+1","floor":28},{"not_picked":["Blood for Blood+1","Wild Strike+1","Warcry+1"],"picked":"SKIP","floor":29},{"not_picked":["Havoc+1","Clash+1"],"picked":"Flex+1","floor":31},{"not_picked":["Wild Strike+1","Clash+1"],"picked":"Heavy Blade+1","floor":32},{"not_picked":["Offering+1","Demon Form"],"picked":"Barricade","floor":33},{"not_picked":["Clash+1","Iron Wave+1"],"picked":"Body Slam+1","floor":35},{"not_picked":["Twin Strike+1","Pommel Strike+1"],"picked":"Dual Wield+1","floor":36},{"not_picked":["Twin Strike+1","Dual Wield+1","Anger+1"],"picked":"SKIP","floor":37},{"not_picked":["Anger+1","Havoc+1","Flex+1"],"picked":"SKIP","floor":38},{"not_picked":["Body Slam+1","Sword Boomerang+1"],"picked":"Entrench+1","floor":39},{"not_picked":["Flex+1","Twin Strike+1"],"picked":"Limit Break+1","floor":40},{"not_picked":["Pummel+1","Cleave+1"],"picked":"Thunderclap+1","floor":41},{"not_picked":["Corruption","Fire Breathing+1"],"picked":"Battle Trance+1","floor":45},{"not_picked":["Hemokinesis+1","Shockwave+1"],"picked":"Power Through+1","floor":47},{"not_picked":["Pommel Strike+1","Searing Blow+1"],"picked":"Heavy Blade+1","floor":48}],"player_experience":457987,"relics_obtained":[{"floor":2,"key":"Toy Ornithopter"},{"floor":7,"key":"Pocketwatch"},{"floor":9,"key":"MawBank"},{"floor":11,"key":"Toxic Egg 2"},{"floor":13,"key":"Bottled Tornado"},{"floor":23,"key":"Bag of Preparation"},{"floor":25,"key":"Juzu Bracelet"},{"floor":26,"key":"Mummified Hand"},{"floor":28,"key":"Molten Egg 2"},{"floor":31,"key":"Unceasing Top"},{"floor":31,"key":"Bottled Flame"},{"floor":40,"key":"Bag of Marbles"},{"floor":41,"key":"Mango"},{"floor":45,"key":"Vajra"},{"floor":47,"key":"Meat on the Bone"}],"event_choices":[{"cards_removed":["Strike_R"],"damage_healed":0,"gold_gain":0,"player_choice":"Card Removal","damage_taken":7,"max_hp_gain":0,"max_hp_loss":0,"event_name":"Golden Wing","floor":3,"gold_loss":0},{"damage_healed":0,"gold_gain":0,"player_choice":"Grow","damage_taken":0,"max_hp_gain":0,"max_hp_loss":0,"event_name":"Living Wall","floor":14,"gold_loss":0,"cards_upgraded":["Armaments"]},{"cards_removed":["Warcry"],"damage_healed":0,"gold_gain":0,"player_choice":"Gave Card","damage_taken":0,"relics_obtained":["Dream Catcher"],"max_hp_gain":0,"max_hp_loss":0,"event_name":"WeMeetAgain","floor":24,"gold_loss":0},{"damage_healed":0,"gold_gain":0,"player_choice":"Became a vampire","damage_taken":0,"max_hp_gain":0,"max_hp_loss":36,"event_name":"Vampires","floor":30,"gold_loss":0,"cards_obtained":["Bite","Bite","Bite","Bite","Bite"]},{"damage_healed":0,"gold_gain":0,"player_choice":"Fight","damage_taken":0,"max_hp_gain":0,"max_hp_loss":0,"event_name":"Colosseum","floor":31,"gold_loss":0},{"damage_healed":0,"gold_gain":0,"player_choice":"Fought Nobs","damage_taken":0,"max_hp_gain":0,"max_hp_loss":0,"event_name":"Colosseum","floor":31,"gold_loss":0},{"damage_healed":0,"gold_gain":0,"player_choice":"Fight","damage_taken":0,"max_hp_gain":0,"max_hp_loss":0,"event_name":"Mysterious Sphere","floor":41,"gold_loss":0},{"damage_healed":0,"gold_gain":0,"player_choice":"Forge","damage_taken":0,"max_hp_gain":0,"max_hp_loss":0,"event_name":"Accursed Blacksmith","floor":42,"gold_loss":0,"cards_upgraded":["Demon Form"]}],"is_beta":false,"boss_relics":[{"not_picked":["Pandora\u0027s Box","Philosopher\u0027s Stone"],"picked":"Velvet Choker"},{"not_picked":["Astrolabe","SacredBark"],"picked":"SlaversCollar"}],"items_purged_floors":[27],"is_endless":false,"potions_floor_spawned":[4,5,8,10,13,21,25,28,31,31,33,38,41,47,48],"ascension_level":15}}