{"host":"zwezhz46a5cjkxff","time":1613109339,"event":{"mods":["AchievementEnabler","BaseMod","Colored Map","Colored Powertips","DeckTracker","Minty Spire (QoL Compilation)","Permanent Neow","Quick Restart","Rare Cards Sparkle","Relic Stats","StSLib","SuperFastMode"],"gold_per_floor":[115,115,128,61,136,167,167,195,250,250,264,155,170,1,1,96,96,110,126,137,151,61,61,78,95,95,115,115,115],"floor_reached":28,"language":"ENG","playtime":615,"items_purged":["Strike_G","Defend_G"],"score":310,"play_id":"d9ed83e8-cc42-4fc7-bc8f-0cb4d76b3424","local_time":"20210211235539","is_ascension_mode":true,"campfire_choices":[{"floor":7,"key":"REST"},{"floor":10,"key":"RECALL"},{"floor":15,"key":"REST"},{"data":"Envenom","floor":23,"key":"SMITH"}],"circlet_count":0,"master_deck":["Strike_G+1","Strike_G","Strike_G","Defend_G","Defend_G","Defend_G","Defend_G","Survivor","Neutralize","Sadistic Nature","PiercingWail","Envenom+1","Dagger Spray","Blade Dance","Accuracy","Blade Dance","Infinite Blades","After Image","Blur","Accuracy","Noxious Fumes+1","Decay"],"relics":["Ring of the Snake","Art of War","Centennial Puzzle","Pen Nib","Cursed Key","Molten Egg 2"],"acts_visited":["Exordium","TheCity"],"potions_floor_usage":[1,8,20,21,24,25],"damage_taken":[{"damage":5,"enemies":"Jaw Worm","floor":1,"turns":4},{"damage":0,"enemies":"Small Slimes","floor":3,"turns":3},{"damage":11,"enemies":"Gremlin Nob","floor":6,"turns":3},{"damage":5,"enemies":"3 Sentries","floor":8,"turns":5},{"damage":4,"enemies":"Cultist","floor":11,"turns":4},{"damage":7,"enemies":"Gremlin Gang","floor":13,"turns":2},{"damage":0,"enemies":"Slime Boss","floor":16,"turns":3},{"damage":10,"enemies":"Chosen","floor":18,"turns":3},{"damage":10,"enemies":"Shell Parasite","floor":19,"turns":3},{"damage":9,"enemies":"Shelled Parasite and Fungi","floor":20,"turns":4},{"damage":6,"enemies":"3 Cultists","floor":21,"turns":4},{"damage":23,"enemies":"Centurion and Healer","floor":24,"turns":3},{"damage":1,"enemies":"Sentry and Sphere","floor":25,"turns":3},{"damage":6,"enemies":"Snake Plant","floor":27,"turns":3},{"damage":16,"enemies":"Centurion and Healer","floor":28,"turns":3}],"seed_played":"416852819176959504","potions_obtained":[{"floor":1,"key":"Fruit Juice"},{"floor":6,"key":"BlessingOfTheForge"},{"floor":16,"key":"Energy Potion"},{"floor":18,"key":"Strength Potion"},{"floor":21,"key":"AttackPotion"},{"floor":24,"key":"Strength Potion"}],"is_trial":false,"path_per_floor":["M","?","M","$","?","E","R","E","T","R","M","$","M","$","R","B",null,"M","M","M","M","?","R","M","M","T","M","M"],"character_chosen":"THE_SILENT","items_purchased":["Envenom","Accuracy","Infinite Blades"],"campfire_rested":2,"item_purchase_floors":[4,12,14],"current_hp_per_floor":[63,38,38,38,27,16,36,31,31,31,27,27,20,20,40,40,68,58,48,39,33,33,33,10,9,9,3,0,0],"gold":115,"neow_bonus":"RANDOM_COLORLESS_2","is_daily":false,"chose_seed":false,"campfire_upgraded":1,"win_rate":0.0,"timestamp":1613109339,"path_taken":["M","?","M","$","?","E","R","E","T","R","M","?","M","$","R","BOSS","M","M","M","M","?","R","M","M","T","?","M"],"items_purchased_type":["Card","Card","Card"],"build_version":"2020-12-22","purchased_purges":2,"victory":false,"max_hp_per_floor":[68,68,68,68,68,68,68,68,68,68,68,68,68,68,68,68,68,68,68,68,68,68,68,68,68,68,68,68,68],"relic_stats":{"Centennial Puzzle":[30],"counters":[15,50],"Pen Nib":[9],"Art of War":[7],"Cursed Key":1,"obtain_stats":[{"Centennial Puzzle":6,"Molten Egg 2":26,"Pen Nib":8,"Art of War":2,"Cursed Key":17,"Ring of the Snake":0},{"Centennial Puzzle":3,"Molten Egg 2":13,"Pen Nib":4,"Art of War":1,"Cursed Key":7,"Ring of the Snake":0},{"Centennial Puzzle":10,"Molten Egg 2":44,"Pen Nib":15,"Art of War":4,"Cursed Key":24,"Ring of the Snake":0}],"Ring of the Snake":[30]},"card_choices":[{"not_picked":["Secret Weapon","Master of Strategy"],"picked":"Sadistic Nature","floor":0},{"not_picked":["Leg Sweep","Choke"],"picked":"PiercingWail","floor":1},{"not_picked":["Acrobatics","Sucker Punch","Dagger Throw"],"picked":"SKIP","floor":3},{"not_picked":["Venomology","Tactician"],"picked":"Dagger Spray","floor":6},{"not_picked":["Backflip","Concentrate","Outmaneuver"],"picked":"SKIP","floor":8},{"not_picked":["Quick Slash","Acrobatics"],"picked":"Blade Dance","floor":11},{"not_picked":["Poisoned Stab","Bouncing Flask"],"picked":"Blade Dance","floor":13},{"not_picked":["Tools of the Trade","Unload"],"picked":"After Image","floor":16},{"not_picked":["Dagger Throw","Deflect","Flying Knee"],"picked":"SKIP","floor":18},{"not_picked":["All Out Attack+1","Glass Knife"],"picked":"Blur","floor":19},{"not_picked":["Dodge and Roll","Setup","Prepared"],"picked":"SKIP","floor":20},{"not_picked":["Slice","Acrobatics+1"],"picked":"Accuracy","floor":21},{"not_picked":["Poisoned Stab","Dagger Throw","Deadly Poison"],"picked":"SKIP","floor":24},{"not_picked":["Prepared","Deflect"],"picked":"Noxious Fumes+1","floor":25},{"not_picked":["Setup","PiercingWail+1","Eviscerate+1"],"picked":"SKIP","floor":27}],"player_experience":100402,"relics_obtained":[{"floor":6,"key":"Centennial Puzzle"},{"floor":8,"key":"Pen Nib"},{"floor":26,"key":"Molten Egg 2"}],"event_choices":[{"damage_healed":0,"gold_gain":0,"player_choice":"Success","damage_taken":25,"relics_obtained":["Art of War"],"max_hp_gain":0,"max_hp_loss":0,"event_name":"Scrap Ooze","floor":2,"gold_loss":0},{"damage_healed":0,"gold_gain":75,"player_choice":"Gather Gold","damage_taken":11,"max_hp_gain":0,"max_hp_loss":0,"event_name":"World of Goop","floor":5,"gold_loss":0},{"cards_removed":["Strike_G"],"damage_healed":0,"gold_gain":0,"player_choice":"Upgrade and Remove","damage_taken":0,"max_hp_gain":0,"max_hp_loss":0,"event_name":"Designer","floor":22,"gold_loss":90,"cards_upgraded":["Strike_G"]}],"is_beta":false,"boss_relics":[{"not_picked":["Runic Dome","Snecko Eye"],"picked":"Cursed Key"}],"items_purged_floors":[12,14],"is_endless":false,"potions_floor_spawned":[1,6,16,18,21,24],"killed_by":"Centurion and Healer","ascension_level":2}}