{"host":"mo324zvkdr1xwprd","time":1613135281,"event":{"mods":["BaseMod","Better Note","BetterRewards","Hermit","Highlight Path","Hubris","Minty Spire (QoL Compilation)","Quick Restart","Rare Cards Sparkle","Shop Mod","StSLib","The Cursed","The Hierophant"],"gold_per_floor":[116,130,140,140,19,19,34,63,63,96,109,143,158,184,184,289,289,300,300,314,328,328,355,2,22,45,58,72,101,101,130,130,231,231,246,246,262,5,15,48,58,58,58,85,85,99,126,136,136,136,136,136,38,64,64],"floor_reached":56,"language":"ENG","playtime":45183,"items_purged":[],"score":2366,"play_id":"f18a8a32-f873-4105-ad12-84a6c87a3603","local_time":"20210212130801","is_ascension_mode":true,"campfire_choices":[{"floor":6.0,"key":"REST"},{"floor":15.0,"key":"REST"},{"floor":30.0,"key":"REST"},{"data":"Panache","floor":32.0,"key":"SMITH"},{"floor":45,"key":"RECALL"},{"floor":49,"key":"REST"},{"floor":52,"key":"REST"}],"circlet_count":0,"master_deck":["Strike_G","Strike_G","Strike_G","Strike_G","Defend_G","Defend_G","Defend_G","Defend_G","Defend_G","Survivor","Neutralize","Panache+1","Caltrops","PiercingWail","Prepared","Dagger Spray","Slice","Well Laid Plans","Jack Of All Trades","Footwork","Outmaneuver","Escape Plan","Bandage Up","All Out Attack","Prepared","Outmaneuver","Noxious Fumes","Dagger Throw","Terror","Cloak And Dagger","Expertise","Tools of the Trade","Flying Knee+1","Corpse Explosion","Blade Dance","Bandage Up","Choke+1","Blur","Crippling Poison+1","Flying Knee+1","Blur","Slice","Noxious Fumes","Slice","Underhanded Strike","Backflip","Bullet Time","Prepared","Terror+1","Escape Plan+1","Caltrops","Adrenaline","Escape Plan+1","Metamorphosis","Blind","Deep Breath","Outmaneuver","Backflip","Parasite","PiercingWail","Dash+1","Blur+1","hubris:DuctTapeCard","Dodge and Roll+1","Dagger Throw","Deflect+1","Catalyst+1","Bouncing Flask+1"],"relics":["Ring of the Snake","GremlinMask","hubris:EvacipatedBox","Lizard Tail","Strawberry","Potion Belt","hubris:AstralHammer","Bottled Tornado","Sling","hubris:Towel","Bottled Lightning","Matryoshka","Pear","Lantern","hubris:GlazedTorus","hubris:GrandSneckoEye","MutagenicStrength","Snake Skull","Orrery","Bag of Marbles","Oddly Smooth Stone","Happy Flower","Juzu Bracelet","Fusion Hammer","hubris:SlimyHat","Anchor","hubris:DuctTape","Centennial Puzzle","Bronze Scales"],"acts_visited":["Exordium","TheCity","TheBeyond","TheEnding"],"potions_floor_usage":[44,50,53,55,55],"damage_taken":[{"damage":0.0,"enemies":"Small Slimes","floor":1.0,"turns":2.0},{"damage":4.0,"enemies":"Cultist","floor":2.0,"turns":4.0},{"damage":4.0,"enemies":"Jaw Worm","floor":3.0,"turns":4.0},{"damage":7.0,"enemies":"3 Louse","floor":7.0,"turns":2.0},{"damage":3.0,"enemies":"3 Sentries","floor":8.0,"turns":3.0},{"damage":20.0,"enemies":"Lagavulin","floor":10.0,"turns":6.0},{"damage":4.0,"enemies":"Looter","floor":11.0,"turns":3.0},{"damage":23.0,"enemies":"Gremlin Nob","floor":12.0,"turns":4.0},{"damage":8.0,"enemies":"2 Fungi Beasts","floor":13.0,"turns":3.0},{"damage":14.0,"enemies":"3 Sentries","floor":14.0,"turns":3.0},{"damage":21.0,"enemies":"Slime Boss","floor":16.0,"turns":6.0},{"damage":13.0,"enemies":"2 Thieves","floor":18.0,"turns":3.0},{"damage":0.0,"enemies":"Chosen","floor":20.0,"turns":3.0},{"damage":11.0,"enemies":"Snecko","floor":21.0,"turns":4.0},{"damage":19.0,"enemies":"Slavers","floor":23.0,"turns":3.0},{"damage":0.0,"enemies":"Snake Plant","floor":25.0,"turns":2.0},{"damage":8.0,"enemies":"Chosen and Byrds","floor":27.0,"turns":3.0},{"damage":13.0,"enemies":"Centurion and Healer","floor":28.0,"turns":4.0},{"damage":0.0,"enemies":"Gremlin Leader","floor":29.0,"turns":3.0},{"damage":16.0,"enemies":"Book of Stabbing","floor":31.0,"turns":4.0},{"damage":49.0,"enemies":"hubris:MusketHawk","floor":33.0,"turns":7.0},{"damage":2.0,"enemies":"3 Shapes","floor":35.0,"turns":2.0},{"damage":0.0,"enemies":"Orb Walker","floor":37.0,"turns":1.0},{"damage":6.0,"enemies":"Writhing Mass","floor":39.0,"turns":6.0},{"damage":0.0,"enemies":"Reptomancer","floor":40.0,"turns":3.0},{"damage":5.0,"enemies":"3 Darklings","floor":41.0,"turns":4.0},{"damage":3,"enemies":"Nemesis","floor":44,"turns":3},{"damage":0,"enemies":"Sphere and 2 Shapes","floor":46,"turns":2},{"damage":0,"enemies":"Giant Head","floor":47,"turns":7},{"damage":0,"enemies":"4 Shapes","floor":48,"turns":2},{"damage":8,"enemies":"Donu and Deca","floor":50,"turns":4},{"damage":8,"enemies":"Shield and Spear","floor":54,"turns":6},{"damage":98,"enemies":"The Heart","floor":55,"turns":8}],"seed_played":"895719265197165106","potions_obtained":[{"floor":2.0,"key":"DuplicationPotion"},{"floor":7.0,"key":"Explosive Potion"},{"floor":8.0,"key":"Fruit Juice"},{"floor":10.0,"key":"Weak Potion"},{"floor":13.0,"key":"Dexterity Potion"},{"floor":14.0,"key":"ColorlessPotion"},{"floor":20.0,"key":"Regen Potion"},{"floor":25.0,"key":"Poison Potion"},{"floor":28.0,"key":"Fruit Juice"},{"floor":33.0,"key":"Dexterity Potion"},{"floor":35.0,"key":"FearPotion"},{"floor":40.0,"key":"CunningPotion"},{"floor":41.0,"key":"SkillPotion"},{"floor":46,"key":"Block Potion"},{"floor":48,"key":"Weak Potion"}],"is_trial":false,"path_per_floor":["M","M","M","?","$","R","M","E","T","E","M","E","M","E","R","B",null,"M","?","M","M","?","E","$","M","T","M","M","E","R","E","R","B",null,"M","?","M","$","M","E","M","?","T","E","R","M","E","M","R","B",null,"R","$","E","B",null],"character_chosen":"THE_SILENT","items_purchased":["Strawberry","Potion Belt","Panache","Caltrops","PiercingWail","Prepared","Dagger Spray","Bottled Tornado","Sling","Slice","Well Laid Plans","Jack Of All Trades","Bandage Up","All Out Attack","Orrery","Noxious Fumes","Slice","Underhanded Strike","Backflip","Fruit Juice","Backstab","Outmaneuver","Backflip","Fruit Juice"],"campfire_rested":5,"item_purchase_floors":[0,0,0,0,0,0,0,0,0,0,0,0,5,5,24,24,24,24,24,38,38,38,38,53],"current_hp_per_floor":[28,24,20,20,20,43,40,46,46,40,40,21,17,7,34,17,73,64,64,68,73,73,62,62,66,66,66,62,70,97,81,81,40,83,89,79,83,83,90,98,97,97,97,94,94,94,98,98,102,94,100,102,107,103,5],"gold":64,"neow_bonus":"","is_daily":false,"chose_seed":false,"campfire_upgraded":1,"win_rate":0.0,"timestamp":1613135281,"path_taken":["M","M","M","?","$","R","M","E","T","E","M","E","M","E","R","BOSS","M","?","M","M","?","E","$","M","T","M","?","E","R","E","R","BOSS","M","?","M","$","M","E","M","?","T","E","R","M","E","M","R","BOSS","R","$","E","BOSS"],"items_purchased_type":["Relic","Relic","Card","Card","Card","Card","Card","Relic","Relic","Card","Card","Card","Card","Card","Relic","Card","Card","Card","Card","Potion","Card","Card","Card","Potion"],"build_version":"2020-12-22","purchased_purges":0,"victory":true,"max_hp_per_floor":[77,77,77,77,77,77,77,82,82,92,92,92,92,92,92,92,92,92,92,92,92,92,92,92,92,92,92,97,97,97,97,97,97,97,97,97,97,97,102,102,102,102,102,102,102,102,102,102,102,102,102,102,107,107,107],"card_choices":[{"not_picked":["Concentrate","Prepared"],"picked":"Footwork","floor":1.0},{"not_picked":["hubris:SlightOfHand","Deflect"],"picked":"Outmaneuver","floor":2.0},{"not_picked":["Choke","hubris:SlightOfHand"],"picked":"Escape Plan","floor":3.0},{"not_picked":["Poisoned Stab","Tactician"],"picked":"Prepared","floor":7.0},{"not_picked":["Dodge and Roll","Bouncing Flask"],"picked":"Outmaneuver","floor":8.0},{"not_picked":["Quick Slash","Deadly Poison"],"picked":"Noxious Fumes","floor":10.0},{"not_picked":["Riddle With Holes","Sucker Punch"],"picked":"Dagger Throw","floor":11.0},{"not_picked":["Quick Slash","Night Terror"],"picked":"Terror","floor":12.0},{"not_picked":["Setup","Heel Hook"],"picked":"Cloak And Dagger","floor":13.0},{"not_picked":["Reflex","Underhanded Strike"],"picked":"Expertise","floor":14.0},{"not_picked":["Doppelganger","Glass Knife"],"picked":"Tools of the Trade","floor":16.0},{"not_picked":["Poisoned Stab","Setup+1"],"picked":"Flying Knee+1","floor":18.0},{"not_picked":["Prepared","PiercingWail+1"],"picked":"Corpse Explosion","floor":20.0},{"not_picked":["Bouncing Flask+1","Masterful Stab"],"picked":"Blade Dance","floor":21.0},{"not_picked":["Deadly Poison","Heel Hook"],"picked":"Choke+1","floor":23.0},{"not_picked":["hubris:Sniper","Finisher"],"picked":"Blur","floor":24.0},{"not_picked":["hubris:TrickCloak","Prepared"],"picked":"Crippling Poison+1","floor":24.0},{"not_picked":["Dodge and Roll","Calculated Gamble"],"picked":"Flying Knee+1","floor":24.0},{"not_picked":["Deadly Poison","Terror"],"picked":"Blur","floor":24.0},{"not_picked":["hubris:TrickCloak+1","Choke"],"picked":"Slice","floor":24.0},{"not_picked":["Masterful Stab+1","Deadly Poison"],"picked":"Bullet Time","floor":25.0},{"not_picked":["Well Laid Plans","Eviscerate"],"picked":"Prepared","floor":27.0},{"not_picked":["Bouncing Flask","Flying Knee"],"picked":"Terror+1","floor":28.0},{"not_picked":["Cloak And Dagger","Poisoned Stab"],"picked":"Escape Plan+1","floor":29.0},{"not_picked":["Riddle With Holes","Footwork"],"picked":"Caltrops","floor":31.0},{"not_picked":["Storm of Steel","Grand Finale"],"picked":"Adrenaline","floor":33.0},{"not_picked":["All Out Attack+1","Tactician+1"],"picked":"Escape Plan+1","floor":35.0},{"not_picked":["Master of Strategy","Finesse"],"picked":"Metamorphosis","floor":36.0},{"not_picked":["Forethought","Panacea"],"picked":"Blind","floor":36.0},{"not_picked":["Flash of Steel","Thinking Ahead"],"picked":"Deep Breath","floor":36.0},{"not_picked":["All Out Attack","Catalyst"],"picked":"Footwork+1","floor":37.0},{"not_picked":["Sucker Punch+1","Cloak And Dagger"],"picked":"PiercingWail","floor":39.0},{"not_picked":["Distraction+1","Flying Knee+1"],"picked":"Dash+1","floor":40.0},{"not_picked":["hubris:SlightOfHand","Underhanded Strike+1"],"picked":"Blur+1","floor":41.0},{"not_picked":["Cloak And Dagger","Dodge and Roll+1","Flying Knee"],"picked":"SKIP","floor":44},{"not_picked":["Cloak And Dagger","Flying Knee"],"picked":"Dodge and Roll+1","floor":44},{"not_picked":["Acrobatics+1","Noxious Fumes"],"picked":"Dagger Throw","floor":46},{"not_picked":["PiercingWail+1","Bane+1"],"picked":"Deflect+1","floor":47},{"not_picked":["Reflex","Slice+1"],"picked":"Catalyst+1","floor":48},{"not_picked":["Cloak And Dagger+1","Infinite Blades"],"picked":"Bouncing Flask+1","floor":54}],"player_experience":579998,"relics_obtained":[{"floor":8.0,"key":"Bottled Lightning"},{"floor":9.0,"key":"Matryoshka"},{"floor":10.0,"key":"Pear"},{"floor":12.0,"key":"Lantern"},{"floor":14.0,"key":"hubris:GlazedTorus"},{"floor":23.0,"key":"Snake Skull"},{"floor":26.0,"key":"Bag of Marbles"},{"floor":26.0,"key":"Oddly Smooth Stone"},{"floor":29.0,"key":"Happy Flower"},{"floor":31.0,"key":"Juzu Bracelet"},{"floor":40.0,"key":"hubris:SlimyHat"},{"floor":43.0,"key":"Anchor"},{"floor":44,"key":"hubris:DuctTape"},{"floor":47,"key":"Centennial Puzzle"},{"floor":54,"key":"Bronze Scales"}],"event_choices":[{"damage_healed":0.0,"max_hp_gain":0.0,"max_hp_loss":0.0,"gold_gain":0.0,"event_name":"Drug Dealer","player_choice":"Inject Mutagens","floor":19.0,"gold_loss":0.0,"damage_taken":0.0,"relics_obtained":["MutagenicStrength"]},{"damage_healed":0.0,"max_hp_gain":0.0,"max_hp_loss":0.0,"gold_gain":0.0,"event_name":"Duplicator","player_choice":"Copied","floor":22.0,"gold_loss":0.0,"damage_taken":0.0,"cards_obtained":["Bandage Up"]},{"damage_healed":0.0,"max_hp_gain":0.0,"max_hp_loss":0.0,"gold_gain":0.0,"event_name":"SensoryStone","player_choice":"Memory 3","floor":36.0,"gold_loss":0.0,"damage_taken":10.0}],"is_beta":false,"boss_relics":[{"not_picked":["hubris:ScarierMask","hubris:CrackedHourglass","Ectoplasm"],"picked":"hubris:GrandSneckoEye"},{"not_picked":["Astrolabe","hubris:TerracottaHorce","hubris:HollowSoul"],"picked":"Fusion Hammer"}],"items_purged_floors":[],"is_endless":false,"potions_floor_spawned":[2,7,8,10,13,14,20,25,28,33,35,40,41,46,48],"ascension_level":9}}