{"host":"gbsupkmj5cka9iw4","time":1613143790,"event":{"mods":["BaseMod","BetterRewards","Minty Spire (QoL Compilation)","Say the Spire","Shop Mod","StSLib"],"gold_per_floor":[119,132,57,132,132,163,173,202,202,50,200,229,240,250,250,321,321,337,387,407,407,31,62,75,75,102,141,66,110,134,134,134],"floor_reached":31,"language":"ENG","playtime":1897,"items_purged":["Strike_B","Strike_B"],"score":798,"play_id":"4bad8be8-fe54-44b8-aba2-e83a23492eb6","local_time":"20210213002950","is_ascension_mode":true,"campfire_choices":[{"floor":15.0,"key":"REST"}],"circlet_count":0,"master_deck":["AscendersBane","Zap","Dualcast","Apotheosis","Loop","Beam Cell+1","Recycle","FTL","Coolheaded","Conserve Battery","Go for the Eyes","Skim","FTL","Undo","Sweeping Beam","Hologram","Hologram","Coolheaded","Seek","Chill","Tempest","Go for the Eyes","Consume","Machine Learning","Ball Lightning+1","Turbo","Capacitor","Streamline","Apotheosis","Leap","Sweeping Beam+1","Steam+1","Streamline+1","Turbo","White Noise"],"relics":["Cracked Core","PreservedInsect","White Beast Statue","MealTicket","Art of War","Shuriken","Mercury Hourglass","MerchantsRug","Bag of Marbles","Pandora\u0027s Box","Molten Egg 2","CeramicFish","Red Mask","Vajra"],"acts_visited":["Exordium","TheCity"],"potions_floor_usage":[23,27,29,29,30,31],"damage_taken":[{"damage":11.0,"enemies":"Jaw Worm","floor":1.0,"turns":4.0},{"damage":0.0,"enemies":"2 Louse","floor":2.0,"turns":3.0},{"damage":4.0,"enemies":"Lagavulin","floor":6.0,"turns":3.0},{"damage":6.0,"enemies":"Small Slimes","floor":7.0,"turns":3.0},{"damage":27.0,"enemies":"Gremlin Nob","floor":8.0,"turns":4.0},{"damage":0.0,"enemies":"Lagavulin","floor":12.0,"turns":4.0},{"damage":0.0,"enemies":"Looter","floor":13.0,"turns":3.0},{"damage":8.0,"enemies":"Lots of Slimes","floor":14.0,"turns":3.0},{"damage":28.0,"enemies":"Slime Boss","floor":16.0,"turns":5.0},{"damage":20.0,"enemies":"3 Byrds","floor":18.0,"turns":3.0},{"damage":0,"enemies":"Chosen","floor":20,"turns":3},{"damage":3,"enemies":"Book of Stabbing","floor":23,"turns":6},{"damage":23,"enemies":"Snecko","floor":24,"turns":6},{"damage":0,"enemies":"Masked Bandits","floor":27,"turns":4},{"damage":3,"enemies":"Slavers","floor":29,"turns":3},{"damage":0,"enemies":"Cultist and Chosen","floor":30,"turns":5},{"damage":3,"enemies":"Gremlin Leader","floor":31,"turns":4}],"seed_played":"3975579470917914864","potions_obtained":[{"floor":1.0,"key":"Strength Potion"},{"floor":2.0,"key":"LiquidBronze"},{"floor":6.0,"key":"SmokeBomb"},{"floor":7.0,"key":"Fruit Juice"},{"floor":8.0,"key":"FearPotion"},{"floor":12.0,"key":"SpeedPotion"},{"floor":13.0,"key":"PowerPotion"},{"floor":16.0,"key":"PotionOfCapacity"},{"floor":18.0,"key":"SpeedPotion"},{"floor":20,"key":"DuplicationPotion"},{"floor":23,"key":"Fire Potion"},{"floor":27,"key":"BlessingOfTheForge"},{"floor":29,"key":"ColorlessPotion"},{"floor":30,"key":"PotionOfCapacity"}],"is_trial":false,"path_per_floor":["M","M","?","?","?","E","M","E","T","$","?","E","M","M","R","B",null,"M","?","M","?","$","E","M","?","T","?","?","E","M","E"],"character_chosen":"DEFECT","items_purchased":["Apotheosis","PreservedInsect","Loop","Lee\u0027s Waffle","White Beast Statue","MealTicket","Beam Cell","Recycle","FTL","Coolheaded","Art of War","Sweeping Beam","MerchantsRug","Capacitor","Streamline","Apotheosis","Leap"],"campfire_rested":1,"item_purchase_floors":[0,0,0,0,0,0,0,0,0,0,0,10,10,22,22,22,22],"current_hp_per_floor":[67,67,67,56,56,52,51,24,24,39,39,39,39,31,55,27,69,49,41,41,17,32,29,6,6,6,6,6,3,3,0,0],"gold":134,"neow_bonus":"","is_daily":false,"chose_seed":false,"campfire_upgraded":0,"win_rate":0.0,"timestamp":1613143790,"path_taken":["M","M","?","?","?","E","M","E","T","$","?","E","M","M","R","BOSS","M","?","?","?","$","E","M","?","T","?","?","E","?","E"],"items_purchased_type":["Card","Relic","Card","Relic","Relic","Relic","Card","Card","Card","Card","Relic","Card","Relic","Card","Card","Card","Card"],"build_version":"2020-12-22","purchased_purges":2,"victory":false,"max_hp_per_floor":[78,78,78,78,78,78,83,83,83,83,83,83,83,83,83,83,83,83,83,83,88,88,88,88,88,88,88,88,88,88,88,88],"card_choices":[{"not_picked":["Coolheaded","Redo"],"picked":"Conserve Battery","floor":1.0},{"not_picked":["Genetic Algorithm","Leap"],"picked":"Go for the Eyes","floor":2.0},{"not_picked":["Go for the Eyes","Barrage"],"picked":"Skim","floor":6.0},{"not_picked":["Lockon","Leap"],"picked":"FTL","floor":7.0},{"not_picked":["Chill","Genetic Algorithm"],"picked":"Undo","floor":8.0},{"not_picked":["Redo","Barrage"],"picked":"Hologram","floor":12.0},{"not_picked":["Streamline","Tempest"],"picked":"Hologram","floor":13.0},{"not_picked":["Turbo","Conserve Battery"],"picked":"Coolheaded","floor":14.0},{"not_picked":["Rainbow","All For One"],"picked":"Seek","floor":16.0},{"not_picked":["Streamline","Doom and Gloom"],"picked":"Ball Lightning+1","floor":18.0},{"not_picked":["Compile Driver","Stack"],"picked":"Turbo","floor":20},{"not_picked":["Doom and Gloom+1","Coolheaded"],"picked":"Sweeping Beam+1","floor":23},{"not_picked":["Rebound+1","Hello World+1"],"picked":"Steam+1","floor":24},{"not_picked":["Hologram","Hyperbeam+1"],"picked":"Streamline+1","floor":27},{"not_picked":["Stack","Ball Lightning+1"],"picked":"Turbo","floor":29},{"not_picked":["Coolheaded","Leap"],"picked":"White Noise","floor":30}],"player_experience":848549,"relics_obtained":[{"floor":6.0,"key":"Whetstone"},{"floor":8.0,"key":"Shuriken"},{"floor":9.0,"key":"Mercury Hourglass"},{"floor":12.0,"key":"Bag of Marbles"},{"floor":23,"key":"Molten Egg 2"},{"floor":26,"key":"CeramicFish"},{"floor":27,"key":"Red Mask"},{"floor":29,"key":"Vajra"}],"event_choices":[{"cards_removed":["Defend_B"],"damage_healed":0.0,"max_hp_gain":0.0,"max_hp_loss":0.0,"gold_gain":0.0,"event_name":"The Cleric","player_choice":"Card Removal","floor":3.0,"gold_loss":75.0,"damage_taken":0.0},{"damage_healed":0.0,"max_hp_gain":0.0,"max_hp_loss":0.0,"gold_gain":75.0,"event_name":"World of Goop","player_choice":"Gather Gold","floor":4.0,"gold_loss":0.0,"damage_taken":11.0},{"damage_healed":0.0,"max_hp_gain":0.0,"max_hp_loss":0.0,"gold_gain":0.0,"event_name":"Shining Light","player_choice":"Ignored","floor":5.0,"gold_loss":0.0,"damage_taken":0.0},{"damage_healed":0.0,"max_hp_gain":0.0,"max_hp_loss":0.0,"gold_gain":150.0,"event_name":"Liars Game","player_choice":"AGREE","floor":11.0,"gold_loss":0.0,"damage_taken":0.0,"cards_obtained":["Doubt"]},{"damage_healed":0,"gold_gain":50,"player_choice":"Touch","damage_taken":8,"max_hp_gain":0,"max_hp_loss":0,"event_name":"FaceTrader","floor":19,"gold_loss":0},{"damage_healed":0,"gold_gain":0,"player_choice":"Shed Blood","damage_taken":29,"max_hp_gain":5,"max_hp_loss":0,"event_name":"Forgotten Altar","floor":21,"gold_loss":0},{"damage_healed":0,"gold_gain":0,"player_choice":"Fought Bandits","damage_taken":0,"max_hp_gain":0,"max_hp_loss":0,"event_name":"Masked Bandits","floor":27,"gold_loss":0},{"cards_removed":["Doubt"],"damage_healed":0,"gold_gain":0,"player_choice":"Single Remove","damage_taken":0,"max_hp_gain":0,"max_hp_loss":0,"event_name":"Designer","floor":28,"gold_loss":75}],"is_beta":false,"boss_relics":[{"not_picked":["Tiny House","Busted Crown"],"picked":"Pandora\u0027s Box"}],"items_purged_floors":[0,0],"is_endless":false,"potions_floor_spawned":[1,2,6,7,8,12,13,14,16,18,20,23,24,27,29,30],"killed_by":"Gremlin Leader","ascension_level":17}}