{"host":"74rphcgmhz43g39u","time":1613111617,"event":{"mods":["Act Like it!","BaseMod","Gensokyo","Minty Spire (QoL Compilation)","Quick Restart","Remilia£®¿Ÿ√◊¿Ú—«£©","StSLib"],"gold_per_floor":[10,29,44,70,87,87,115,115,139,153,163,174,191,220,220,220,220],"floor_reached":16,"language":"ZHS","playtime":1166,"items_purged":[],"score":212,"play_id":"c8a07d96-9e72-4356-945b-60b08d1268b4","local_time":"20210212143337","is_ascension_mode":true,"campfire_choices":[{"data":"RedNightlessCastle","floor":6.0,"key":"SMITH"},{"data":"ScarletCoffin","floor":8.0,"key":"SMITH"},{"floor":15.0,"key":"REST"}],"circlet_count":0,"master_deck":["AscendersBane","Strike_RM","Strike_RM","Defend_RM","Defend_RM","Defend_RM+1","Defend_RM+1","RedMoon","ScarletShoot","Ultimatum+1","BloodyCatastrophe+1","DevilSight","RedNightlessCastle+1","ScarletCoffin+1","UltimateOffering"],"relics":["ScarletHat","Bag of Preparation","MealTicket","AntiCross","Potion Belt"],"acts_visited":["Exordium"],"potions_floor_usage":[16,16],"damage_taken":[{"damage":4.0,"enemies":"Gensokyo:Python","floor":1.0,"turns":3.0},{"damage":14.0,"enemies":"Gensokyo:Gryphon","floor":2.0,"turns":6.0},{"damage":4.0,"enemies":"Gensokyo:3_Fairies","floor":3.0,"turns":4.0},{"damage":15.0,"enemies":"Gensokyo:2_Rabbits","floor":5.0,"turns":7.0},{"damage":5.0,"enemies":"Gensokyo:Aya","floor":7.0,"turns":3.0},{"damage":4.0,"enemies":"Gensokyo:LivingMonolith","floor":10.0,"turns":2.0},{"damage":5.0,"enemies":"Gensokyo:3_Kodama","floor":11.0,"turns":8.0},{"damage":12.0,"enemies":"Gensokyo:2_Rabbits","floor":12.0,"turns":8.0},{"damage":0.0,"enemies":"Gensokyo:Gryphon_and_Rabbit","floor":13.0,"turns":3.0},{"damage":9.0,"enemies":"Gensokyo:Mamizou","floor":14.0,"turns":7.0},{"damage":41,"enemies":"Gensokyo:Yukari","floor":16,"turns":10}],"seed_played":"3285001160380867046","potions_obtained":[{"floor":5.0,"key":"SteroidPotion"},{"floor":10.0,"key":"ColorlessPotion"},{"floor":12.0,"key":"Fire Potion"},{"floor":13.0,"key":"PowerPotion"},{"floor":14.0,"key":"ColorlessPotion"}],"is_trial":false,"path_per_floor":["M","M","M","T","M","R","E","R","T","M","M","M","M","E","R","B"],"character_chosen":"REMILIA","items_purchased":[],"campfire_rested":1,"item_purchase_floors":[],"current_hp_per_floor":[59,45,43,43,30,30,27,27,27,25,24,14,14,9,30,0,0],"gold":220,"neow_bonus":"TRANSFORM_TWO_CARDS","is_daily":false,"chose_seed":false,"campfire_upgraded":2,"win_rate":0.0,"timestamp":1613111617,"path_taken":["M","M","M","?","M","R","E","R","T","M","M","M","M","E","R","BOSS"],"items_purchased_type":[],"build_version":"2020-12-22","purchased_purges":0,"victory":false,"max_hp_per_floor":[70,70,70,70,70,70,70,70,70,70,70,70,70,70,70,70,70],"card_choices":[{"not_picked":["CharismaGuard","UnderTheZenith"],"picked":"DevilSight","floor":1.0},{"not_picked":["BloodHunter","EndlessAdversity","Stigmanizer"],"picked":"SKIP","floor":1.0},{"not_picked":["BloodAndWine","CharismaGuard"],"picked":"RedNightlessCastle","floor":2.0},{"not_picked":["DiffusionOfMisfortune","EmergencyRegeneration","UnstableMagic"],"picked":"SKIP","floor":2.0},{"not_picked":["DiffusionOfMisfortune","EmergencyRegeneration","UnstableMagic"],"picked":"SKIP","floor":2.0},{"not_picked":["ScarletDevil","BloodHunter","AfternoonTea"],"picked":"SKIP","floor":3.0},{"not_picked":["VampireKiss","UnstableMagic","NightDance"],"picked":"SKIP","floor":5.0},{"not_picked":["ScarletDevil","BombardNight","BloodAndWine"],"picked":"SKIP","floor":5.0},{"not_picked":["BloodHunter","VampirishNight"],"picked":"ScarletCoffin","floor":7.0},{"not_picked":["ScarletDevilSign","LeisurelyOfLord","VampireClaw"],"picked":"SKIP","floor":7.0},{"not_picked":["HunterOfTheNight","Stigmanizer"],"picked":"UltimateOffering","floor":10.0},{"not_picked":["VampireClaw","VampireKiss","CharismaGuard"],"picked":"SKIP","floor":11.0},{"not_picked":["RedRainbow","UnstableMagic","BloodHunter"],"picked":"SKIP","floor":12.0},{"not_picked":["RedRainbow","UnstableMagic","BloodHunter"],"picked":"SKIP","floor":12.0},{"not_picked":["UnstableMagic","MiserableFate","DiffusionOfMisfortune"],"picked":"SKIP","floor":13.0},{"not_picked":["BloodyMagicSquare","VampirishNight","MiserableFate"],"picked":"SKIP","floor":13.0},{"not_picked":["ChaoticDestiny","Septette","AfternoonTea"],"picked":"SKIP","floor":14.0}],"player_experience":863011,"relics_obtained":[{"floor":4.0,"key":"Bag of Preparation"},{"floor":7.0,"key":"MealTicket"},{"floor":10.0,"key":"AntiCross"},{"floor":14.0,"key":"Potion Belt"}],"event_choices":[],"is_beta":false,"boss_relics":[],"items_purged_floors":[],"is_endless":false,"potions_floor_spawned":[5,10,14],"killed_by":"Gensokyo:Yukari","ascension_level":20}}