{"host":"91blwi3hgehj6ch9","time":1613119119,"event":{"mods":["2.2 Compatiblity","AchievementEnabler","BaseMod","Colored Map","DeckTracker","Keyboard Shortcuts","Minty Spire (QoL Compilation)","Permanent Neow","Quick Restart","StSLib","SuperFastMode","everything is the same but u backflip on backflip"],"gold_per_floor":[113,130,143,163,17,43,54,88,140,140,151,177,177,190,190,288,288,302,314,349,41,58,58,58],"floor_reached":23,"language":"KOR","playtime":771,"items_purged":["Strike_R"],"score":277,"play_id":"9b21ff12-6e3e-40cf-9700-33628d22b877","local_time":"20210212173839","is_ascension_mode":true,"campfire_choices":[{"data":"Power Through","floor":13,"key":"SMITH"},{"floor":15,"key":"REST"}],"circlet_count":0,"master_deck":["Strike_R","Strike_R+1","Defend_R","Defend_R","Defend_R","Defend_R","Bash","Intimidate","Pummel","Carnage+1","Wild Strike","Twin Strike","Inflame","Power Through+1","Pommel Strike","Barricade","True Grit","Inflame"],"relics":["Burning Blood","Membership Card","Pantograph","Self Forming Clay","Orichalcum","Odd Mushroom","Runic Pyramid","Red Mask","Dead Branch","Lantern"],"acts_visited":["Exordium","TheCity"],"potions_floor_usage":[8,19,22,22],"damage_taken":[{"damage":6.0,"enemies":"Cultist","floor":1.0,"turns":4.0},{"damage":7.0,"enemies":"Jaw Worm","floor":2.0,"turns":3.0},{"damage":0.0,"enemies":"2 Louse","floor":3.0,"turns":4.0},{"damage":14.0,"enemies":"Looter","floor":4.0,"turns":3.0},{"damage":45.0,"enemies":"3 Sentries","floor":6.0,"turns":9.0},{"damage":0.0,"enemies":"Large Slime","floor":7.0,"turns":4.0},{"damage":16,"enemies":"Gremlin Nob","floor":8,"turns":3},{"damage":3,"enemies":"Blue Slaver","floor":11,"turns":3},{"damage":2,"enemies":"The Mushroom Lair","floor":12,"turns":4},{"damage":4,"enemies":"3 Louse","floor":14,"turns":4},{"damage":37,"enemies":"Hexaghost","floor":16,"turns":9},{"damage":22,"enemies":"2 Thieves","floor":18,"turns":5},{"damage":27,"enemies":"Spheric Guardian","floor":19,"turns":7},{"damage":35,"enemies":"Masked Bandits","floor":20,"turns":7},{"damage":0,"enemies":"Shelled Parasite and Fungi","floor":22,"turns":4},{"damage":17,"enemies":"Gremlin Leader","floor":23,"turns":6}],"seed_played":"-8586481311124499948","potions_obtained":[{"floor":1.0,"key":"PowerPotion"},{"floor":3.0,"key":"SteroidPotion"},{"floor":4.0,"key":"Dexterity Potion"},{"floor":8,"key":"Swift Potion"},{"floor":11,"key":"BloodPotion"},{"floor":19,"key":"BlessingOfTheForge"},{"floor":22,"key":"DuplicationPotion"}],"is_trial":false,"path_per_floor":["M","M","M","M","$","E","M","E","T","?","M","?","R","M","R","B",null,"M","M","?","$","M","E"],"character_chosen":"IRONCLAD","items_purchased":["Membership Card","Dead Branch","Lantern","Inflame"],"campfire_rested":1,"item_purchase_floors":[5,21,21,21],"current_hp_per_floor":[72,71,72,64,64,25,31,21,21,7,10,14,14,16,37,31,62,46,39,10,10,16,0,0],"gold":58,"neow_bonus":"REMOVE_TWO","is_daily":false,"chose_seed":false,"campfire_upgraded":1,"win_rate":0.0,"timestamp":1613119119,"path_taken":["M","?","M","M","$","E","M","E","T","?","M","?","R","M","R","BOSS","M","M","?","$","M","E"],"items_purchased_type":["Relic","Relic","Relic","Card"],"build_version":"2020-12-22","purchased_purges":1,"victory":false,"max_hp_per_floor":[72,72,72,72,72,72,72,72,72,72,72,72,72,72,72,72,72,72,72,72,72,72,72,72],"card_choices":[{"not_picked":["Shockwave","Seeing Red"],"picked":"Intimidate","floor":1.0},{"not_picked":["Rupture","Thunderclap"],"picked":"Pummel","floor":2.0},{"not_picked":["Havoc","Cleave","Clash"],"picked":"SKIP","floor":3.0},{"not_picked":["Twin Strike","Thunderclap"],"picked":"Carnage","floor":4.0},{"not_picked":["Warcry","Intimidate"],"picked":"Wild Strike","floor":6.0},{"not_picked":["Havoc","Sword Boomerang"],"picked":"Twin Strike","floor":7.0},{"not_picked":["Battle Trance","Disarm"],"picked":"Inflame","floor":8},{"not_picked":["Cleave","Clash"],"picked":"Power Through","floor":11},{"not_picked":["Cleave","Flex"],"picked":"Pommel Strike","floor":12},{"not_picked":["Havoc","Rupture","Uppercut"],"picked":"SKIP","floor":14},{"not_picked":["Reaper","Impervious"],"picked":"Barricade","floor":16},{"not_picked":["Body Slam","Rage","Uppercut+1"],"picked":"SKIP","floor":18},{"not_picked":["Clash+1","Flame Barrier"],"picked":"True Grit","floor":19},{"not_picked":["Clash","Rampage","Brutality"],"picked":"SKIP","floor":22}],"player_experience":219389,"relics_obtained":[{"floor":6.0,"key":"Pantograph"},{"floor":8,"key":"Self Forming Clay"},{"floor":9,"key":"Orichalcum"},{"floor":12,"key":"Odd Mushroom"},{"floor":20,"key":"Red Mask"}],"event_choices":[{"damage_healed":0,"gold_gain":0,"player_choice":"Entered Light","damage_taken":14,"max_hp_gain":0,"max_hp_loss":0,"event_name":"Shining Light","floor":10,"gold_loss":0,"cards_upgraded":["Carnage","Strike_R"]},{"damage_healed":0,"gold_gain":0,"player_choice":"Fought Mushrooms","damage_taken":0,"max_hp_gain":0,"max_hp_loss":0,"event_name":"Mushrooms","floor":12,"gold_loss":0},{"damage_healed":0,"gold_gain":0,"player_choice":"Fought Bandits","damage_taken":0,"max_hp_gain":0,"max_hp_loss":0,"event_name":"Masked Bandits","floor":20,"gold_loss":0}],"is_beta":false,"boss_relics":[{"not_picked":["Calling Bell","Ectoplasm"],"picked":"Runic Pyramid"}],"items_purged_floors":[21],"is_endless":false,"potions_floor_spawned":[1,3,4,8,11,19,20,22],"killed_by":"Gremlin Leader","ascension_level":7}}