{"host":"ctlqibkg0sskiu65","time":1613107851,"event":{"mods":["AchievementEnabler","Aspiration","Astrologer","BaseMod","Better Third Choice","BetterRewards","Colored Map","Colored Powertips","Conspire","Curses Come First","Fiend Mod","Infinite Spire","Minty Spire (QoL Compilation)","Potionbrewer","Quick Restart","Reliquary","Replay The Spire","Robot Space Explorer","Shade Mod","Shop Mod","StSLib","The Blackbeard","The Bladedancer","The Cursed","The Death Knight","The Hierophant","The Jungle","The Kombatant","The Necromancer","The Poker Player","The Servant 0.9.4","TheBandit","Wide Potions","thorton"],"gold_per_floor":[118,136,148,183,29,29,40,40,92,121,121,156,7,27,27,125,125,142,159,178,197,211,211,136,136,136,136,151,151,177,191,191,299,299,335,51,151,175,175,203,236,236,236,236,262,262,295,324,148,171,171,171],"floor_reached":53,"language":"ENG","playtime":4979,"items_purged":["blackbeard:BlackbeardStrike","blackbeard:BlackbeardStrike","blackbeard:BlackbeardDefend","blackbeard:PiratesWill"],"score":893,"play_id":"029de921-a480-49d8-8c6c-e8764191e027","local_time":"20210211233051","is_ascension_mode":false,"campfire_choices":[{"data":"blackbeard:FinalBarrage","floor":6.0,"key":"SMITH"},{"data":"blackbeard:Provisioning","floor":11.0,"key":"SMITH"},{"floor":15.0,"key":"REST"},{"data":"blackbeard:BoostMorale","floor":23,"key":"SMITH"},{"floor":25,"key":"REST"},{"data":"blackbeard:CloakAndCannonball","floor":32,"key":"SMITH"},{"floor":44,"key":"REST"},{"data":"blackbeard:Intoxication","floor":46,"key":"SMITH"},{"data":"blackbeard:BlackbeardDefend","floor":51,"key":"SMITH"}],"circlet_count":0,"master_deck":["blackbeard:BlackbeardStrike","blackbeard:IntimidatingStrike","blackbeard:BlackbeardDefend","blackbeard:BlackbeardDefend+1","blackbeard:BlackbeardDefend","blackbeard:Cutlass","blackbeard:FinalBarrage+1","blackbeard:DoubleCannonball+1","blackbeard:WeaponProficiency+1","blackbeard:Shrapnel","blackbeard:GoldenDefense","blackbeard:DoubleCannonball+1","blackbeard:Sword","blackbeard:Provisioning+1","blackbeard:RearmingStrike","blackbeard:CannonBarrage","blackbeard:BoostMorale+1","blackbeard:Rum+1","blackbeard:CloakAndCannonball+1","blackbeard:CloakAndCannonball+1","blackbeard:Intoxication+1","blackbeard:RemoveScurvy+1","blackbeard:HumongousCannonball+1","infinitespire:FutureSight","ReplayTheSpireMod:IOU"],"relics":["blackbeard:LoadTheCannons","conspire:GiftBox","Nunchaku","aspiration:HiddenCompartment","reliquary:Knoch","Ornamental Fan","Regal Pillow","aspiration:SilentSkillbook","blackbeard:PowderCan","Whetstone","infinitespire:EvilPickle","infinitespire:Cupcake","Prayer Wheel","Smiling Mask","Guide Book","Replay:Wax Seal"],"acts_visited":["Exordium","TheCity","TheBeyond"],"potions_floor_usage":[16,16,18,19,20,20,22,28,28,28,30,33,37,37,38,40,40,47,47,48,48,50,50,52,52,52],"damage_taken":[{"damage":1.0,"enemies":"Jaw Worm","floor":1.0,"turns":3.0},{"damage":0.0,"enemies":"Cultist","floor":2.0,"turns":3.0},{"damage":4.0,"enemies":"Small Slimes","floor":3.0,"turns":3.0},{"damage":10.0,"enemies":"conspire:MimicChest","floor":4.0,"turns":5.0},{"damage":0.0,"enemies":"2 Fungi Beasts","floor":7.0,"turns":2.0},{"damage":13.0,"enemies":"3 Sentries","floor":10.0,"turns":4.0},{"damage":27.0,"enemies":"Lagavulin","floor":12.0,"turns":4.0},{"damage":0.0,"enemies":"Blue Slaver","floor":14.0,"turns":3.0},{"damage":17,"enemies":"Fading Forest","floor":16,"turns":11},{"damage":7,"enemies":"Shell Parasite","floor":18,"turns":3},{"damage":5,"enemies":"Spheric Guardian","floor":19,"turns":4},{"damage":29,"enemies":"3 Cultists","floor":20,"turns":6},{"damage":14,"enemies":"Snake Plant","floor":21,"turns":4},{"damage":6,"enemies":"Snecko","floor":22,"turns":3},{"damage":0,"enemies":"conspire:HollyBat","floor":28,"turns":6},{"damage":1,"enemies":"conspire:Head Lice","floor":30,"turns":5},{"damage":3,"enemies":"Centurion and Healer","floor":31,"turns":3},{"damage":1,"enemies":"Pondfish","floor":33,"turns":10},{"damage":0,"enemies":"Orb Walker","floor":35,"turns":3},{"damage":7,"enemies":"infinitespire:Three Voidlings","floor":37,"turns":4},{"damage":54,"enemies":"Nightmare_Alpha","floor":37,"turns":11},{"damage":12,"enemies":"3 Darklings","floor":38,"turns":4},{"damage":10,"enemies":"Maw","floor":40,"turns":6},{"damage":16,"enemies":"4 Shapes","floor":41,"turns":5},{"damage":10,"enemies":"Spire Growth","floor":47,"turns":5},{"damage":0,"enemies":"Transient","floor":48,"turns":5},{"damage":8,"enemies":"Jaw Worm Horde","floor":50,"turns":4},{"damage":70,"enemies":"conspire:OrnateMirror","floor":52,"turns":17}],"seed_played":"2885257520616776436","potions_obtained":[{"floor":2.0,"key":"ColorlessPotion"},{"floor":12.0,"key":"Swift Potion"},{"floor":14.0,"key":"Weak Potion"},{"floor":21,"key":"Swift Potion"},{"floor":22,"key":"FairyPotion"},{"floor":29,"key":"potionbrewer:InfectionPotion"},{"floor":29,"key":"CultistPotion"},{"floor":33,"key":"BlessingOfTheForge"},{"floor":35,"key":"potionbrewer:DiscountPotion"},{"floor":40,"key":"Regen Potion"}],"is_trial":false,"path_per_floor":["M","M","M","?","$","R","M","?","T","E","R","E","$","M","R","B",null,"M","M","M","M","M","R","?","R","T","?","M","?","E","M","R","B",null,"M","$","?","M","?","M","M","PTL","PTL","R","T","R","M","M","$","M","R","B",null],"character_chosen":"BLACKBEARD_CLASS","items_purchased":["Nunchaku","blackbeard:DoubleCannonball","blackbeard:DoubleCannonball","blackbeard:RearmingStrike","blackbeard:HumongousCannonball","Guide Book","Replay:Wax Seal"],"campfire_rested":3,"item_purchase_floors":[0,0,5,13,36,49,49],"current_hp_per_floor":[74,74,70,60,60,60,60,60,60,47,47,20,20,20,57,50,75,68,63,34,20,14,14,14,51,51,51,59,59,58,55,55,54,75,75,75,29,25,25,23,15,15,15,52,52,52,59,67,67,67,67,17],"gold":171,"neow_bonus":"","is_daily":false,"chose_seed":false,"campfire_upgraded":6,"win_rate":0.0,"timestamp":1613107851,"path_taken":["M","M","M","?","$","R","?","?","T","E","R","E","$","M","R","BOSS","M","M","M","M","M","R","?","R","T","?","M","?","E","?","R","BOSS","M","$","?","M","?","M","M","PTL","PTL","R","T","R","M","?","?","M","R","BOSS"],"items_purchased_type":["Relic","Card","Card","Card","Card","Relic","Relic"],"build_version":"2020-12-22","purchased_purges":4,"victory":true,"max_hp_per_floor":[75,75,75,75,75,75,75,75,75,75,75,75,75,75,75,75,75,75,75,75,75,75,75,75,75,75,75,75,75,75,75,75,75,75,75,75,75,75,75,75,75,75,75,75,75,75,75,75,75,75,75,75],"card_choices":[{"not_picked":["blackbeard:GoldenRain","blackbeard:HumongousCannonball"],"picked":"blackbeard:FinalBarrage","floor":0.0},{"not_picked":["blackbeard:Sword","blackbeard:TacticalRetreat"],"picked":"blackbeard:WeaponProficiency","floor":1.0},{"not_picked":["blackbeard:JollyRoger","blackbeard:Sharpening"],"picked":"blackbeard:PiratesWill","floor":2.0},{"not_picked":["blackbeard:Revenge","blackbeard:SwordDance"],"picked":"blackbeard:Shrapnel","floor":3.0},{"not_picked":["blackbeard:TacticalRetreat","blackbeard:WiseDefense"],"picked":"blackbeard:GoldenDefense","floor":4.0},{"not_picked":["blackbeard:GoldenStrike","blackbeard:WoodenLeg"],"picked":"blackbeard:Sword","floor":7.0},{"not_picked":["blackbeard:Sword","blackbeard:GoldenStrike"],"picked":"blackbeard:Provisioning","floor":10.0},{"not_picked":["blackbeard:Sharpening","blackbeard:BeatUp","blackbeard:ChaoticDefense"],"picked":"SKIP","floor":12.0},{"not_picked":["blackbeard:Upgrade","blackbeard:GhostInTheRum"],"picked":"blackbeard:CannonBarrage","floor":14.0},{"not_picked":["blackbeard:TheDrunkenSailor","blackbeard:CaptainsHat"],"picked":"blackbeard:BoostMorale","floor":16},{"not_picked":["Slice","conspire:DoublingDagger","blackbeard:SmithingHammer+1","Flying Knee"],"picked":"SKIP","floor":18},{"not_picked":["blackbeard:BlindAttacks+1","blackbeard:Anchor","Bane","Acrobatics+1"],"picked":"SKIP","floor":19},{"not_picked":["blackbeard:WiseDefense+1","blackbeard:Fencing+1","blackbeard:DelayedPain","Reflex"],"picked":"SKIP","floor":20},{"not_picked":["Acrobatics","Dagger Spray","blackbeard:WeaponProficiency","blackbeard:BlindAttacks"],"picked":"SKIP","floor":21},{"not_picked":["Wraith Form v2","Flying Knee","blackbeard:Spear"],"picked":"blackbeard:Rum","floor":22},{"not_picked":["Backflip","Slice","blackbeard:BeatUp"],"picked":"blackbeard:CloakAndCannonball+1","floor":28},{"not_picked":["Choke","Dodge and Roll+1","Finisher+1"],"picked":"blackbeard:CloakAndCannonball","floor":30},{"not_picked":["Acrobatics","Dodge and Roll","Deflect","Riddle With Holes"],"picked":"SKIP","floor":31},{"not_picked":["blackbeard:GoldenRain","Doppelganger","blackbeard:Halberd"],"picked":"blackbeard:Intoxication","floor":33},{"not_picked":["ReplayTheSpireMod:Speed Training+1","Backstab+1","Replay:Poison Smokescreen"],"picked":"blackbeard:RemoveScurvy+1","floor":35},{"not_picked":["ReplayTheSpireMod:Black Plague","infinitespire:Collect"],"picked":"infinitespire:FutureSight","floor":37},{"not_picked":["Calculated Gamble+1","Quick Slash+1","ReplayTheSpireMod:Scrap Shanks+1","Underhanded Strike+1"],"picked":"SKIP","floor":38},{"not_picked":["blackbeard:BeatUp","Crippling Poison+1","Underhanded Strike+1","blackbeard:GoldenDefense"],"picked":"SKIP","floor":38},{"not_picked":["Flying Knee+1","Predator+1","Bane","Underhanded Strike+1"],"picked":"SKIP","floor":40},{"not_picked":["ReplayTheSpireMod:Speed Training+1","blackbeard:FieryDefense+1","conspire:DoublingDagger+1","conspire:PoisonWeapons"],"picked":"SKIP","floor":40},{"not_picked":["blackbeard:WeaponMastery","blackbeard:PiratesWill+1","Underhanded Strike","Hidden Blade"],"picked":"SKIP","floor":41},{"not_picked":["Infinite Blades+1","blackbeard:Sword","Quick Slash","Eviscerate+1"],"picked":"SKIP","floor":41},{"not_picked":["Hidden Blade+1","Riddle With Holes+1","Deflect","blackbeard:ChaoticDefense+1"],"picked":"SKIP","floor":47},{"not_picked":["Tactician+1","Sucker Punch+1","blackbeard:SmithingHammer","blackbeard:Sharpening+1"],"picked":"SKIP","floor":47},{"not_picked":["blackbeard:Fencing+1","Escape Plan","blackbeard:GoldenDefense+1","blackbeard:Boarding"],"picked":"SKIP","floor":48},{"not_picked":["ReplayTheSpireMod:Tripwire+1","Flying Knee","Slice","Bane+1"],"picked":"SKIP","floor":48},{"not_picked":["blackbeard:BeatUp","PiercingWail+1","Acrobatics+1","Flying Knee"],"picked":"SKIP","floor":50},{"not_picked":["blackbeard:WoodenLeg+1","blackbeard:PirateHook+1","PiercingWail","Bouncing Flask"],"picked":"SKIP","floor":50}],"player_experience":291283,"relics_obtained":[{"floor":4.0,"key":"aspiration:HiddenCompartment"},{"floor":9.0,"key":"reliquary:Knoch"},{"floor":10.0,"key":"Ornamental Fan"},{"floor":12.0,"key":"Regal Pillow"},{"floor":26,"key":"blackbeard:PowderCan"},{"floor":30,"key":"Whetstone"},{"floor":37,"key":"Prayer Wheel"},{"floor":45,"key":"Smiling Mask"}],"event_choices":[{"damage_healed":0.0,"max_hp_gain":0.0,"max_hp_loss":0.0,"gold_gain":0.0,"event_name":"Golden Idol","player_choice":"Ignored","floor":8.0,"gold_loss":0.0,"damage_taken":0.0},{"cards_removed":["blackbeard:BlackbeardStrike"],"damage_healed":0,"gold_gain":0,"player_choice":"Gave Gold","damage_taken":0,"max_hp_gain":0,"max_hp_loss":0,"event_name":"Beggar","floor":24,"gold_loss":75},{"damage_healed":0,"gold_gain":0,"player_choice":"Leave","damage_taken":0,"max_hp_gain":0,"max_hp_loss":0,"event_name":"conspire:Investor","floor":27,"gold_loss":0},{"damage_healed":0,"gold_gain":0,"player_choice":"Got Potions","damage_taken":0,"max_hp_gain":0,"max_hp_loss":0,"event_name":"Lab","floor":29,"gold_loss":0},{"damage_healed":0,"gold_gain":0,"player_choice":"Forge","damage_taken":0,"max_hp_gain":0,"max_hp_loss":0,"event_name":"Accursed Blacksmith","floor":39,"gold_loss":0,"cards_upgraded":["blackbeard:Rum"]}],"is_beta":false,"boss_relics":[{"not_picked":["Replay:Grab Bag","ReplayTheSpireMod:DimensionalGlitch"],"picked":"aspiration:SilentSkillbook"},{"not_picked":["Runic Dome","ChewingGum"],"picked":"infinitespire:Cupcake"}],"items_purged_floors":[5,13,36,49],"is_endless":false,"potions_floor_spawned":[2,12,14,21,22,33,35,40,41],"ascension_level":0}}