{"host":"zlryddw6xv0ljf8b","time":1613174358,"event":{"mods":["AchievementEnabler","BaseMod","Colored Map","Colored Powertips","Highlight Path","Minty Spire (QoL Compilation)","Permanent Neow","Quick Restart","StSLib"],"gold_per_floor":[112,128,128,148,148,183,183,81,81,29,29,39,39,67,67,168,168,185,203,53,53,3,28,41,41,41,58,76,90,117,117,117,216,266,286,300,34,34,34],"floor_reached":40,"language":"ENG","playtime":2010,"items_purged":["Defend_P","Strike_P+1","Defend_P+1"],"score":684,"play_id":"b39889ab-58bd-4438-9bcf-adffd252ba7b","local_time":"20210212175918","is_ascension_mode":false,"campfire_choices":[{"data":"Eruption","floor":7.0,"key":"SMITH"},{"data":"PathToVictory","floor":11.0,"key":"SMITH"},{"floor":15.0,"key":"REST"},{"data":"PathToVictory","floor":25.0,"key":"SMITH"},{"data":"Vigilance","floor":32,"key":"SMITH"}],"circlet_count":0,"master_deck":["Strike_P+1","Strike_P+1","Defend_P+1","Defend_P+1","Eruption+1","Vigilance+1","Protect+1","FollowUp+1","PathToVictory+1","PathToVictory+1"],"relics":["Black Star","Gambling Chip","Darkstone Periapt","Calipers","Mercury Hourglass","Gremlin Horn","Bag of Preparation","Runic Pyramid","Membership Card","Juzu Bracelet","Tiny Chest","Regal Pillow","Omamori","Nloth\u0027s Gift","Tiny House","Blood Vial","Lee\u0027s Waffle"],"acts_visited":["Exordium","TheCity","TheBeyond"],"potions_floor_usage":[39,39,39],"damage_taken":[{"damage":0.0,"enemies":"Small Slimes","floor":1.0,"turns":3.0},{"damage":10.0,"enemies":"2 Louse","floor":2.0,"turns":3.0},{"damage":0.0,"enemies":"Cultist","floor":4.0,"turns":2.0},{"damage":1.0,"enemies":"3 Sentries","floor":6.0,"turns":6.0},{"damage":3.0,"enemies":"Red Slaver","floor":12.0,"turns":3.0},{"damage":10.0,"enemies":"Lagavulin","floor":14.0,"turns":7.0},{"damage":25.0,"enemies":"Slime Boss","floor":16.0,"turns":7.0},{"damage":2.0,"enemies":"Shell Parasite","floor":18.0,"turns":3.0},{"damage":2.0,"enemies":"3 Byrds","floor":19.0,"turns":2.0},{"damage":2.0,"enemies":"Gremlin Leader","floor":23.0,"turns":4.0},{"damage":0.0,"enemies":"Snecko","floor":24.0,"turns":2.0},{"damage":2.0,"enemies":"Cultist and Chosen","floor":27.0,"turns":3.0},{"damage":0.0,"enemies":"Snake Plant","floor":28.0,"turns":2.0},{"damage":0.0,"enemies":"Snecko","floor":29.0,"turns":4.0},{"damage":1.0,"enemies":"Slavers","floor":30.0,"turns":3.0},{"damage":12,"enemies":"Collector","floor":33,"turns":5},{"damage":0,"enemies":"3 Shapes","floor":35,"turns":3},{"damage":9,"enemies":"3 Darklings","floor":36,"turns":3},{"damage":66,"enemies":"Awakened One","floor":39,"turns":7}],"seed_played":"-341292009490409467","potions_obtained":[{"floor":2.0,"key":"AttackPotion"},{"floor":12.0,"key":"SkillPotion"},{"floor":14.0,"key":"ColorlessPotion"},{"floor":18.0,"key":"SneckoOil"},{"floor":23.0,"key":"Weak Potion"},{"floor":27.0,"key":"Regen Potion"},{"floor":28.0,"key":"SkillPotion"},{"floor":33,"key":"AttackPotion"},{"floor":34,"key":"LiquidMemories"}],"is_trial":false,"path_per_floor":["M","M","?","M","?","E","R","$","T","$","R","M","?","E","R","B",null,"M","M","$","?","$","E","M","R","T","M","M","M","E","?","R","B",null,"M","M","$","?","B",null],"character_chosen":"WATCHER","items_purchased":["PathToVictory","BottledMiracle","Membership Card","Blood Vial","Lee\u0027s Waffle","Ambrosia"],"campfire_rested":1,"item_purchase_floors":[8,10,20,37,37,37],"current_hp_per_floor":[72,62,48,48,41,40,40,40,40,40,40,37,34,24,45,20,72,70,68,68,68,68,66,66,66,66,64,64,64,63,63,63,51,77,77,68,84,84,18],"gold":34,"neow_bonus":"BOSS_RELIC","is_daily":false,"chose_seed":false,"campfire_upgraded":4,"win_rate":0.0,"timestamp":1613174358,"path_taken":["M","M","?","M","?","E","R","$","T","$","R","M","?","E","R","BOSS","M","M","$","?","$","E","M","R","T","M","M","M","E","?","R","BOSS","M","M","$","?","BOSS"],"items_purchased_type":["Card","Potion","Relic","Relic","Relic","Potion"],"build_version":"2020-12-22","purchased_purges":3,"victory":true,"max_hp_per_floor":[72,72,72,72,72,72,72,72,72,72,72,72,72,72,72,72,72,72,72,72,72,72,72,72,72,72,72,72,72,72,72,72,72,77,77,77,84,84,84],"card_choices":[{"not_picked":["EmptyBody","CrushJoints"],"picked":"Protect","floor":1.0},{"not_picked":["CrushJoints","MentalFortress","SandsOfTime"],"picked":"SKIP","floor":2.0},{"not_picked":["JustLucky","Adaptation","CutThroughFate"],"picked":"SKIP","floor":4.0},{"not_picked":["Vault","EmptyMind"],"picked":"FollowUp","floor":6.0},{"not_picked":["EmptyBody","LikeWater","CutThroughFate"],"picked":"SKIP","floor":12.0},{"not_picked":["Collect","BowlingBash","WaveOfTheHand"],"picked":"SKIP","floor":14.0},{"not_picked":["EmptyMind","CrushJoints"],"picked":"PathToVictory","floor":18.0},{"not_picked":["Halt","CrushJoints","FlyingSleeves"],"picked":"SKIP","floor":19.0},{"not_picked":["Worship","Protect","EmptyBody+1"],"picked":"SKIP","floor":23.0},{"not_picked":["Scrawl","JustLucky+1","Vengeance+1"],"picked":"SKIP","floor":24.0},{"not_picked":["Perseverance","CutThroughFate","Vengeance"],"picked":"SKIP","floor":27.0},{"not_picked":["Perseverance","CutThroughFate","Vengeance"],"picked":"SKIP","floor":27.0},{"not_picked":["JustLucky","Protect","WreathOfFlame"],"picked":"SKIP","floor":28.0},{"not_picked":["ThirdEye","Consecrate+1","Ragnarok"],"picked":"SKIP","floor":29.0},{"not_picked":["WindmillStrike","Collect+1","Halt"],"picked":"SKIP","floor":30},{"not_picked":["Consecrate","Halt","CrushJoints+1"],"picked":"SKIP","floor":35},{"not_picked":["SashWhip","CrushJoints","FollowUp+1"],"picked":"SKIP","floor":36}],"player_experience":81700,"relics_obtained":[{"floor":6.0,"key":"Gambling Chip"},{"floor":6.0,"key":"Darkstone Periapt"},{"floor":9.0,"key":"Calipers"},{"floor":14.0,"key":"Gremlin Horn"},{"floor":14.0,"key":"Bag of Preparation"},{"floor":23.0,"key":"Juzu Bracelet"},{"floor":23.0,"key":"Tiny Chest"},{"floor":26.0,"key":"Regal Pillow"},{"floor":30,"key":"Omamori"},{"floor":30,"key":"Bottled Lightning"}],"event_choices":[{"damage_healed":0.0,"max_hp_gain":0.0,"max_hp_loss":0.0,"gold_gain":0.0,"event_name":"Shining Light","player_choice":"Entered Light","floor":3.0,"gold_loss":0.0,"damage_taken":14.0,"cards_upgraded":["Protect","Defend_P"]},{"cards_removed":["Strike_P"],"damage_healed":0.0,"max_hp_gain":0.0,"max_hp_loss":0.0,"gold_gain":0.0,"event_name":"Golden Wing","player_choice":"Card Removal","floor":5.0,"gold_loss":0.0,"damage_taken":7.0},{"damage_healed":0.0,"max_hp_gain":0.0,"max_hp_loss":0.0,"gold_gain":0.0,"event_name":"Scrap Ooze","player_choice":"Success","floor":13.0,"gold_loss":0.0,"damage_taken":3.0,"relics_obtained":["Mercury Hourglass"]},{"damage_healed":0.0,"max_hp_gain":0.0,"max_hp_loss":0.0,"gold_gain":0.0,"event_name":"Back to Basics","player_choice":"Simplicity","floor":21.0,"gold_loss":0.0,"damage_taken":0.0,"cards_upgraded":["Strike_P","Strike_P","Strike_P","Defend_P","Defend_P"]},{"damage_healed":0,"gold_gain":0,"player_choice":"Traded Relic","damage_taken":0,"relics_obtained":["Nloth\u0027s Gift"],"max_hp_gain":0,"max_hp_loss":0,"event_name":"N\u0027loth","floor":31,"relics_lost":["Bottled Lightning"],"gold_loss":0},{"damage_healed":0,"gold_gain":0,"player_choice":"Took Portal","damage_taken":0,"max_hp_gain":0,"max_hp_loss":0,"event_name":"SecretPortal","floor":38,"gold_loss":0}],"is_beta":false,"boss_relics":[{"not_picked":["Ectoplasm","Pandora\u0027s Box"],"picked":"Runic Pyramid"},{"not_picked":["Runic Dome","VioletLotus"],"picked":"Tiny House"}],"items_purged_floors":[8,22,37],"is_endless":false,"potions_floor_spawned":[2,12,14,18,23,27,28,33,36],"ascension_level":0}}