{"host":"9zznonz1olisd4fd","time":1613142434,"event":{"mods":["BaseMod","Hermit","Keyboard Shortcuts","Koishi","Marisa£¨Ùöéë¡¡Øª×âÞÞ£©","Minty Spire (QoL Compilation)","StSLib","SuperFastMode","The Bug Knight","The Cursed"],"gold_per_floor":[111,111,130,59,72,105,105,123,123,123,123,123,123,48,48,48,48],"floor_reached":16,"language":"KOR","playtime":397,"items_purged":["hermit:Strike_Hermit"],"score":98,"play_id":"f4bcde26-7f81-4961-a3ad-25b55b379f2f","local_time":"20210213000714","is_ascension_mode":false,"campfire_choices":[{"data":"hermit:SprayPray","floor":7,"key":"SMITH"},{"data":"hermit:CalledShot","floor":11,"key":"SMITH"},{"data":"hermit:Defend_Hermit","floor":13,"key":"SMITH"},{"data":"hermit:Shortfuse","floor":15,"key":"SMITH"}],"circlet_count":0,"master_deck":["hermit:Strike_Hermit","hermit:Strike_Hermit","hermit:Defend_Hermit+1","hermit:Defend_Hermit","hermit:Defend_Hermit","hermit:Defend_Hermit","hermit:Snapshot","hermit:Covet","hermit:ItchyTrigger","hermit:SprayPray+1","hermit:Shortfuse+1","hermit:CalledShot+1","hermit:Ricochet"],"relics":["hermit:Momento","NeowsBlessing","Orichalcum","Toy Ornithopter","Gambling Chip"],"acts_visited":["Exordium"],"potions_floor_usage":[6],"damage_taken":[{"damage":0,"enemies":"2 Louse","floor":1,"turns":1},{"damage":0,"enemies":"Jaw Worm","floor":3,"turns":1},{"damage":0,"enemies":"Cultist","floor":5,"turns":1},{"damage":21,"enemies":"Lagavulin","floor":6,"turns":4},{"damage":8,"enemies":"Red Slaver","floor":8,"turns":2},{"damage":51,"enemies":"The Guardian","floor":16,"turns":8}],"seed_played":"-4819570524376255481","potions_obtained":[{"floor":5,"key":"DistilledChaos"},{"floor":8,"key":"BlessingOfTheForge"}],"is_trial":false,"path_per_floor":["M","?","M","$","M","E","R","M","T","T","R","?","R","$","R","B"],"character_chosen":"HERMIT","items_purchased":["hermit:Shortfuse"],"campfire_rested":0,"item_purchase_floors":[4],"current_hp_per_floor":[75,80,80,80,80,59,59,51,51,51,51,51,51,51,51,0,0],"gold":48,"neow_bonus":"THREE_ENEMY_KILL","is_daily":false,"chose_seed":false,"campfire_upgraded":4,"win_rate":0.0,"timestamp":1613142434,"path_taken":["M","?","M","?","?","E","R","M","T","?","R","?","R","$","R","BOSS"],"items_purchased_type":["Card"],"build_version":"2020-12-22","purchased_purges":1,"victory":false,"max_hp_per_floor":[75,80,80,80,80,80,80,80,80,80,80,80,80,80,80,80,80],"card_choices":[{"not_picked":["hermit:Glare","hermit:Spite"],"picked":"hermit:ItchyTrigger","floor":1},{"not_picked":["hermit:Cheat","hermit:HoleUp"],"picked":"hermit:SprayPray","floor":3},{"not_picked":["hermit:ItchyTrigger","hermit:Coalescence","hermit:SprayPray"],"picked":"SKIP","floor":5},{"not_picked":["hermit:TakeCover","hermit:Manifest"],"picked":"hermit:CalledShot","floor":6},{"not_picked":["hermit:Spite","hermit:PistolWhip"],"picked":"hermit:Ricochet","floor":8}],"player_experience":537208,"relics_obtained":[{"floor":6,"key":"Orichalcum"},{"floor":9,"key":"Toy Ornithopter"},{"floor":10,"key":"Gambling Chip"}],"event_choices":[{"damage_healed":0,"gold_gain":0,"player_choice":"Donut","damage_taken":0,"max_hp_gain":5,"max_hp_loss":0,"event_name":"Big Fish","floor":2,"gold_loss":0},{"cards_removed":["hermit:Strike_Hermit"],"damage_healed":0,"gold_gain":0,"player_choice":"Forget","damage_taken":0,"max_hp_gain":0,"max_hp_loss":0,"event_name":"Living Wall","floor":12,"gold_loss":0}],"is_beta":false,"boss_relics":[],"items_purged_floors":[14],"is_endless":false,"potions_floor_spawned":[5,8],"killed_by":"The Guardian","ascension_level":0}}