{"host":"s24sb66hw4a4sfft","time":1613101251,"event":{"mods":["AchievementEnabler","BaseMod","Colored Map","Colored Powertips","Googly Eyes","Hermit","Hubris","Minty Spire (QoL Compilation)","Quick Restart","Shop Mod","StSLib"],"gold_per_floor":[119,139,18,33,33,33,44,58,58,58,58,78,28,46,46,147,147,164,164,184,13,31,56,56,56,56,67,87,87,107,107,107],"floor_reached":31,"language":"ENG","playtime":1168,"items_purged":["hermit:Strike_Hermit"],"score":276,"play_id":"f2a02390-6fef-4829-af12-7de5a89c7522","local_time":"20210211224050","is_ascension_mode":false,"campfire_choices":[{"data":"hermit:Quickdraw","floor":6.0,"key":"SMITH"},{"floor":11.0,"key":"REST"},{"data":"hermit:CursedWeapon","floor":15.0,"key":"SMITH"},{"floor":24.0,"key":"REST"}],"circlet_count":0,"master_deck":["hermit:Strike_Hermit","hermit:Strike_Hermit","hermit:Strike_Hermit","hermit:Defend_Hermit","hermit:Defend_Hermit","hermit:Defend_Hermit","hermit:Defend_Hermit","hermit:Snapshot","hermit:Covet","hermit:WideOpen","hermit:Feint","hermit:Quickdraw+1","hermit:Coalescence","hermit:CursedWeapon+1","hermit:Roulette","hermit:HighCaliber","hermit:Glare+1","hermit:Headshot","hermit:RoundhouseKick","hermit:Snipe+1","Writhe","Apotheosis+1","hermit:ItchyTrigger+1","hermit:TrackingShot+1","hermit:Deadeye+1","hermit:CursedWeapon+1","hermit:Quickdraw+1"],"relics":["hermit:ClaspedLocket","NeowsBlessing","Toxic Egg 2","Dream Catcher","hubris:ToyBattleship","Bronze Scales","Torii"],"acts_visited":["Exordium","TheCity"],"potions_floor_usage":[],"damage_taken":[{"damage":0.0,"enemies":"Cultist","floor":1.0,"turns":1.0},{"damage":0.0,"enemies":"2 Louse","floor":2.0,"turns":1.0},{"damage":0.0,"enemies":"Jaw Worm","floor":4.0,"turns":1.0},{"damage":11.0,"enemies":"3 Louse","floor":7.0,"turns":3.0},{"damage":10.0,"enemies":"Lots of Slimes","floor":8.0,"turns":6.0},{"damage":10.0,"enemies":"Gremlin Gang","floor":12.0,"turns":4.0},{"damage":2.0,"enemies":"Exordium Wildlife","floor":14.0,"turns":2.0},{"damage":28.0,"enemies":"Slime Boss","floor":16.0,"turns":8.0},{"damage":23.0,"enemies":"2 Thieves","floor":18.0,"turns":4.0},{"damage":7.0,"enemies":"Spheric Guardian","floor":20.0,"turns":3.0},{"damage":20.0,"enemies":"Snecko","floor":22.0,"turns":5.0},{"damage":2.0,"enemies":"Gremlin Leader","floor":23.0,"turns":6.0},{"damage":4.0,"enemies":"Snake Plant","floor":27.0,"turns":3.0},{"damage":24.0,"enemies":"Shelled Parasite and Fungi","floor":28.0,"turns":4.0},{"damage":13,"enemies":"Snecko","floor":30,"turns":3},{"damage":0,"enemies":"Centurion and Healer","floor":31,"turns":1}],"seed_played":"1209826209422866851","potions_obtained":[{"floor":2.0,"key":"ColorlessPotion"},{"floor":8.0,"key":"BlessingOfTheForge"},{"floor":12.0,"key":"FearPotion"},{"floor":18.0,"key":"Swift Potion"},{"floor":28.0,"key":"Dexterity Potion"}],"is_trial":false,"path_per_floor":["M","M","$","M","$","R","M","M","T","?","R","M","$","M","R","B",null,"M","?","M","$","M","E","R","?","T","M","M","$","M","M"],"character_chosen":"HERMIT","items_purchased":["hermit:Quickdraw","hermit:Glare+1","Apotheosis+1"],"campfire_rested":2,"item_purchase_floors":[3,13,21],"current_hp_per_floor":[75,75,75,75,75,75,64,54,54,54,75,65,65,63,63,35,75,52,52,45,45,25,23,45,45,45,41,17,17,4,4,4],"gold":107,"neow_bonus":"THREE_ENEMY_KILL","is_daily":false,"chose_seed":false,"campfire_upgraded":2,"win_rate":0.0,"timestamp":1613101250,"path_taken":["M","M","?","M","$","R","?","?","T","?","R","M","$","M","R","BOSS","M","?","M","$","M","E","R","?","T","?","M","$","?","M"],"items_purchased_type":["Card","Card","Card"],"build_version":"2020-12-22","purchased_purges":1,"victory":false,"max_hp_per_floor":[75,75,75,75,75,75,75,75,75,75,75,75,75,75,75,75,75,75,75,75,75,75,75,75,75,75,75,75,75,75,75,75],"card_choices":[{"not_picked":["hermit:LowProfile","hermit:Manifest"],"picked":"hermit:WideOpen","floor":1.0},{"not_picked":["hermit:WideOpen","hermit:Manifest"],"picked":"hermit:Feint","floor":2.0},{"not_picked":["hermit:Midnight","hermit:Showdown"],"picked":"hermit:Coalescence","floor":4.0},{"not_picked":["hermit:HoleUp","hermit:CalledShot"],"picked":"hermit:CursedWeapon","floor":7.0},{"not_picked":["hermit:GhostlyPresence","hermit:Headshot"],"picked":"hermit:Roulette","floor":8.0},{"not_picked":["hermit:Combo","hermit:Desperado"],"picked":"hermit:HighCaliber","floor":11.0},{"not_picked":["hermit:CalledShot","hermit:Cheat+1","hermit:Roulette"],"picked":"SKIP","floor":12.0},{"not_picked":["hermit:WideOpen","hermit:FullyLoaded+1"],"picked":"hermit:Headshot","floor":14.0},{"not_picked":["hermit:HighNoon","hermit:Adapt"],"picked":"hermit:RoundhouseKick","floor":16.0},{"not_picked":["hermit:LowProfile+1","hermit:TakeCover+1"],"picked":"hermit:Snipe+1","floor":18.0},{"not_picked":["hermit:HoleUp+1","hermit:NoHoldsBarred","hermit:Feint+1"],"picked":"SKIP","floor":20.0},{"not_picked":["hermit:Headshot","hermit:SprayPray"],"picked":"hermit:ItchyTrigger+1","floor":22.0},{"not_picked":["hermit:LowProfile+1","hermit:Maintenance+1"],"picked":"hermit:TrackingShot+1","floor":23.0},{"not_picked":["hermit:Showdown","hermit:Brawl"],"picked":"hermit:Deadeye+1","floor":24.0},{"not_picked":["hermit:Ricochet","hermit:Midnight+1"],"picked":"hermit:Quickdraw+1","floor":27.0},{"not_picked":["hermit:LowProfile+1","hermit:Cheat+1","hermit:FullyLoaded+1"],"picked":"SKIP","floor":28.0},{"not_picked":["hermit:Combo","hermit:OverwhelmingPower","hermit:Maintenance+1"],"picked":"SKIP","floor":30}],"player_experience":615469,"relics_obtained":[{"floor":9.0,"key":"Toxic Egg 2"},{"floor":23.0,"key":"Bronze Scales"},{"floor":26.0,"key":"Torii"}],"event_choices":[{"damage_healed":0.0,"max_hp_gain":0.0,"max_hp_loss":0.0,"gold_gain":0.0,"event_name":"Dead Adventurer","player_choice":"Searched \u00272\u0027 times","floor":10.0,"gold_loss":0.0,"damage_taken":0.0,"relics_obtained":["Dream Catcher"]},{"damage_healed":0.0,"max_hp_gain":0.0,"max_hp_loss":0.0,"gold_gain":0.0,"event_name":"The Mausoleum","player_choice":"Opened","floor":19.0,"gold_loss":0.0,"damage_taken":0.0,"relics_obtained":["hubris:ToyBattleship"],"cards_obtained":["Writhe"]},{"damage_healed":0.0,"max_hp_gain":0.0,"max_hp_loss":0.0,"gold_gain":0.0,"event_name":"Duplicator","player_choice":"Copied","floor":25.0,"gold_loss":0.0,"damage_taken":0.0,"cards_obtained":["hermit:CursedWeapon"]}],"is_beta":false,"boss_relics":[{"not_picked":["Astrolabe","Coffee Dripper"],"picked":"hermit:ClaspedLocket"}],"items_purged_floors":[3],"is_endless":false,"potions_floor_spawned":[2,8,12,18,28],"killed_by":"Centurion and Healer","ascension_level":0}}