{"host":"ul3z8ex5o8l5j7mh","time":1613152036,"event":{"mods":["AchievementEnabler","BaseMod","Bestiary","Colored Map","Colored Powertips","DeckTracker","Keyboard Shortcuts","Minty Spire (QoL Compilation)","Relic Sorter","Relic Stats","SuperFastMode"],"gold_per_floor":[110,110,122,142,152,152,167,167,194,224,224,257,31,45,45,142,142,154,173,18,18,18,18,18,18],"floor_reached":24,"language":"ENG","playtime":921,"items_purged":["Defend_R"],"score":332,"play_id":"2bd9fc40-5d4a-48bc-ab04-b2296481407d","local_time":"20210212184716","is_ascension_mode":true,"campfire_choices":[{"data":"Brutality","floor":6.0,"key":"SMITH"},{"data":"Uppercut","floor":8.0,"key":"SMITH"},{"data":"Bloodletting","floor":11.0,"key":"SMITH"},{"floor":15.0,"key":"REST"}],"circlet_count":0,"master_deck":["Strike_R","Strike_R","Strike_R","Strike_R","Strike_R","Defend_R","Defend_R","Defend_R","Bash","Brutality+1","Uppercut+1","Bloodletting+1","Carnage","Cleave","Brutality+1","Combust","Offering","Pommel Strike+1","Hemokinesis","Armaments","Infernal Blade","Intimidate","Immolate","RitualDagger","Necronomicurse","Ghostly","Ghostly","Ghostly","Ghostly","Ghostly"],"relics":["Velvet Choker","Akabeko","Blood Vial","Art of War","DollysMirror","Coffee Dripper","Orrery","Necronomicon"],"acts_visited":["Exordium","TheCity"],"potions_floor_usage":[],"damage_taken":[{"damage":6.0,"enemies":"2 Louse","floor":1.0,"turns":3.0},{"damage":6.0,"enemies":"Cultist","floor":3.0,"turns":3.0},{"damage":12.0,"enemies":"Small Slimes","floor":4.0,"turns":2.0},{"damage":7.0,"enemies":"Looter","floor":5.0,"turns":4.0},{"damage":14.0,"enemies":"3 Louse","floor":7.0,"turns":3.0},{"damage":14.0,"enemies":"Gremlin Nob","floor":10.0,"turns":3.0},{"damage":10.0,"enemies":"Lagavulin","floor":12.0,"turns":3.0},{"damage":0.0,"enemies":"Large Slime","floor":14.0,"turns":4.0},{"damage":20.0,"enemies":"Slime Boss","floor":16.0,"turns":6.0},{"damage":6.0,"enemies":"Spheric Guardian","floor":18.0,"turns":3.0},{"damage":29.0,"enemies":"Shell Parasite","floor":19.0,"turns":3.0},{"damage":0,"enemies":"Centurion and Healer","floor":24,"turns":1}],"seed_played":"245326618416264516","potions_obtained":[{"floor":3.0,"key":"BloodPotion"},{"floor":4.0,"key":"SteroidPotion"},{"floor":16.0,"key":"FearPotion"},{"floor":18.0,"key":"EssenceOfSteel"}],"is_trial":false,"path_per_floor":["M","?","M","M","M","R","M","R","T","E","R","E","$","M","R","B",null,"M","M","$","?","?","?","M"],"character_chosen":"IRONCLAD","items_purchased":["DollysMirror","Orrery"],"campfire_rested":1,"item_purchase_floors":[13,20],"current_hp_per_floor":[74,74,68,56,49,49,35,35,35,37,37,29,29,31,55,37,80,74,47,47,41,25,25,27,27],"gold":18,"neow_bonus":"BOSS_RELIC","is_daily":false,"chose_seed":false,"campfire_upgraded":3,"win_rate":0.0,"timestamp":1613152036,"path_taken":["M","?","?","?","?","R","M","R","T","E","R","E","$","M","R","BOSS","M","M","$","?","?","?","M"],"items_purchased_type":["Relic","Relic"],"build_version":"2020-12-22","purchased_purges":1,"victory":false,"max_hp_per_floor":[80,80,80,80,80,80,80,80,80,80,80,80,80,80,80,80,80,80,80,80,80,80,40,40,40],"relic_stats":{"Blood Vial":10,"counters":[12,38],"Art of War":[0],"Necronomicon":[1],"obtain_stats":[{"Blood Vial":10,"DollysMirror":13,"Velvet Choker":0,"Orrery":20,"Art of War":12,"Coffee Dripper":17,"Necronomicon":22,"Burning Blood":0,"Akabeko":9},{"Blood Vial":6,"DollysMirror":7,"Velvet Choker":0,"Orrery":11,"Art of War":7,"Coffee Dripper":9,"Necronomicon":11,"Burning Blood":0,"Akabeko":5},{"Blood Vial":18,"DollysMirror":21,"Velvet Choker":0,"Orrery":37,"Art of War":21,"Coffee Dripper":31,"Necronomicon":37,"Burning Blood":0,"Akabeko":15}]},"card_choices":[{"not_picked":["Clothesline","Dark Embrace","Ghostly Armor"],"picked":"SKIP","floor":1.0},{"not_picked":["Shrug It Off","Uppercut"],"picked":"Bloodletting","floor":3.0},{"not_picked":["Wild Strike","Headbutt","Spot Weakness"],"picked":"SKIP","floor":4.0},{"not_picked":["Headbutt","Disarm"],"picked":"Carnage","floor":5.0},{"not_picked":["Sword Boomerang","Burning Pact"],"picked":"Cleave","floor":7.0},{"not_picked":["Perfected Strike","Armaments","Clothesline"],"picked":"SKIP","floor":10.0},{"not_picked":["Barricade","Armaments","Wild Strike"],"picked":"SKIP","floor":12.0},{"not_picked":["Heavy Blade","Armaments"],"picked":"Combust","floor":14.0},{"not_picked":["Exhume","Corruption"],"picked":"Offering","floor":16.0},{"not_picked":["Perfected Strike","Flex"],"picked":"Pommel Strike+1","floor":18.0},{"not_picked":["Heavy Blade+1","Thunderclap","Twin Strike"],"picked":"SKIP","floor":19.0},{"not_picked":["Dropkick","Impervious"],"picked":"Hemokinesis","floor":20.0},{"not_picked":["Havoc","Clash"],"picked":"Armaments","floor":20.0},{"not_picked":["Wild Strike","Headbutt"],"picked":"Infernal Blade","floor":20.0},{"not_picked":["Disarm","Headbutt"],"picked":"Intimidate","floor":20.0},{"not_picked":["Twin Strike","Evolve"],"picked":"Immolate","floor":20.0}],"player_experience":352119,"relics_obtained":[{"floor":9.0,"key":"Akabeko"},{"floor":10.0,"key":"Blood Vial"},{"floor":12.0,"key":"Art of War"},{"floor":22,"key":"Necronomicon"}],"event_choices":[{"damage_healed":0.0,"max_hp_gain":0.0,"max_hp_loss":0.0,"gold_gain":0.0,"event_name":"Match and Keep!","player_choice":"2 cards matched","floor":2.0,"gold_loss":0.0,"damage_taken":0.0,"cards_obtained":["Brutality","Uppercut"]},{"damage_healed":0.0,"max_hp_gain":0.0,"max_hp_loss":0.0,"gold_gain":0.0,"event_name":"Nest","player_choice":"Joined the Cult","floor":21.0,"gold_loss":0.0,"damage_taken":6.0,"cards_obtained":["RitualDagger"]},{"damage_healed":0,"gold_gain":0,"player_choice":"Obtained Book","damage_taken":16,"max_hp_gain":0,"max_hp_loss":0,"event_name":"Cursed Tome","floor":22,"gold_loss":0},{"damage_healed":0,"gold_gain":0,"player_choice":"Became a Ghost","damage_taken":0,"max_hp_gain":0,"max_hp_loss":40,"event_name":"Ghosts","floor":23,"gold_loss":0,"cards_obtained":["Ghostly","Ghostly","Ghostly","Ghostly","Ghostly"]}],"is_beta":false,"boss_relics":[{"not_picked":["Tiny House","Philosopher\u0027s Stone"],"picked":"Coffee Dripper"}],"items_purged_floors":[13],"is_endless":false,"potions_floor_spawned":[3,4,16,18],"killed_by":"Centurion and Healer","ascension_level":4}}