{"host":"i1fqlpve17okw40o","time":1613108057,"event":{"mods":["A Magickal Journey","Act Like it!","Aspiration","BaseMod","BetterRewards","CapriCore","Colored Map","Colored Powertips","Downfall","Elementarium","Energized Spire","Glutton Mod","Halation","Hermit","Highlight Path","Hubris","Koishi","Marisa????????","Mimic Mod","Minty Spire (QoL Compilation)","Quick Restart","Random Character Button","Relic Sorter","Reliquary","Replay The Spire","Retaliation","Reworked Bosses","StSLib","SuperFastMode","Td1madao Mod","The Construct","The Disciple","The Forsaken","The Immortal","The Runesmith","The Senshi","The Servant 0.9.4"],"gold_per_floor":[112,112,82,98,75,110,110,127,127,153,169,180,199,209,209,209,209],"floor_reached":16,"language":"ENG","playtime":532,"items_purged":["Strike_P"],"score":164,"play_id":"382cbace-929b-4125-9c6b-e1b801584ae5","local_time":"20210211233417","is_ascension_mode":false,"campfire_choices":[{"data":"WindmillStrike","floor":7,"key":"SMITH"},{"data":"Fasting2","floor":15,"key":"SMITH"}],"circlet_count":0,"master_deck":["Strike_P","Strike_P","Strike_P","Defend_P","Defend_P","Defend_P","Defend_P","Eruption","Vigilance","WindmillStrike+1","Vengeance","Indignation","FollowUp","EmptyFist","Protect","SandsOfTime","Fasting2+1"],"relics":["PureWater","reliquary:RoseTintedGlasses","Bottled Flame"],"acts_visited":["Exordium"],"potions_floor_usage":[6,10,10,14],"damage_taken":[{"damage":0,"enemies":"2 Louse","floor":1,"turns":2},{"damage":0,"enemies":"Jaw Worm","floor":4,"turns":3},{"damage":13,"enemies":"3 Sentries","floor":6,"turns":6},{"damage":0,"enemies":"Cultist","floor":8,"turns":2},{"damage":13,"enemies":"Lagavulin","floor":10,"turns":4},{"damage":0,"enemies":"Large Slime","floor":11,"turns":3},{"damage":0,"enemies":"Exordium Wildlife","floor":12,"turns":2},{"damage":0,"enemies":"Looter","floor":13,"turns":2},{"damage":2,"enemies":"Blue Slaver","floor":14,"turns":2},{"damage":40,"enemies":"The Guardian","floor":16,"turns":7}],"seed_played":"-9021433092305529297","potions_obtained":[{"floor":1,"key":"FearPotion"},{"floor":3,"key":"DistilledChaos"},{"floor":3,"key":"Cursed Concoction"},{"floor":4,"key":"FearPotion"},{"floor":8,"key":"SkillPotion"},{"floor":13,"key":"Swift Potion"}],"is_trial":false,"path_per_floor":["M","?","?","M","$","E","R","M","T","E","M","M","M","M","R","B"],"character_chosen":"WATCHER","items_purchased":["WindmillStrike","FollowUp"],"campfire_rested":0,"item_purchase_floors":[0,5],"current_hp_per_floor":[67,67,67,67,67,54,54,54,54,41,41,41,41,39,39,0,0],"gold":209,"neow_bonus":"","is_daily":false,"chose_seed":false,"campfire_upgraded":2,"win_rate":0.0,"timestamp":1613108057,"path_taken":["M","?","?","M","$","E","R","M","T","E","M","M","M","M","R","BOSS"],"items_purchased_type":["Card","Card"],"build_version":"2020-12-22","purchased_purges":1,"victory":false,"max_hp_per_floor":[72,72,72,72,72,72,72,72,72,72,72,72,72,72,72,72,72],"card_choices":[{"not_picked":["SashWhip","Pray"],"picked":"Vengeance","floor":1},{"not_picked":["JustLucky","CrushJoints"],"picked":"Indignation","floor":4},{"not_picked":["Replay:Cycle","Wireheading","CrushJoints"],"picked":"SKIP","floor":6},{"not_picked":["Prostrate","FlurryOfBlows"],"picked":"EmptyFist","floor":8},{"not_picked":["Tantrum","CutThroughFate","SashWhip"],"picked":"SKIP","floor":10},{"not_picked":["Adaptation","EmptyFist"],"picked":"Protect","floor":11},{"not_picked":["ClearTheMind","Prostrate","Replay:Cycle"],"picked":"SKIP","floor":12},{"not_picked":["Protect","ForeignInfluence"],"picked":"SandsOfTime","floor":13},{"not_picked":["EmptyBody","Replay:AtTheReady"],"picked":"Fasting2","floor":14}],"player_experience":426901,"relics_obtained":[{"floor":6,"key":"reliquary:RoseTintedGlasses"},{"floor":10,"key":"Bottled Flame"}],"event_choices":[{"damage_healed":0,"gold_gain":0,"player_choice":"Bought 2 Potions","damage_taken":0,"max_hp_gain":0,"max_hp_loss":0,"event_name":"The Woman in Blue","floor":3,"gold_loss":0}],"is_beta":false,"boss_relics":[],"items_purged_floors":[0],"is_endless":false,"potions_floor_spawned":[1,4,8,13],"killed_by":"The Guardian","ascension_level":0}}