{"host":"zk2wr01vh49shv6l","time":1613134378,"event":{"mods":["BaseMod","Hermit","Minty Spire (QoL Compilation)","Replay The Spire","StSLib","The Bug Knight"],"gold_per_floor":[112,136,165,197,209,247,259,282,294,316,339,363,394,420,432,549,561,591,603,603],"floor_reached":19,"language":"PTB","playtime":1178,"items_purged":[],"score":200,"play_id":"666da599-28fa-4c0e-b689-ef13bf4222ce","local_time":"20210212105258","is_ascension_mode":false,"campfire_choices":[{"floor":7,"key":"REST"},{"floor":15,"key":"REST"}],"circlet_count":0,"master_deck":["Strike_B","Strike_B+1","Strike_B","Strike_B","Defend_B+1","Defend_B","Defend_B+1","Defend_B+1","Zap","Dualcast","Ball Lightning","Time Bomb","Redo","Sweeping Beam","Time Bomb","Storm","Crystallizer","Defragment","BasicCrystalCard","Streamline","Rainbow","BasicCrystalCard"],"relics":["Cracked Core","NeowsBlessing","MawBank","Simple Rune","Pear","Black Star"],"acts_visited":["Exordium","TheCity"],"potions_floor_usage":[10,13,13,16],"damage_taken":[{"damage":0,"enemies":"Cultist","floor":1,"turns":1},{"damage":0,"enemies":"2 Louse","floor":3,"turns":1},{"damage":0,"enemies":"Small Slimes","floor":4,"turns":1},{"damage":0,"enemies":"HollowMod:MossKnight","floor":6,"turns":5},{"damage":20,"enemies":"Exordium Wildlife","floor":8,"turns":3},{"damage":0,"enemies":"Gremlin Gang","floor":10,"turns":3},{"damage":12,"enemies":"Blue Slaver","floor":11,"turns":4},{"damage":22,"enemies":"Exordium Thugs","floor":12,"turns":4},{"damage":6,"enemies":"2 Fungi Beasts","floor":13,"turns":3},{"damage":5,"enemies":"Red Slaver","floor":14,"turns":4},{"damage":28,"enemies":"Hexaghost","floor":16,"turns":9},{"damage":43,"enemies":"2 Thieves","floor":18,"turns":5},{"damage":43,"enemies":"3 Byrds","floor":19,"turns":3}],"seed_played":"-4576295842891295622","potions_obtained":[{"floor":1,"key":"PowerPotion"},{"floor":6,"key":"Dexterity Potion"},{"floor":11,"key":"SkillPotion"},{"floor":14,"key":"LifebloodPotion"},{"floor":16,"key":"Energy Potion"}],"is_trial":false,"path_per_floor":["M","T","M","M","?","E","R","M","T","M","M","M","M","M","R","B",null,"M","M"],"character_chosen":"DEFECT","items_purchased":[],"campfire_rested":2,"item_purchase_floors":[],"current_hp_per_floor":[75,75,75,75,60,60,75,55,65,65,53,31,25,20,45,17,85,42,0,0],"gold":603,"neow_bonus":"THREE_ENEMY_KILL","is_daily":false,"chose_seed":false,"campfire_upgraded":0,"win_rate":0.0,"timestamp":1613134378,"path_taken":["M","?","M","M","?","E","R","M","T","M","M","M","M","M","R","BOSS","M","M"],"items_purchased_type":[],"build_version":"2020-12-22","purchased_purges":0,"victory":false,"max_hp_per_floor":[75,75,75,75,75,75,75,75,85,85,85,85,85,85,85,85,85,85,85,85],"card_choices":[{"not_picked":["Steam Power","Cold Snap"],"picked":"Ball Lightning","floor":1},{"not_picked":["Gash","Go for the Eyes"],"picked":"Time Bomb","floor":3},{"not_picked":["Loop","Streamline"],"picked":"Redo","floor":4},{"not_picked":["Streamline","Fusion"],"picked":"Sweeping Beam","floor":6},{"not_picked":["Go for the Eyes","Steam"],"picked":"Time Bomb","floor":8},{"not_picked":["Steam","Fission"],"picked":"Storm","floor":10},{"not_picked":["Leap","Beam Cell"],"picked":"Crystallizer","floor":11},{"not_picked":["Reinforced Body","Sweeping Beam"],"picked":"Defragment","floor":12},{"not_picked":["Conserve Battery","Blizzard"],"picked":"BasicCrystalCard","floor":13},{"not_picked":["ReplayGash","Conserve Battery"],"picked":"Streamline","floor":14},{"not_picked":["Biased Cognition","Multi-Cast"],"picked":"Rainbow","floor":16},{"not_picked":["Turbo","ReplayTheSpireMod:System Scan"],"picked":"BasicCrystalCard","floor":18}],"player_experience":198531,"relics_obtained":[{"floor":2,"key":"MawBank"},{"floor":6,"key":"Simple Rune"},{"floor":9,"key":"Pear"}],"event_choices":[{"damage_healed":0,"gold_gain":0,"player_choice":"Entered Light","damage_taken":15,"max_hp_gain":0,"max_hp_loss":0,"event_name":"Shining Light","floor":5,"gold_loss":0,"cards_upgraded":["Strike_B","Defend_B"]}],"is_beta":false,"boss_relics":[{"not_picked":["Runic Pyramid","SacredBark"],"picked":"Black Star"}],"items_purged_floors":[],"is_endless":false,"potions_floor_spawned":[1,6,11,14,16],"killed_by":"3 Byrds","ascension_level":0}}