{"host":"050ensmz1fh1c58u","time":1613139188,"event":{"mods":["BaseMod","Downfall","Gremlin Mod","Minty Spire (QoL Compilation)","READ ME - Guardian Mod","StSLib","The Animator","The Bug Knight","The Cursed","The Disciple","The Servant 0.9.4"],"gold_per_floor":[99,112,128,144,144,172,226,253,353,385,385,416,429,300,318,421,421,421,437,449,460,460,493,493,293,293,306,306,337,349,380,405,529,541,453,479,501,88,106,147,147,147,147,178,216,260,300,194,209,209,209,250,58,58,58,58],"floor_reached":57,"language":"ENG","playtime":4215,"items_purged":["champ:StanceDance","champ:CrookedStrike+1"],"score":1795,"play_id":"edc65026-bc75-4d7b-a72b-58fd468d22cd","local_time":"20210212151308","daily_mods":["SealedDeck","Vintage","Heirloom","DeadlyEvents","Elite Swarm","Lethality"],"is_ascension_mode":false,"campfire_choices":[{"data":"champ:BladeFlurry","floor":1,"key":"SMITH"},{"data":"champ:Lariat","floor":11,"key":"SMITH"},{"floor":18,"key":"RECALL"},{"data":"champ:Lariat","floor":25,"key":"SMITH"},{"data":"champ:GladiatorStyle","floor":26,"key":"SMITH"},{"data":"champ:GladiatorForm","floor":35,"key":"SMITH"},{"data":"champ:EnchantSword","floor":43,"key":"SMITH"},{"data":"champ:EnchantSword","floor":54,"key":"SMITH"}],"circlet_count":0,"master_deck":["champ:FlashCut","champ:BladeFlurry+1","champ:Lariat+1","champ:Backstep+1","champ:Lariat+1","champ:Backstep","champ:EnchantSword+1","champ:EnchantSword+1","champ:GladiatorForm+1","champ:FlashCut","champ:GladiatorStyle+1","champ:MurderStrike","champ:MurderStrike","champ:MurderStrike","champ:MurderStrike","champ:EnchantCrown+1","champ:EnchantShield","champ:EnchantCrown","champ:EnchantSword","champ:BladeFlurry+1","champ:EnchantSword"],"relics":["champ:ChampionCrown","WingedGreaves","War Paint","Pen Nib","Art of War","Ancient Tea Set","Happy Flower","Pocketwatch","Bag of Preparation","Mango","HornCleat","Guardian:GemstoneGun","SlaversCollar","Bottled Tornado","Oddly Smooth Stone","Mummified Hand","MutagenicStrength","Thread and Needle","downfall:HeartBlessingBlue","downfall:HeartBlessingRed","PreservedInsect","Nilry\u0027s Codex","MawBank","CeramicFish","Bag of Marbles","Empty Cage","downfall:HeartBlessingGreen","Blue Candle","The Courier","bronze:DecasWashers","Kunai","Calipers","Bottled Lightning","Slimebound:StickyStick","Guardian:PocketSentry","Eternal Feather","Singing Bowl","Question Card","ClockworkSouvenir","Gambling Chip","InkBottle","Gremlin Horn","StrikeDummy"],"acts_visited":["Exordium","TheCity","TheBeyond","TheEnding"],"potions_floor_usage":[10,37,38,56,56,56],"damage_taken":[{"damage":4,"enemies":"Jaw Worm","floor":2,"turns":3},{"damage":0,"enemies":"Small Slimes","floor":3,"turns":1},{"damage":0,"enemies":"Cultist","floor":4,"turns":2},{"damage":0,"enemies":"Gremlin Nob","floor":6,"turns":3},{"damage":5,"enemies":"Lagavulin","floor":8,"turns":5},{"damage":0,"enemies":"Gremlin Nob","floor":10,"turns":3},{"damage":0,"enemies":"3 Sentries","floor":12,"turns":3},{"damage":0,"enemies":"Blue Slaver","floor":13,"turns":1},{"damage":0,"enemies":"downfall:FleeingMerchant","floor":14,"turns":4},{"damage":0,"enemies":"3 Louse","floor":15,"turns":1},{"damage":0,"enemies":"IC_STATUS_ARCHETYPE","floor":16,"turns":3},{"damage":5,"enemies":"Shell Parasite","floor":19,"turns":2},{"damage":10,"enemies":"Chosen","floor":20,"turns":4},{"damage":0,"enemies":"Snake Plant","floor":21,"turns":2},{"damage":2,"enemies":"Slavers","floor":23,"turns":4},{"damage":0,"enemies":"Cultist and Chosen","floor":27,"turns":3},{"damage":0,"enemies":"Gremlin Leader","floor":29,"turns":2},{"damage":0,"enemies":"Sentry and Sphere","floor":31,"turns":3},{"damage":0,"enemies":"Snake Plant","floor":32,"turns":2},{"damage":0,"enemies":"WA_ARCHETYPE_CALM","floor":33,"turns":4},{"damage":6,"enemies":"3 Shapes","floor":36,"turns":2},{"damage":0,"enemies":"3 Darklings","floor":37,"turns":3},{"damage":0,"enemies":"downfall:FleeingMerchant","floor":38,"turns":4},{"damage":0,"enemies":"Jaw Worm Horde","floor":39,"turns":2},{"damage":0,"enemies":"Giant Head","floor":40,"turns":3},{"damage":0,"enemies":"Reptomancer","floor":44,"turns":2},{"damage":0,"enemies":"Nemesis","floor":45,"turns":1},{"damage":0,"enemies":"Reptomancer","floor":46,"turns":4},{"damage":0,"enemies":"Nemesis","floor":47,"turns":1},{"damage":0,"enemies":"downfall:FleeingMerchant","floor":48,"turns":1},{"damage":0,"enemies":"Maw","floor":49,"turns":1},{"damage":3,"enemies":"DF_ARCHETYPE_ORBS","floor":50,"turns":3},{"damage":0,"enemies":"downfall:CharBossMerchant","floor":52,"turns":4},{"damage":3,"enemies":"downfall:NeowBoss","floor":55,"turns":5},{"damage":30,"enemies":"downfall:NeowBossFinal","floor":56,"turns":4}],"seed_played":"1667869964811172869","potions_obtained":[{"floor":3,"key":"Fire Potion"},{"floor":6,"key":"Fire Potion"},{"floor":8,"key":"FairyPotion"},{"floor":10,"key":"sneckomod:MuddlingPotion"},{"floor":21,"key":"Dexterity Potion"},{"floor":32,"key":"Guardian:BlockOnCardUsePotion"},{"floor":39,"key":"Weak Potion"},{"floor":40,"key":"Ancient Potion"},{"floor":44,"key":"Block Potion"}],"is_trial":true,"path_per_floor":["R","M","M","M","?","E","T","E","?","E","R","E","M","$","M","B",null,"R","M","M","M","?","E","T","R","R","M","?","E","?","M","M","B",null,"R","M","M","$","M","E","T","?","R","E","E","E","E","$","M","B",null,"E","$","R","B","B",null],"character_chosen":"THE_CHAMP","items_purchased":["champ:GladiatorStyle","bronze:DecasWashers","Kunai","ClockworkSouvenir","Gambling Chip","StrikeDummy"],"campfire_rested":0,"item_purchase_floors":[14,38,38,48,48,53],"current_hp_per_floor":[90,86,86,86,86,86,86,81,81,81,81,95,95,95,95,95,104,104,104,104,104,104,102,102,112,112,112,96,96,96,96,96,96,114,114,108,108,108,108,108,108,100,100,100,100,100,100,100,100,97,114,114,114,114,111,81],"gold":58,"neow_bonus":"","is_daily":false,"chose_seed":false,"campfire_upgraded":7,"win_rate":0.0,"timestamp":1613139188,"path_taken":["R","M","M","M","?","E","T","E","?","?","R","E","M","$","M","BOSS","R","M","M","M","?","E","T","R","R","M","?","E","?","M","M","BOSS","R","M","M","$","M","E","T","?","R","?","?","E","?","$","M","BOSS","E","$","R","BOSS","BOSS"],"items_purchased_type":["Card","Relic","Relic","Relic","Relic","Relic"],"build_version":"2020-12-22","purchased_purges":2,"victory":true,"max_hp_per_floor":[90,90,90,90,90,90,90,90,90,90,90,104,104,104,104,104,104,104,104,104,104,104,104,104,114,114,114,114,114,114,114,114,114,114,114,114,114,114,114,114,114,114,114,114,114,114,114,114,114,114,114,114,114,114,114,114],"card_choices":[{"not_picked":["champ:Improvising","champ:GladiatorForm"],"picked":"champ:EnchantSword","floor":6},{"not_picked":["champ:EnchantCrown","champ:StrikeOfGenius"],"picked":"champ:EnchantSword","floor":8},{"not_picked":["champ:UltimateStance","champ:CheapShot"],"picked":"champ:GladiatorForm","floor":10},{"not_picked":["champ:EnchantCrown","champ:Devastate","champ:CheapShot"],"picked":"SKIP","floor":12},{"not_picked":["champ:TornadoPunch","champ:BringItOn"],"picked":"champ:FlashCut","floor":14},{"not_picked":["champ:UltimateStance","champ:EnchantCrown"],"picked":"champ:MurderStrike","floor":16},{"not_picked":["champ:HoldFirm","champ:StrikeOfGenius"],"picked":"champ:MurderStrike","floor":23},{"not_picked":["champ:Improvising","champ:HoldFirm"],"picked":"champ:MurderStrike","floor":29},{"not_picked":["champ:TripleStrike","champ:UltimateStance"],"picked":"champ:MurderStrike","floor":33},{"not_picked":["champ:FaceSlap+1","champ:BerserkersShout","champ:TornadoPunch+1"],"picked":"SKIP","floor":38},{"not_picked":["champ:SteelEdge","champ:ShieldThrow"],"picked":"champ:EnchantCrown","floor":40},{"not_picked":["champ:StrikeOfGenius","champ:DancingMaster","champ:ShieldThrow"],"picked":"SKIP","floor":44},{"not_picked":["champ:EnchantCrown","champ:Devastate"],"picked":"champ:EnchantShield","floor":45},{"not_picked":["champ:HeavySlash","champ:LastStand"],"picked":"champ:EnchantCrown","floor":46},{"not_picked":["champ:SwordThrow","champ:CheapShot"],"picked":"champ:EnchantSword","floor":47},{"not_picked":["champ:SwordSigil","champ:ShieldSigil+1","champ:BringItOn+1"],"picked":"champ:BladeFlurry+1","floor":48},{"not_picked":["champ:ShieldThrow","champ:TripleStrike","champ:IgnorePain"],"picked":"champ:EnchantSword","floor":52}],"player_experience":1592900,"relics_obtained":[{"floor":2,"key":"War Paint"},{"floor":3,"key":"Pen Nib"},{"floor":4,"key":"Art of War"},{"floor":6,"key":"Ancient Tea Set"},{"floor":7,"key":"Happy Flower"},{"floor":8,"key":"Pocketwatch"},{"floor":10,"key":"Bag of Preparation"},{"floor":12,"key":"Mango"},{"floor":13,"key":"HornCleat"},{"floor":15,"key":"Guardian:GemstoneGun"},{"floor":19,"key":"Bottled Tornado"},{"floor":20,"key":"Oddly Smooth Stone"},{"floor":21,"key":"Mummified Hand"},{"floor":23,"key":"Thread and Needle"},{"floor":27,"key":"PreservedInsect"},{"floor":28,"key":"Nilry\u0027s Codex"},{"floor":29,"key":"MawBank"},{"floor":31,"key":"CeramicFish"},{"floor":32,"key":"Bag of Marbles"},{"floor":36,"key":"Blue Candle"},{"floor":37,"key":"The Courier"},{"floor":39,"key":"Calipers"},{"floor":40,"key":"Bottled Lightning"},{"floor":41,"key":"Slimebound:StickyStick"},{"floor":44,"key":"Guardian:PocketSentry"},{"floor":45,"key":"Eternal Feather"},{"floor":46,"key":"Singing Bowl"},{"floor":47,"key":"Question Card"},{"floor":49,"key":"InkBottle"},{"floor":52,"key":"Gremlin Horn"}],"event_choices":[{"damage_healed":0,"gold_gain":0,"player_choice":"Inject Mutagens","damage_taken":0,"relics_obtained":["MutagenicStrength"],"max_hp_gain":0,"max_hp_loss":0,"event_name":"Drug Dealer","floor":22,"gold_loss":0}],"is_beta":false,"boss_relics":[{"not_picked":["Astrolabe","champ:ChampionCrownUpgraded"],"picked":"SlaversCollar"},{"not_picked":["Philosopher\u0027s Stone","Black Star"],"picked":"Empty Cage"}],"items_purged_floors":[14,48],"is_endless":false,"potions_floor_spawned":[3,6,8,10,21,27,32,33,39,40,44,46,47],"ascension_level":0}}