{"host":"j019w4cyowrad0mf","time":1613123038,"event":{"mods":["2.2 Compatiblity","Act Like it!","Arknights","BaseMod","CapriCore","Gensokyo","HololiveMod","Marisa????????","Minty Spire (QoL Compilation)","Rare Cards Sparkle","Reimu??????","StSLib","Waifu the Spire"],"gold_per_floor":[114,6,6,6,6,6,6,6,6,6,31,31,48,48,48,149,149,367,143,103,118,118,118,118,118,118,118,118,173,173,88,88,184,184,184,184],"floor_reached":35,"language":"ENG","playtime":3206,"items_purged":["Strike_Lin:ReiMu"],"score":468,"play_id":"f9cbadf7-cad2-40f9-94aa-97899ea2cf5f","local_time":"20210212014358","is_ascension_mode":false,"campfire_choices":[{"data":"NB:ReiMu","floor":6,"key":"SMITH"},{"data":"Stagnation:ReiMu","floor":8,"key":"SMITH"},{"data":"CareerPray:ReiMu","floor":12,"key":"SMITH"},{"data":"Intuition:ReiMu","floor":15,"key":"SMITH"},{"data":"DependentForm:ReiMu","floor":23,"key":"SMITH"},{"data":"Ghostly","floor":25,"key":"SMITH"},{"data":"Ghostly","floor":27,"key":"SMITH"},{"data":"Ghostly","floor":30,"key":"SMITH"},{"floor":32,"key":"RECALL"}],"circlet_count":0,"master_deck":["Defend_Lin:ReiMu","Defend_Lin:ReiMu","Defend_Lin:ReiMu","Defend_Lin:ReiMu","NB:ReiMu+1","Stagnation:ReiMu+1","SubAcupoint:ReiMu+1","Clumsy","SubcavityFantasy:ReiMu+1","CareerPray:ReiMu+1","Intuition:ReiMu+1","DependentForm:ReiMu+1","SpreadBorder2:ReiMu","SpreadBorder2:ReiMu","Bite+1","Bite","Bite","Bite","Bite+1","Ghostly+1","Ghostly+1","Ghostly+1","Ghostly","Ghostly","Writhe"],"relics":["FlyPower:ReiMu","NeowsBlessing","Gensokyo:NagashiBinaDoll","Gensokyo:PortableGap","White Beast Statue","MealTicket","Bronze Scales","Pear","Hololive_Finger","Hololive_LightStick","ZunR:ReiMu","Singing Bowl","Anchor","Whetstone","Ice Cream","Runic Dome"],"acts_visited":["Exordium","TheCity","TheBeyond"],"potions_floor_usage":[16,33],"damage_taken":[{"damage":0,"enemies":"Gensokyo:3_Fairies","floor":1,"turns":2},{"damage":0,"enemies":"Gensokyo:Mamizou","floor":11,"turns":4},{"damage":0,"enemies":"Gensokyo:Python","floor":13,"turns":1},{"damage":20,"enemies":"Gensokyo:Kokoro","floor":16,"turns":13},{"damage":20,"enemies":"Spheric Guardian","floor":18,"turns":6},{"damage":14,"enemies":"3 Byrds","floor":21,"turns":3},{"damage":0,"enemies":"Champ","floor":33,"turns":13},{"damage":20,"enemies":"3 Shapes","floor":35,"turns":3}],"seed_played":"-4238333239159697322","potions_obtained":[{"floor":11,"key":"HakureiPotion:ReiMu"},{"floor":13,"key":"DistilledChaos"},{"floor":16,"key":"ZuzhouPotion:ReiMu"},{"floor":18,"key":"AttackPotion"},{"floor":33,"key":"PinkPotion:ReiMu"}],"is_trial":false,"path_per_floor":["M","COS","?","?","?","R","T","R","T","$","E","R","M","?","R","B",null,"M","$","?","M","?","R","?","R","T","R","?","T","R","?","R","B",null,"M"],"character_chosen":"REIMU","items_purchased":["Hololive_LightStick"],"campfire_rested":0,"item_purchase_floors":[19],"current_hp_per_floor":[65,65,65,59,59,59,59,59,59,59,59,59,59,54,54,34,69,49,64,64,50,48,48,24,24,21,18,15,12,9,9,9,11,11,0,0],"gold":184,"neow_bonus":"THREE_ENEMY_KILL","is_daily":false,"chose_seed":false,"campfire_upgraded":8,"win_rate":0.0,"timestamp":1613123038,"path_taken":["M","COS","?","?","?","R","?","R","T","?","E","R","?","?","R","BOSS","M","$","?","M","?","R","?","R","T","R","?","?","R","?","R","BOSS","M"],"items_purchased_type":["Relic"],"build_version":"2020-12-22","purchased_purges":1,"victory":false,"max_hp_per_floor":[65,65,65,59,59,59,59,59,59,59,59,59,59,69,69,69,69,69,69,69,69,48,48,24,24,21,18,15,12,9,9,9,11,11,11,11],"card_choices":[{"not_picked":["Enchanting:ReiMu","SpringWay:ReiMu"],"picked":"SubAcupoint:ReiMu","floor":1},{"not_picked":["UniversalSpiritual:ReiMu+1","YinYangSign:ReiMu+1"],"picked":"SubcavityFantasy:ReiMu+1","floor":11},{"not_picked":["SealNeedle:ReiMu","MikOfLucky:ReiMu"],"picked":"CareerPray:ReiMu","floor":11},{"not_picked":["Dreaming2:ReiMu","CareerPray:ReiMu"],"picked":"Intuition:ReiMu","floor":13},{"not_picked":["Authority:ReiMu","CardOfSanctity:ReiMu"],"picked":"DependentForm:ReiMu","floor":16},{"not_picked":["Intuition:ReiMu","AirStrike:ReiMu+1"],"picked":"SpreadBorder2:ReiMu","floor":18},{"not_picked":["Intuition:ReiMu","BarrageOfMoneybags:ReiMu+1"],"picked":"SpreadBorder2:ReiMu","floor":21},{"not_picked":["OctopathSalyBorderN:ReiMu","HakureiPhantom:ReiMu","BlastKick2:ReiMu"],"picked":"Singing Bowl","floor":33}],"player_experience":356028,"relics_obtained":[{"floor":7,"key":"White Beast Statue"},{"floor":11,"key":"MealTicket"},{"floor":26,"key":"Singing Bowl"},{"floor":29,"key":"Whetstone"}],"event_choices":[{"damage_healed":0,"gold_gain":0,"player_choice":"Keep O-miki","damage_taken":0,"relics_obtained":["ZunR:ReiMu"],"max_hp_gain":0,"max_hp_loss":0,"event_name":"ZunEvent","floor":20,"gold_loss":40},{"damage_healed":0,"gold_gain":0,"player_choice":"Became a vampire","damage_taken":0,"max_hp_gain":0,"max_hp_loss":21,"event_name":"Vampires","floor":22,"gold_loss":0,"cards_obtained":["Bite","Bite","Bite","Bite","Bite"]},{"damage_healed":0,"gold_gain":0,"player_choice":"Became a Ghost","damage_taken":0,"max_hp_gain":0,"max_hp_loss":24,"event_name":"Ghosts","floor":24,"gold_loss":0,"cards_obtained":["Ghostly","Ghostly","Ghostly","Ghostly","Ghostly"]},{"damage_healed":0,"gold_gain":0,"player_choice":"Opened","damage_taken":0,"relics_obtained":["Anchor"],"max_hp_gain":0,"max_hp_loss":0,"event_name":"The Mausoleum","floor":28,"gold_loss":0,"cards_obtained":["Writhe"]},{"damage_healed":0,"gold_gain":0,"player_choice":"Obtained Relic","damage_taken":0,"relics_obtained":["Ice Cream"],"max_hp_gain":0,"max_hp_loss":0,"event_name":"Addict","floor":31,"gold_loss":85}],"is_beta":false,"boss_relics":[{"not_picked":["Fusion Hammer","Ectoplasm"],"picked":"Hololive_Finger"},{"not_picked":["Hololive_TopUpMoneyS","Hololive_ChaosS"],"picked":"Runic Dome"}],"items_purged_floors":[19],"is_endless":false,"potions_floor_spawned":[11,13,16,18,21,33],"killed_by":"3 Shapes","ascension_level":0}}