{"host":"gin1e6e6f2y0ngxx","time":1613132965,"event":{"mods":["AchievementEnabler","Act Like it!","BaseMod","Downfall","Hallownest","Infinite Spire","Minty Spire (QoL Compilation)","StSLib","The Bug Knight","The Cursed","The Hierophant","The Necromancer","The Runesmith"],"gold_per_floor":[99,118,134,144,160,160,160,186,71,83,98,111,131,18,38,139,139,139,0,16,34,34,61,110,142,142,161,190,209,209,239,258,356,356,356,376,390,390,390,410,435,435,448,458,476,487,506,531,543,641,641,541,551,562,592,592,332,332,346,45,45,195,211,211,244,261,363,363,363,378,396,12,32,52,84,103,103,113,113,113,130,147,162,261,311,311,329,344,344,354,354,386,386,396,81,109,109,119,137,157,157,157,157],"floor_reached":101,"language":"ENG","playtime":9590,"items_purged":[],"score":1944,"play_id":"986c0125-86fc-4398-a26a-248e0047ca85","local_time":"20210212022925","is_ascension_mode":true,"campfire_choices":[{"data":"Slimebound:Split","floor":1,"key":"SMITH"},{"data":"Slimebound:Schlurp","floor":6,"key":"SMITH"},{"data":"Slimebound:LevelUp","floor":18,"key":"SMITH"},{"data":"Slimebound:MassRepurpose","floor":26,"key":"SMITH"},{"data":"Slimebound:AcidTongue","floor":30,"key":"SMITH"},{"data":"Slimebound:Gluttony","floor":35,"key":"SMITH"},{"data":"Slimebound:OozeBath","floor":52,"key":"SMITH"},{"data":"expansioncontent:StudyTheSpire","floor":61,"key":"SMITH"},{"data":"Slimebound:Schlurp","floor":64,"key":"SMITH"},{"data":"Slimebound:SelfFormingGoo","floor":69,"key":"SMITH"},{"data":"Slimebound:AcidTongue","floor":80,"key":"SMITH"},{"data":"Slimebound:OozeBath","floor":86,"key":"SMITH"},{"floor":97,"key":"REST"}],"circlet_count":0,"master_deck":["Slimebound:Strike_Slimebound","Slimebound:Defend_Slimebound","Slimebound:Defend_Slimebound+1","Slimebound:Defend_Slimebound","Slimebound:Defend_Slimebound","Slimebound:Split+1","Slimebound:CorrosiveSpit","Slimebound:Schlurp+1","Slimebound:SplitMire","Slimebound:ItLooksTasty","Slimebound:TongueLash","Slimebound:LeechEnergy+1","Slimebound:LivingWall","Slimebound:Nibble+1","Slimebound:SplitBruiser","Slimebound:Gluttony","Slimebound:MegaLick","Slimebound:Equalize+1","Slimebound:Gluttony+1","Slimebound:MassFeed+1","Slimebound:SpikyOuterGoop","Slimebound:LivingWall","Slimebound:LevelUp+1","Slimebound:MassRepurpose+1","Slimebound:TongueLash+1","Slimebound:SlimeSpikes","Slimebound:RejuvenatingLick","Slimebound:ViciousTackle+1","Slimebound:SplitAcid","Slimebound:ServeAndProtect+1","Slimebound:Repurpose+1","Slimebound:HauntingLick","infinitespire:Gouge+1","Slimebound:AcidTongue+1","Slimebound:SamplingLick","Slimebound:LeechLife+1","Slimebound:LivingWall+1","Slimebound:MinionMaster","Slimebound:AcidTongue","Slimebound:LeechingTouch+1","expansioncontent:AwakenDeath","infinitespire:FutureSight","infinitespire:NeuralNetwork","Slimebound:Repurpose+1","Slimebound:LeadByExample","Slimebound:LivingWall","Slimebound:GoopSpray","Slimebound:SplitAcid+1","Slimebound:SamplingLick+1","Slimebound:OozeBath+1","Slimebound:Schlurp+1","Slimebound:Equalize+1","Slimebound:DouseInSlime","Slimebound:OozeBath+1","Slimebound:SplitLeeching","Slimebound:LeechEnergy+1","Slimebound:SlimeSpikes","Slimebound:LeechEnergy+1","expansioncontent:StudyTheSpire+1","Slimebound:LevelUp","Slimebound:DouseInSlime","Slimebound:PressTheAttack+1","Slimebound:GoopSpray","Slimebound:LeechingTouch+1","Slimebound:Schlurp+1","Slimebound:Nibble+1","Slimebound:DivideAndConquer+1","Slimebound:AcidTongue+1","Slimebound:SelfFormingGoo+1","infinitespire:Punishment+1","Slimebound:HauntingLick","expansioncontent:StudyTheSpire+1","Slimebound:GoopSpray","Pain","Slimebound:Dissolve+1","Slimebound:RallyTheTroops+1","Slimebound:Schlurp","Slimebound:Schlurp","infinitespire:Starlight","infinitespire:Fortify","Slimebound:SlimeSpikes+1","Slimebound:RainOfGoop","Slimebound:MegaLick","Slimebound:Gluttony","expansioncontent:StudyTheSpire+1","Slimebound:LevelUp","Slimebound:SpikyOuterGoop+1"],"relics":["Slimebound:AbsorbEndCombatUpgraded","infinitespire:FocusingShard","Molten Egg 2","Slimebound:TarBlob","Lantern","Strawberry","infinitespire:Lucky Rock","TungstenRod","Whetstone","Snecko Eye","Boot","Happy Flower","Black Star","downfall:HeartBlessingGreen","War Paint","Vajra","Orrery","Ancient Tea Set","Lee\u0027s Waffle","infinitespire:Satchel","Busted Crown","Membership Card","Gremlin Horn","Eternal Feather","Tiny House","Bottled Lightning"],"acts_visited":["Exordium","TheCity","TheBeyond","Exordium","TheCity","TheBeyond"],"potions_floor_usage":[8,11,16,29,33,37,44,46,47,48,50,55,55,65,67,67,70,70,73,73,82,84,90,94,100,100],"damage_taken":[{"damage":1,"enemies":"Jaw Worm","floor":2,"turns":4},{"damage":0,"enemies":"Cultist","floor":3,"turns":4},{"damage":1,"enemies":"2 Louse","floor":4,"turns":2},{"damage":10,"enemies":"Lots of Slimes","floor":5,"turns":4},{"damage":1,"enemies":"Lagavulin","floor":8,"turns":4},{"damage":0,"enemies":"downfall:FleeingMerchant","floor":9,"turns":4},{"damage":21,"enemies":"Large Slime","floor":10,"turns":4},{"damage":9,"enemies":"Exordium Thugs","floor":11,"turns":3},{"damage":5,"enemies":"2 Fungi Beasts","floor":12,"turns":3},{"damage":7,"enemies":"Lots of Slimes","floor":13,"turns":3},{"damage":10,"enemies":"downfall:FleeingMerchant","floor":14,"turns":4},{"damage":2,"enemies":"Large Slime","floor":15,"turns":4},{"damage":23,"enemies":"IC_STATUS_ARCHETYPE","floor":16,"turns":6},{"damage":17,"enemies":"downfall:FleeingMerchant","floor":19,"turns":4},{"damage":6,"enemies":"Chosen and Byrds","floor":20,"turns":6},{"damage":2,"enemies":"Snake Plant","floor":21,"turns":2},{"damage":28,"enemies":"Book of Stabbing","floor":23,"turns":6},{"damage":30,"enemies":"HollowMod:Nosk","floor":25,"turns":8},{"damage":18,"enemies":"Centurion and Healer","floor":27,"turns":6},{"damage":9,"enemies":"Nightmare","floor":28,"turns":8},{"damage":0,"enemies":"Shelled Parasite and Fungi","floor":29,"turns":5},{"damage":6,"enemies":"HollowMod:Nosk","floor":31,"turns":7},{"damage":2,"enemies":"Snake Plant","floor":32,"turns":4},{"damage":16,"enemies":"WA_ARCHETYPE_CALM","floor":33,"turns":10},{"damage":8,"enemies":"3 Darklings","floor":36,"turns":6},{"damage":12,"enemies":"3 Shapes","floor":37,"turns":7},{"damage":0,"enemies":"Maw","floor":40,"turns":2},{"damage":17,"enemies":"Jaw Worm Horde","floor":43,"turns":4},{"damage":5,"enemies":"Transient","floor":44,"turns":5},{"damage":22,"enemies":"Sphere and 2 Shapes","floor":45,"turns":5},{"damage":3,"enemies":"Spire Growth","floor":46,"turns":5},{"damage":21,"enemies":"4 Shapes","floor":47,"turns":3},{"damage":29,"enemies":"Reptomancer","floor":48,"turns":6},{"damage":14,"enemies":"Maw","floor":49,"turns":7},{"damage":93,"enemies":"DF_ARCHETYPE_ORBS","floor":50,"turns":9},{"damage":0,"enemies":"Jaw Worm","floor":53,"turns":2},{"damage":0,"enemies":"2 Louse","floor":54,"turns":1},{"damage":79,"enemies":"Gremlin Nob","floor":55,"turns":5},{"damage":5,"enemies":"downfall:FleeingMerchant","floor":57,"turns":3},{"damage":14,"enemies":"Cultist","floor":59,"turns":4},{"damage":0,"enemies":"2 Fungi Beasts","floor":63,"turns":2},{"damage":17,"enemies":"3 Sentries","floor":65,"turns":6},{"damage":10,"enemies":"Large Slime","floor":66,"turns":5},{"damage":80,"enemies":"Hexaghost","floor":67,"turns":3},{"damage":12,"enemies":"3 Byrds","floor":70,"turns":6},{"damage":0,"enemies":"3 Cultists","floor":71,"turns":3},{"damage":14,"enemies":"Centurion and Healer","floor":73,"turns":3},{"damage":0,"enemies":"Cultist and Chosen","floor":74,"turns":4},{"damage":13,"enemies":"Book of Stabbing","floor":75,"turns":2},{"damage":0,"enemies":"Snake Plant","floor":76,"turns":2},{"damage":16,"enemies":"Snecko","floor":78,"turns":4},{"damage":0,"enemies":"3 Cultists","floor":81,"turns":5},{"damage":34,"enemies":"Snake Plant","floor":82,"turns":2},{"damage":15,"enemies":"Shelled Parasite and Fungi","floor":83,"turns":2},{"damage":68,"enemies":"Champ","floor":84,"turns":9},{"damage":8,"enemies":"3 Shapes","floor":87,"turns":5},{"damage":0,"enemies":"Orb Walker","floor":88,"turns":1},{"damage":48,"enemies":"4 Shapes","floor":90,"turns":5},{"damage":0,"enemies":"Giant Head","floor":92,"turns":1},{"damage":33,"enemies":"3 Darklings","floor":94,"turns":3},{"damage":53,"enemies":"Nemesis","floor":96,"turns":7},{"damage":68,"enemies":"Sphere and 2 Shapes","floor":98,"turns":4},{"damage":46,"enemies":"Spire Growth","floor":99,"turns":4},{"damage":62,"enemies":"Maw","floor":100,"turns":8},{"damage":185,"enemies":"Time Eater","floor":101,"turns":6}],"seed_played":"8054232446048498349","potions_obtained":[{"floor":3,"key":"SteroidPotion"},{"floor":5,"key":"AttackPotion"},{"floor":8,"key":"Swift Potion"},{"floor":11,"key":"hexamod:SoulburnPotion"},{"floor":16,"key":"Slimebound:SlimedPotion"},{"floor":25,"key":"SpeedPotion"},{"floor":29,"key":"sneckomod:MuddlingPotion"},{"floor":33,"key":"Strength Potion"},{"floor":40,"key":"SmokeBomb"},{"floor":44,"key":"Weak Potion"},{"floor":45,"key":"Block Potion"},{"floor":46,"key":"Swift Potion"},{"floor":47,"key":"Strength Potion"},{"floor":50,"key":"Strength Potion"},{"floor":55,"key":"FearPotion"},{"floor":59,"key":"SkillPotion"},{"floor":65,"key":"Weak Potion"},{"floor":66,"key":"ColorlessPotion"},{"floor":67,"key":"EntropicBrew"},{"floor":73,"key":"BlessingOfTheForge"},{"floor":77,"key":"CultistPotion"},{"floor":83,"key":"SteroidPotion"},{"floor":85,"key":"AttackPotion"},{"floor":92,"key":"SpeedPotion"},{"floor":96,"key":"Guardian:BlockOnCardUsePotion"}],"is_trial":false,"path_per_floor":["R","M","M","M","M","R","T","E","$","M","M","M","M","$","M","B",null,"R","$","M","M","?","E","T","E","R","M","NM","M","R","E","M","B",null,"R","M","M","?","AVR","M","T","?","M","M","M","M","M","E","M","B",null,"R","M","M","E","?","$","T","M","$","R","?","M","R","E","M","B",null,"R","M","M","$","M","M","E","M","?","M","?","R","M","M","M","B",null,"R","M","M","?","M","AVR","E","?","M","$","E","R","M","M","M","B"],"character_chosen":"SLIMEBOUND","items_purchased":["Slimebound:Nibble+1","Slimebound:SplitBruiser","Slimebound:SpikyOuterGoop","Slimebound:LivingWall","Slimebound:SlimeSpikes","Slimebound:RejuvenatingLick","War Paint","expansioncontent:StudyTheSpire","Vajra","Orrery","Lee\u0027s Waffle","infinitespire:Satchel","Membership Card","Gremlin Horn","expansioncontent:StudyTheSpire+1","Bottled Lightning","Slimebound:RainOfGoop","Slimebound:MegaLick","Slimebound:Gluttony","expansioncontent:StudyTheSpire+1"],"campfire_rested":1,"item_purchase_floors":[9,9,14,14,19,19,57,57,57,57,60,60,72,72,72,95,95,95,95,95],"current_hp_per_floor":[71,71,71,71,67,67,67,71,71,56,55,52,59,69,69,58,75,75,75,71,75,75,55,62,56,56,62,73,83,83,90,94,88,94,94,86,89,89,89,92,92,92,87,98,102,102,102,88,108,67,118,118,118,118,42,42,47,47,60,125,125,125,125,125,127,124,112,133,133,141,141,141,140,149,149,149,149,143,143,153,157,129,123,94,162,162,157,157,157,162,162,162,162,138,138,110,162,127,109,154,0,0,0],"gold":157,"neow_bonus":"TEN_PERCENT_HP_BONUS","is_daily":false,"chose_seed":false,"campfire_upgraded":12,"win_rate":0.0,"timestamp":1613132965,"path_taken":["R","M","M","M","M","R","T","E","$","M","M","M","M","$","M","BOSS","R","$","M","M","?","E","T","E","R","M","NM","?","R","E","M","BOSS","R","M","M","?","AVR","M","T","?","M","M","M","M","M","E","M","BOSS","R","M","M","?","?","$","T","M","$","R","?","?","R","E","M","BOSS","R","M","M","$","M","M","E","M","?","M","?","R","M","?","M","BOSS","R","M","M","?","M","AVR","E","?","M","$","E","R","M","M","M","BOSS"],"items_purchased_type":["Card","Card","Card","Card","Card","Card","Relic","Card","Relic","Relic","Relic","Relic","Relic","Relic","Card","Relic","Card","Card","Card","Card"],"build_version":"2020-12-22","purchased_purges":0,"victory":false,"max_hp_per_floor":[71,71,71,71,71,71,71,71,71,71,71,71,71,71,71,75,75,75,75,75,75,75,79,86,90,90,94,94,94,94,94,94,94,94,94,94,94,94,94,94,94,94,98,98,102,102,114,114,118,118,118,118,118,118,118,118,118,118,118,125,125,125,125,125,129,133,133,133,133,141,141,141,145,149,149,149,149,153,153,153,157,157,157,157,162,162,162,162,162,162,162,162,162,162,162,162,162,162,162,162,162,162,162],"card_choices":[{"not_picked":["Slimebound:TongueLash","Slimebound:RejuvenatingLick"],"picked":"Slimebound:Schlurp","floor":2},{"not_picked":["Slimebound:Chomp","Slimebound:LivingWall"],"picked":"Slimebound:SplitMire","floor":3},{"not_picked":["Slimebound:WasteNot","Slimebound:LivingWall"],"picked":"Slimebound:ItLooksTasty","floor":4},{"not_picked":["Slimebound:PressTheAttack","Slimebound:RollThrough"],"picked":"Slimebound:TongueLash","floor":5},{"not_picked":["Slimebound:SplitBruiser","Slimebound:RallyTheTroops+1"],"picked":"Slimebound:LeechEnergy+1","floor":8},{"not_picked":["Slimebound:FirmFortitude","Slimebound:PressTheAttack+1"],"picked":"Slimebound:LivingWall","floor":9},{"not_picked":["Slimebound:FlameTackle+1","Slimebound:SplitBruiser"],"picked":"Slimebound:Gluttony","floor":10},{"not_picked":["Slimebound:FormOfPuddle","Slimebound:Gluttony"],"picked":"Slimebound:MegaLick","floor":11},{"not_picked":["Slimebound:DisruptingSlam+1","Slimebound:Schlurp"],"picked":"Slimebound:Equalize+1","floor":12},{"not_picked":["Slimebound:FormOfPuddle","Slimebound:GoopTackle+1"],"picked":"Slimebound:Gluttony","floor":13},{"not_picked":["Slimebound:PrepareCrush","Slimebound:SlimeSpikes"],"picked":"Slimebound:MassFeed+1","floor":14},{"not_picked":["Slimebound:Gluttony","Slimebound:Prepare"],"picked":"Slimebound:LevelUp","floor":15},{"not_picked":["Slimebound:Teamwork","Slimebound:OneTwoCombo+1"],"picked":"Slimebound:MassRepurpose","floor":16},{"not_picked":["Slimebound:FlameTackle+1","Slimebound:ComboTackle+1"],"picked":"Slimebound:TongueLash+1","floor":19},{"not_picked":["Slimebound:GoopTackle+1","Slimebound:LeadByExample"],"picked":"Slimebound:ViciousTackle+1","floor":20},{"not_picked":["Slimebound:PressTheAttack+1","Slimebound:SplitBruiser"],"picked":"Slimebound:SplitAcid","floor":21},{"not_picked":["Slimebound:SelfFormingGoo","Slimebound:SplitLeeching"],"picked":"Slimebound:ServeAndProtect","floor":23},{"not_picked":["Slimebound:GrowthPunch+1","Slimebound:GoopTackle+1"],"picked":"Slimebound:Repurpose+1","floor":25},{"not_picked":["Slimebound:SplitBruiser","Slimebound:ComboTackle+1"],"picked":"Slimebound:HauntingLick","floor":27},{"not_picked":["infinitespire:TheBestDefense","infinitespire:SealOfDarkness+"],"picked":"infinitespire:Gouge","floor":28},{"not_picked":["Slimebound:RollThrough+1","Slimebound:Schlurp"],"picked":"Slimebound:AcidTongue","floor":28},{"not_picked":["Slimebound:HauntingLick","Slimebound:Gluttony"],"picked":"Slimebound:SamplingLick","floor":29},{"not_picked":["Slimebound:SlimeSpikes+1","Slimebound:Equalize+1"],"picked":"Slimebound:LeechLife+1","floor":31},{"not_picked":["Slimebound:LevelUp","Slimebound:ComboTackle+1"],"picked":"Slimebound:LivingWall+1","floor":32},{"not_picked":["Slimebound:FirmFortitude","Slimebound:Overexert"],"picked":"Slimebound:MinionMaster","floor":33},{"not_picked":["Slimebound:SplitMire+1","Slimebound:PressTheAttack+1"],"picked":"Slimebound:AcidTongue","floor":36},{"not_picked":["Slimebound:SplitBruiser+1","Slimebound:MegaLick+1"],"picked":"Slimebound:LeechingTouch+1","floor":37},{"not_picked":["expansioncontent:Chronoboost","expansioncontent:HyperBeam"],"picked":"expansioncontent:AwakenDeath","floor":38},{"not_picked":["Slimebound:GoopTackle+1","Slimebound:SlimeSpikes"],"picked":"Slimebound:Repurpose","floor":40},{"not_picked":["Slimebound:LeechingTouch+1","Slimebound:SplitMire+1"],"picked":"Slimebound:GoopSpray","floor":43},{"not_picked":["Slimebound:LeechingTouch+1","Slimebound:Equalize+1"],"picked":"Slimebound:SplitAcid+1","floor":44},{"not_picked":["Slimebound:SlimeTap+1","Slimebound:SlimeSpikes+1"],"picked":"Slimebound:SamplingLick+1","floor":45},{"not_picked":["Slimebound:RollThrough+1","Slimebound:ServeAndProtect+1"],"picked":"Slimebound:OozeBath","floor":46},{"not_picked":["Slimebound:Repurpose","Slimebound:Chomp+1"],"picked":"Slimebound:Schlurp+1","floor":47},{"not_picked":["Slimebound:LivingWall","Slimebound:FinishingTackle+1"],"picked":"Slimebound:Equalize+1","floor":48},{"not_picked":["Slimebound:Prepare","Slimebound:RollThrough+1"],"picked":"Slimebound:DouseInSlime","floor":49},{"not_picked":["Slimebound:MassRepurpose","Slimebound:FirmFortitude"],"picked":"Slimebound:OozeBath","floor":50},{"not_picked":["Slimebound:ForwardTackle+1","Slimebound:ItLooksTasty+1"],"picked":"Slimebound:SplitLeeching","floor":53},{"not_picked":["Slimebound:FinishingTackle+1","Slimebound:Nibble+1"],"picked":"Slimebound:LeechEnergy+1","floor":54},{"not_picked":["Slimebound:Equalize+1","Slimebound:LivingWall"],"picked":"Slimebound:SlimeSpikes","floor":55},{"not_picked":["Slimebound:Prepare","Slimebound:SlimeSpikes"],"picked":"Slimebound:LeechEnergy+1","floor":57},{"not_picked":["Slimebound:ComboTackle+1","Slimebound:GrowthPunch+1"],"picked":"Slimebound:LevelUp","floor":57},{"not_picked":["Slimebound:LeechEnergy+1","Slimebound:FinishingTackle+1"],"picked":"Slimebound:DouseInSlime","floor":57},{"not_picked":["Slimebound:ComboTackle+1","Slimebound:Chomp+1"],"picked":"Slimebound:PressTheAttack+1","floor":57},{"not_picked":["Slimebound:GoopTackle+1","Slimebound:SplitBruiser"],"picked":"Slimebound:GoopSpray","floor":57},{"not_picked":["Slimebound:Grow","Slimebound:MassRepurpose"],"picked":"Slimebound:LeechingTouch+1","floor":57},{"not_picked":["Slimebound:ServeAndProtect","Slimebound:ItLooksTasty+1"],"picked":"Slimebound:Schlurp","floor":59},{"not_picked":["Slimebound:BestDefense","Slimebound:SplitLeeching"],"picked":"Slimebound:Nibble+1","floor":63},{"not_picked":["Slimebound:GrowthPunch+1","Slimebound:MegaLick"],"picked":"Slimebound:DivideAndConquer+1","floor":65},{"not_picked":["Slimebound:SlimeSpikes","Slimebound:GoopTackle+1"],"picked":"Slimebound:AcidTongue","floor":66},{"not_picked":["Slimebound:MassFeed+1","Slimebound:SlimeSlap+1"],"picked":"Slimebound:SelfFormingGoo","floor":67},{"not_picked":["infinitespire:Menacing","infinitespire:SealOfDarkness+"],"picked":"infinitespire:Punishment","floor":67},{"not_picked":[],"picked":"Slimebound:HauntingLick","floor":70},{"not_picked":["Slimebound:LivingWall"],"picked":"SKIP","floor":71},{"not_picked":["Slimebound:GoopTackle+1"],"picked":"SKIP","floor":73},{"not_picked":[],"picked":"Slimebound:GoopSpray","floor":74},{"not_picked":["Slimebound:GoopTackle+1"],"picked":"SKIP","floor":75},{"not_picked":["Slimebound:PressTheAttack+1"],"picked":"SKIP","floor":76},{"not_picked":["Slimebound:RollThrough+1"],"picked":"SKIP","floor":78},{"not_picked":[],"picked":"Slimebound:Dissolve+1","floor":81},{"not_picked":["Slimebound:RollThrough+1"],"picked":"SKIP","floor":82},{"not_picked":["Slimebound:SplitBruiser"],"picked":"SKIP","floor":83},{"not_picked":[],"picked":"Slimebound:RallyTheTroops+1","floor":84},{"not_picked":[],"picked":"Slimebound:Schlurp","floor":85},{"not_picked":["Slimebound:SamplingLick"],"picked":"SKIP","floor":87},{"not_picked":[],"picked":"Slimebound:Schlurp","floor":88},{"not_picked":["Slimebound:ComboTackle+1"],"picked":"SKIP","floor":90},{"not_picked":["Slimebound:SamplingLick"],"picked":"SKIP","floor":92},{"not_picked":[],"picked":"Slimebound:SlimeSpikes+1","floor":94},{"not_picked":["Slimebound:GoopTackle+1"],"picked":"SKIP","floor":96},{"not_picked":[],"picked":"Slimebound:LevelUp","floor":98},{"not_picked":["Slimebound:SplitBruiser"],"picked":"SKIP","floor":99},{"not_picked":[],"picked":"Slimebound:SpikyOuterGoop+1","floor":100}],"player_experience":186878,"relics_obtained":[{"floor":7,"key":"infinitespire:FocusingShard"},{"floor":8,"key":"Molten Egg 2"},{"floor":23,"key":"Lantern"},{"floor":24,"key":"Strawberry"},{"floor":25,"key":"infinitespire:Lucky Rock"},{"floor":28,"key":"TungstenRod"},{"floor":31,"key":"Whetstone"},{"floor":41,"key":"Happy Flower"},{"floor":48,"key":"Omamori"},{"floor":58,"key":"Ancient Tea Set"}],"event_choices":[{"cards_removed":["Slimebound:Strike_Slimebound"],"damage_healed":0,"gold_gain":0,"player_choice":"Removed Attack","damage_taken":0,"max_hp_gain":0,"max_hp_loss":0,"event_name":"Falling","floor":89,"gold_loss":0}],"is_beta":false,"boss_relics":[{"not_picked":["Philosopher\u0027s Stone","Pandora\u0027s Box"],"picked":"Slimebound:TarBlob"},{"not_picked":["infinitespire:Cupcake","SlaversCollar"],"picked":"Slimebound:AbsorbEndCombatUpgraded"},{"not_picked":["SacredBark","Fusion Hammer"],"picked":"Black Star"},{"not_picked":["Runesmith:UraniumAnvil","Sozu"],"picked":"Busted Crown"},{"not_picked":["infinitespire:Cupcake","bronze:MakeshiftBattery"],"picked":"Tiny House"}],"items_purged_floors":[],"is_endless":true,"potions_floor_spawned":[3,5,8,11,16,25,27,29,33,40,44,45,46,47,50,55,59,65,66,67,70,73,78,81,83,92,96,98],"killed_by":"Time Eater","ascension_level":1}}