{"host":"mwb0clku6crgv6yl","time":1613095117,"event":{"mods":["AchievementEnabler","BaseMod","Highlight Path","Koishi","Minty Spire (QoL Compilation)","Replay The Spire","StSLib","The Construct","The Cursed","The Gatherer","The Hierophant"],"gold_per_floor":[114,114,124,124,197,222,222,85,167,177,188,188,8,24,24,124,124,134,89,89],"floor_reached":19,"language":"ZHS","playtime":746,"items_purged":[],"score":234,"play_id":"aa6c12b9-f38a-4ef4-b41a-bb8377b2cbd3","local_time":"20210212095837","is_ascension_mode":true,"campfire_choices":[{"data":"TheCursedMod:CircleOfFlame","floor":7,"key":"SMITH"},{"data":"TheCursedMod:ManaCirculation","floor":12,"key":"SMITH"}],"circlet_count":0,"master_deck":["TheCursedMod:Strike_TheCursed","TheCursedMod:Strike_TheCursed","TheCursedMod:Defend_TheCursed+1","TheCursedMod:Defend_TheCursed+1","TheCursedMod:Defend_TheCursed+1","TheCursedMod:Defend_TheCursed+1","TheCursedMod:CursedWand","TheCursedMod:CleanUpWorkshop","TheCursedMod:Dregs","TheCursedMod:CircleOfFlame+1","TheCursedMod:TacticalStrike","TheCursedMod:RapidMovement","TheCursedMod:DemonSword","TheCursedMod:ManaCirculation+1","TheCursedMod:SmokeScreen","TheCursedMod:TacticalStrike","TheCursedMod:WearCloak","TheCursedMod:DemonicPact","TheCursedMod:TacticalStrike"],"relics":["Runic Dome","Iron Hammer","Lantern","Replay:Bottled Eggs","Tiny Chest","TheCursedMod:OminousMark"],"acts_visited":["Exordium","TheCity"],"potions_floor_usage":[16],"damage_taken":[{"damage":0,"enemies":"Jaw Worm","floor":1,"turns":3},{"damage":0,"enemies":"Cultist","floor":3,"turns":4},{"damage":4,"enemies":"3 Sentries","floor":6,"turns":6},{"damage":0,"enemies":"2 Louse","floor":10,"turns":2},{"damage":5,"enemies":"Blue Slaver","floor":11,"turns":2},{"damage":18,"enemies":"Exordium Wildlife","floor":14,"turns":5},{"damage":17,"enemies":"The Guardian","floor":16,"turns":8},{"damage":40,"enemies":"Shell Parasite","floor":18,"turns":8},{"damage":161,"enemies":"2 Thieves","floor":19,"turns":3}],"seed_played":"-9047832710235904123","potions_obtained":[{"floor":1,"key":"TheCursedMod:DregsPotion"},{"floor":2,"key":"ColorlessPotion"},{"floor":2,"key":"PowerPotion"},{"floor":2,"key":"DistilledChaos"},{"floor":11,"key":"PowerPotion"}],"is_trial":false,"path_per_floor":["M","?","M","?","T","E","R","$","T","M","M","R","$","M","R","B",null,"M","M"],"character_chosen":"THE_CURSED","items_purchased":["TheCursedMod:DemonSword","Tiny Chest","TheCursedMod:TacticalStrike"],"campfire_rested":0,"item_purchase_floors":[8,13,13],"current_hp_per_floor":[68,68,68,61,61,57,57,57,57,57,52,52,52,34,34,17,61,21,0,0],"gold":89,"neow_bonus":"BOSS_RELIC","is_daily":false,"chose_seed":false,"campfire_upgraded":2,"win_rate":0.0,"timestamp":1613095117,"path_taken":["M","?","?","?","?","E","R","?","T","M","M","R","$","M","R","BOSS","M","M"],"items_purchased_type":["Card","Relic","Card"],"build_version":"2020-12-22","purchased_purges":0,"victory":false,"max_hp_per_floor":[75,75,75,75,75,75,75,75,75,75,75,75,75,75,75,75,75,75,75,75],"card_choices":[{"not_picked":["TheCursedMod:HellfireBreathing","TheCursedMod:CircleOfAmplification"],"picked":"TheCursedMod:CircleOfFlame","floor":1},{"not_picked":["TheCursedMod:VitalStrike","TheCursedMod:RapidMovement"],"picked":"TheCursedMod:TacticalStrike","floor":3},{"not_picked":["TheCursedMod:TacticalStrike","TheCursedMod:CursedMace"],"picked":"TheCursedMod:RapidMovement","floor":6},{"not_picked":["TheCursedMod:Obscuration","TheCursedMod:SpitefulStrike"],"picked":"TheCursedMod:ManaCirculation","floor":10},{"not_picked":["TheCursedMod:SpitefulStrike","TheCursedMod:CursedShiv"],"picked":"TheCursedMod:SmokeScreen","floor":11},{"not_picked":["TheCursedMod:FleshFromBone","TheCursedMod:SoulCrush"],"picked":"TheCursedMod:WearCloak","floor":14},{"not_picked":["TheCursedMod:NeowsMight","TheCursedMod:StunningStrike"],"picked":"TheCursedMod:DemonicPact","floor":16},{"not_picked":["TheCursedMod:BlessingInDisguise","TheCursedMod:Stretching"],"picked":"TheCursedMod:TacticalStrike","floor":18}],"player_experience":296503,"relics_obtained":[{"floor":5,"key":"Iron Hammer"},{"floor":6,"key":"Lantern"},{"floor":9,"key":"Replay:Bottled Eggs"}],"event_choices":[{"damage_healed":0,"gold_gain":0,"player_choice":"Got Potions","damage_taken":0,"max_hp_gain":0,"max_hp_loss":0,"event_name":"Lab","floor":2,"gold_loss":0},{"cards_removed":["TheCursedMod:Strike_TheCursed"],"damage_healed":0,"gold_gain":0,"player_choice":"Card Removal","damage_taken":7,"max_hp_gain":0,"max_hp_loss":0,"event_name":"Golden Wing","floor":4,"gold_loss":0},{"cards_removed":["TheCursedMod:Strike_TheCursed"],"damage_healed":0,"gold_gain":0,"player_choice":"Purged","damage_taken":0,"max_hp_gain":0,"max_hp_loss":0,"event_name":"Purifier","floor":15,"gold_loss":0}],"is_beta":false,"boss_relics":[{"not_picked":["Replay:Drink Me","Fusion Hammer"],"picked":"TheCursedMod:OminousMark"}],"items_purged_floors":[],"is_endless":false,"potions_floor_spawned":[1,11],"killed_by":"2 Thieves","ascension_level":8}}