{"host":"yml0ux6c8lqydjlc","time":1613100404,"event":{"mods":["Aspiration","BaseMod","Conspire","Downfall","Hermit","Jedi Mod","Minty Spire (QoL Compilation)","Robot Space Explorer","StSLib"],"gold_per_floor":[115,115,34,54,70,70,103,103,156,156,181,181,106,124,124,248,248,234,27,46,65,65,65],"floor_reached":22,"language":"ENG","playtime":1600,"items_purged":["Strike_G","Strike_G"],"score":186,"play_id":"0d56bac1-3926-41de-9311-b4e14be97daa","local_time":"20210211222644","is_ascension_mode":false,"campfire_choices":[{"data":"Backstab","floor":6,"key":"SMITH"},{"floor":8,"key":"REST"},{"data":"Poisoned Stab","floor":10,"key":"SMITH"},{"data":"Dodge and Roll","floor":15,"key":"SMITH"}],"circlet_count":0,"master_deck":["Strike_G","Strike_G","Strike_G","Defend_G","Defend_G","Defend_G","Defend_G","Defend_G","Survivor","Neutralize","Backflip","Backstab+1","Deadly Poison+1","Poisoned Stab+1","Outmaneuver","Quick Slash","Dodge and Roll+1","Envenom","Flying Knee","Bouncing Flask","Quick Slash","Slice","Catalyst+1"],"relics":["Ring of the Snake","Golden Idol","Potion Belt","jedi:rubbersling"],"acts_visited":["Exordium","TheCity"],"potions_floor_usage":[7,16,16,22],"damage_taken":[{"damage":0,"enemies":"2 Louse","floor":1,"turns":5},{"damage":0,"enemies":"Small Slimes","floor":4,"turns":5},{"damage":4,"enemies":"Cultist","floor":5,"turns":3},{"damage":18,"enemies":"3 Sentries","floor":7,"turns":6},{"damage":0,"enemies":"3 Louse","floor":11,"turns":2},{"damage":4,"enemies":"Blue Slaver","floor":14,"turns":2},{"damage":18,"enemies":"Hexaghost","floor":16,"turns":11},{"damage":21,"enemies":"2 Thieves","floor":18,"turns":4},{"damage":2,"enemies":"Chosen","floor":20,"turns":6},{"damage":39,"enemies":"Centurion and Healer","floor":21,"turns":8},{"damage":12,"enemies":"Cultist and Chosen","floor":22,"turns":4}],"seed_played":"1062537199076646101","potions_obtained":[{"floor":4,"key":"jedi:StrikingPotion"},{"floor":5,"key":"Dexterity Potion"},{"floor":7,"key":"sneckomod:MuddlingPotion"},{"floor":18,"key":"FearPotion"},{"floor":21,"key":"CunningPotion"}],"is_trial":false,"path_per_floor":["M","?","$","M","M","R","E","R","T","R","M","?","$","M","R","B",null,"M","$","M","M","M"],"character_chosen":"THE_SILENT","items_purchased":["Backstab","Bouncing Flask","Quick Slash"],"campfire_rested":1,"item_purchase_floors":[3,19,19],"current_hp_per_floor":[77,71,71,71,67,67,49,70,70,70,70,70,70,66,66,48,71,50,50,48,9,0,0],"gold":65,"neow_bonus":"TEN_PERCENT_HP_BONUS","is_daily":false,"chose_seed":false,"campfire_upgraded":3,"win_rate":0.0,"timestamp":1613100404,"path_taken":["M","?","$","M","M","R","E","R","T","R","M","?","$","M","R","BOSS","M","$","M","M","M"],"items_purchased_type":["Card","Card","Card"],"build_version":"2020-12-22","purchased_purges":2,"victory":false,"max_hp_per_floor":[77,71,71,71,71,71,71,71,71,71,71,71,71,71,71,71,71,71,71,71,71,71,71],"card_choices":[{"not_picked":["Dagger Throw","Prepared"],"picked":"Backflip","floor":1},{"not_picked":["Outmaneuver","Flying Knee"],"picked":"Deadly Poison","floor":4},{"not_picked":["Blur","Backflip"],"picked":"Poisoned Stab","floor":5},{"not_picked":["Distraction","Escape Plan"],"picked":"Outmaneuver","floor":7},{"not_picked":["Blade Dance","Backstab"],"picked":"Quick Slash","floor":11},{"not_picked":["Finisher","Acrobatics"],"picked":"Dodge and Roll","floor":14},{"not_picked":["Phantasmal Killer","aspiration:Lunge"],"picked":"Envenom","floor":16},{"not_picked":["Well Laid Plans","Deadly Poison"],"picked":"Flying Knee","floor":18},{"not_picked":["Quick Slash","Acrobatics"],"picked":"Slice","floor":20},{"not_picked":["Bouncing Flask+1","jedi:collectorvenom+1"],"picked":"Catalyst+1","floor":21}],"player_experience":58287,"relics_obtained":[{"floor":7,"key":"Potion Belt"},{"floor":9,"key":"jedi:rubbersling"}],"event_choices":[{"damage_healed":0,"gold_gain":0,"player_choice":"Lose Max HP","damage_taken":0,"relics_obtained":["Golden Idol"],"max_hp_gain":0,"max_hp_loss":6,"event_name":"Golden Idol","floor":2,"gold_loss":0},{"damage_healed":0,"gold_gain":0,"player_choice":"Grow","damage_taken":0,"max_hp_gain":0,"max_hp_loss":0,"event_name":"Living Wall","floor":12,"gold_loss":0,"cards_upgraded":["Deadly Poison"]}],"is_beta":false,"boss_relics":[{"not_picked":["bronze:MakeshiftBattery","Runic Pyramid","jedi:paperlyon"]}],"items_purged_floors":[13,19],"is_endless":false,"potions_floor_spawned":[4,5,7,18,21],"killed_by":"Cultist and Chosen","ascension_level":0}}