{"host":"50qwps766cbz6ukm","time":1613132291,"event":{"mods":["BaseMod","Colored Map","Colored Powertips","DeckTracker","Highlight Path","Minty Spire (QoL Compilation)","Quick Restart","Remove Card Discount Mod","StSLib","SuperFastMode","Synergy Search"],"gold_per_floor":[110,385,397,397,13,13,45,45,45,45,120,153,153,183,183,285,285,301,301,22,37,48,80,80,60,60,72,83,6,6,6],"floor_reached":30,"language":"ENG","playtime":425,"items_purged":["Strike_P","Strike_P","Strike_P","Strike_P","Defend_P","Defend_P","Defend_P","Decay","Defend_P"],"score":545,"play_id":"9a7f5a06-5528-48ab-b5f0-5871f7fcc6b1","local_time":"20210212141811","is_ascension_mode":true,"campfire_choices":[{"data":"Eruption","floor":6,"key":"SMITH"},{"data":"Vigilance","floor":8,"key":"SMITH"},{"data":"Brilliance","floor":13,"key":"SMITH"},{"data":"Consecrate","floor":15,"key":"SMITH"}],"circlet_count":0,"master_deck":["Eruption+1","Vigilance+1","Consecrate+1","BattleHymn","Consecrate","Brilliance+1","FlurryOfBlows","Prostrate+1","DeusExMachina"],"relics":["PureWater","NeowsBlessing","Akabeko","OrangePellets","Question Card","PreservedInsect","Vajra","Toy Ornithopter","Philosopher\u0027s Stone","Membership Card","Matryoshka","Lantern","Bronze Scales","Shuriken","Omamori"],"acts_visited":["Exordium","TheCity"],"potions_floor_usage":[16],"damage_taken":[{"damage":0,"enemies":"Jaw Worm","floor":1,"turns":1},{"damage":0,"enemies":"Cultist","floor":3,"turns":1},{"damage":0,"enemies":"Lagavulin","floor":7,"turns":2},{"damage":0,"enemies":"Gremlin Nob","floor":12,"turns":2},{"damage":0,"enemies":"Lagavulin","floor":14,"turns":3},{"damage":0,"enemies":"The Guardian","floor":16,"turns":4},{"damage":12,"enemies":"3 Byrds","floor":18,"turns":2},{"damage":2,"enemies":"Chosen","floor":21,"turns":2},{"damage":22,"enemies":"Snake Plant","floor":22,"turns":3},{"damage":19,"enemies":"Book of Stabbing","floor":23,"turns":3},{"damage":0,"enemies":"Snecko","floor":27,"turns":2},{"damage":0,"enemies":"Centurion and Healer","floor":28,"turns":2},{"damage":15,"enemies":"Snake Plant","floor":30,"turns":1}],"seed_played":"5924731824016808254","potions_obtained":[{"floor":12,"key":"SteroidPotion"},{"floor":18,"key":"ColorlessPotion"},{"floor":25,"key":"Ambrosia"},{"floor":27,"key":"Explosive Potion"}],"is_trial":false,"path_per_floor":["M","?","M","?","$","R","E","R","T","$","?","E","R","E","R","B",null,"M","?","$","M","M","E","$","?","T","M","M","$","M"],"character_chosen":"WATCHER","items_purchased":["Akabeko","OrangePellets","BattleHymn","Membership Card","Matryoshka","Omamori"],"campfire_rested":0,"item_purchase_floors":[5,5,5,20,20,29],"current_hp_per_floor":[65,65,65,65,65,65,65,65,65,65,54,54,54,54,54,59,69,57,57,57,55,33,14,14,14,14,14,14,14,0,0],"gold":6,"neow_bonus":"THREE_ENEMY_KILL","is_daily":false,"chose_seed":false,"campfire_upgraded":4,"win_rate":0.0,"timestamp":1613132291,"path_taken":["M","?","?","?","$","R","E","R","T","?","?","E","R","E","R","BOSS","M","?","$","?","M","E","?","?","T","M","M","$","M"],"items_purchased_type":["Relic","Relic","Card","Relic","Relic","Relic"],"build_version":"2020-12-22","purchased_purges":9,"victory":false,"max_hp_per_floor":[72,72,72,72,72,72,72,72,72,72,72,72,72,72,72,72,72,72,72,72,72,72,72,72,72,72,72,72,72,72,72],"card_choices":[{"not_picked":["PathToVictory","JustLucky"],"picked":"Consecrate","floor":1},{"not_picked":["EmptyBody","Halt","FlyingSleeves"],"picked":"SKIP","floor":3},{"not_picked":["Fasting2","Omniscience"],"picked":"Consecrate","floor":7},{"not_picked":["Prostrate","JustLucky","Sanctity"],"picked":"Brilliance","floor":12},{"not_picked":["EmptyFist","WheelKick","CrushJoints","Swivel"],"picked":"SKIP","floor":14},{"not_picked":["Nirvana","Evaluate","FollowUp"],"picked":"FlurryOfBlows","floor":18},{"not_picked":["Wireheading","Crescendo","CrushJoints","ThirdEye+1"],"picked":"SKIP","floor":21},{"not_picked":["ClearTheMind+1","SandsOfTime","BowlingBash","Evaluate+1"],"picked":"SKIP","floor":22},{"not_picked":["Evaluate+1","Worship","EmptyBody","TalkToTheHand"],"picked":"SKIP","floor":23},{"not_picked":["ForeignInfluence","Nirvana","CutThroughFate"],"picked":"Prostrate+1","floor":27},{"not_picked":["Protect","Conclude","Halt+1"],"picked":"DeusExMachina","floor":28}],"player_experience":590307,"relics_obtained":[{"floor":7,"key":"Question Card"},{"floor":9,"key":"PreservedInsect"},{"floor":12,"key":"Vajra"},{"floor":14,"key":"Toy Ornithopter"},{"floor":23,"key":"Lantern"},{"floor":26,"key":"Bronze Scales"},{"floor":26,"key":"Shuriken"}],"event_choices":[{"damage_healed":0,"gold_gain":275,"player_choice":"Desecrate","damage_taken":0,"max_hp_gain":0,"max_hp_loss":0,"event_name":"Golden Shrine","floor":2,"gold_loss":0,"cards_obtained":["Regret"]},{"cards_removed":["Regret"],"damage_healed":0,"gold_gain":0,"player_choice":"Removed Curses","damage_taken":0,"max_hp_gain":0,"max_hp_loss":0,"event_name":"Fountain of Cleansing","floor":4,"gold_loss":0},{"damage_healed":0,"gold_gain":75,"player_choice":"Gather Gold","damage_taken":11,"max_hp_gain":0,"max_hp_loss":0,"event_name":"World of Goop","floor":11,"gold_loss":0},{"damage_healed":0,"gold_gain":0,"player_choice":"Cursed","damage_taken":0,"max_hp_gain":0,"max_hp_loss":0,"event_name":"Wheel of Change","floor":19,"gold_loss":0,"cards_obtained":["Decay"]},{"damage_healed":0,"gold_gain":0,"player_choice":"Bought 1 Potion","damage_taken":0,"max_hp_gain":0,"max_hp_loss":0,"event_name":"The Woman in Blue","floor":25,"gold_loss":0}],"is_beta":false,"boss_relics":[{"not_picked":["HolyWater","Runic Pyramid"],"picked":"Philosopher\u0027s Stone"}],"items_purged_floors":[5,5,5,5,5,5,5,20,29],"is_endless":false,"potions_floor_spawned":[12,18,27],"killed_by":"Snake Plant","ascension_level":8}}