{"host":"j019w4cyowrad0mf","time":1613124942,"event":{"mods":["2.2 Compatiblity","Act Like it!","Arknights","BaseMod","CapriCore","Gensokyo","HololiveMod","Marisa????????","Minty Spire (QoL Compilation)","Rare Cards Sparkle","Reimu??????","StSLib","Waifu the Spire"],"gold_per_floor":[110,110,124,141,141,173,188,188,214,214,86,113,113,129,129,225,225,238,238,255,170,170,70,70,80,103,103,115,161,161,172,172,172,172],"floor_reached":33,"language":"ENG","playtime":1674,"items_purged":["Defend_P","Writhe"],"score":305,"play_id":"7b719eda-718f-46fc-9cd9-3ab3790c9015","local_time":"20210212021542","is_ascension_mode":false,"campfire_choices":[{"data":"Eruption","floor":8.0,"key":"SMITH"},{"data":"MentalFortress","floor":10.0,"key":"SMITH"},{"data":"FollowUp","floor":13,"key":"SMITH"},{"data":"CutThroughFate","floor":15,"key":"SMITH"},{"data":"Crescendo","floor":24,"key":"SMITH"},{"data":"Establishment","floor":30,"key":"SMITH"},{"data":"FollowUp","floor":32,"key":"SMITH"}],"circlet_count":0,"master_deck":["Strike_P","Strike_P+1","Strike_P","Strike_P","Defend_P+1","Defend_P+1","Eruption+1","Vigilance","FollowUp+1","MentalFortress+1","Swivel","FearNoEvil","CutThroughFate+1","Crescendo+1","Adaptation","Judgement+1","WindmillStrike","CutThroughFate","WreathOfFlame+1","Establishment+1","FollowUp+1"],"relics":["PureWater","Toy Ornithopter","Pen Nib","Tiny Chest","Regal Pillow","Black Star","Lantern","PureWhite:ReiMu","PreservedInsect","War Paint"],"acts_visited":["Exordium","TheCity"],"potions_floor_usage":[12,12,16,25,31],"damage_taken":[{"damage":0.0,"enemies":"2 Louse","floor":1.0,"turns":2.0},{"damage":0.0,"enemies":"Small Slimes","floor":3.0,"turns":4.0},{"damage":6.0,"enemies":"Jaw Worm","floor":4.0,"turns":4.0},{"damage":0.0,"enemies":"Gremlin Nob","floor":6.0,"turns":1.0},{"damage":0.0,"enemies":"3 Louse","floor":7.0,"turns":4.0},{"damage":0,"enemies":"Lagavulin","floor":12,"turns":2},{"damage":0,"enemies":"2 Fungi Beasts","floor":14,"turns":3},{"damage":22,"enemies":"Hexaghost","floor":16,"turns":6},{"damage":0,"enemies":"Spheric Guardian","floor":18,"turns":3},{"damage":36,"enemies":"2 Thieves","floor":20,"turns":4},{"damage":5,"enemies":"Shelled Parasite and Fungi","floor":25,"turns":2},{"damage":20,"enemies":"3 Cultists","floor":28,"turns":4},{"damage":0,"enemies":"Sentry and Sphere","floor":31,"turns":2},{"damage":22,"enemies":"Champ","floor":33,"turns":2}],"seed_played":"-6583923220727428599","potions_obtained":[{"floor":1.0,"key":"EntropicBrew"},{"floor":3.0,"key":"SteroidPotion"},{"floor":7.0,"key":"SteroidPotion"},{"floor":20,"key":"Fire Potion"},{"floor":31,"key":"Fruit Juice"}],"is_trial":false,"path_per_floor":["M","?","M","M","?","E","M","R","T","R","$","E","R","M","R","B",null,"M","?","M","?","?","$","R","M","T","$","M","T","R","M","R","B"],"character_chosen":"WATCHER","items_purchased":["Crescendo"],"campfire_rested":0,"item_purchase_floors":[11],"current_hp_per_floor":[72,58,58,52,49,64,64,64,64,64,64,72,72,72,72,50,72,72,59,23,23,23,23,23,23,23,23,3,3,3,13,13,0,0],"gold":172,"neow_bonus":"REMOVE_CARD","is_daily":false,"chose_seed":false,"campfire_upgraded":7,"win_rate":0.0,"timestamp":1613124942,"path_taken":["M","?","M","M","?","E","M","R","T","R","$","E","R","M","R","BOSS","M","?","M","?","?","$","R","M","T","$","M","?","R","M","R","BOSS"],"items_purchased_type":["Card"],"build_version":"2020-12-22","purchased_purges":2,"victory":false,"max_hp_per_floor":[72,72,72,72,72,72,72,72,72,72,72,72,72,72,72,72,72,72,77,77,77,77,77,77,77,77,77,77,77,77,82,82,82,82],"card_choices":[{"not_picked":["Tantrum","Halt"],"picked":"FollowUp","floor":1.0},{"not_picked":["ThirdEye","CutThroughFate"],"picked":"MentalFortress","floor":3.0},{"not_picked":["Wallop","Protect"],"picked":"Swivel","floor":4.0},{"not_picked":["ConjureBlade","Protect"],"picked":"FearNoEvil","floor":6.0},{"not_picked":["Evaluate","SashWhip"],"picked":"CutThroughFate","floor":7.0},{"not_picked":["SashWhip","Evaluate","Protect"],"picked":"SKIP","floor":12},{"not_picked":["Prostrate","Swivel"],"picked":"Adaptation","floor":14},{"not_picked":["Blasphemy","Establishment"],"picked":"Judgement","floor":16},{"not_picked":["EmptyBody","BowlingBash"],"picked":"WindmillStrike","floor":18},{"not_picked":["Study","BowlingBash+1"],"picked":"CutThroughFate","floor":20},{"not_picked":["JustLucky","PathToVictory"],"picked":"WreathOfFlame+1","floor":25},{"not_picked":["Consecrate+1","Meditate+1"],"picked":"Establishment","floor":28},{"not_picked":["EmptyFist+1","SashWhip+1"],"picked":"FollowUp","floor":31}],"player_experience":359234,"relics_obtained":[{"floor":6.0,"key":"Pen Nib"},{"floor":9.0,"key":"Tiny Chest"},{"floor":12,"key":"Regal Pillow"},{"floor":26,"key":"PreservedInsect"},{"floor":29,"key":"War Paint"}],"event_choices":[{"damage_healed":0.0,"max_hp_gain":0.0,"max_hp_loss":0.0,"gold_gain":0.0,"event_name":"Shining Light","player_choice":"Entered Light","floor":2.0,"gold_loss":0.0,"damage_taken":14.0,"cards_upgraded":["Defend_P","Strike_P"]},{"damage_healed":0.0,"max_hp_gain":0.0,"max_hp_loss":0.0,"gold_gain":0.0,"event_name":"Scrap Ooze","player_choice":"Success","floor":5.0,"gold_loss":0.0,"damage_taken":3.0,"relics_obtained":["Toy Ornithopter"]},{"damage_healed":0,"gold_gain":0,"player_choice":"Shed Blood","damage_taken":18,"max_hp_gain":5,"max_hp_loss":0,"event_name":"Forgotten Altar","floor":19,"gold_loss":0},{"damage_healed":0,"gold_gain":0,"player_choice":"Obtained Relic","damage_taken":0,"relics_obtained":["Lantern"],"max_hp_gain":0,"max_hp_loss":0,"event_name":"Addict","floor":21,"gold_loss":85},{"damage_healed":0,"gold_gain":0,"player_choice":"Opened","damage_taken":0,"relics_obtained":["PureWhite:ReiMu"],"max_hp_gain":0,"max_hp_loss":0,"event_name":"The Mausoleum","floor":22,"gold_loss":0,"cards_obtained":["Writhe"]}],"is_beta":false,"boss_relics":[{"not_picked":["Snecko Eye","Runic Dome"],"picked":"Black Star"}],"items_purged_floors":[11,23],"is_endless":false,"potions_floor_spawned":[1,3,7,20,31],"killed_by":"Champ","ascension_level":0}}