{"host":"8e3sp1tozjyrh64l","time":1613100761,"event":{"mods":["BaseMod","Better Altar","Better Match","Better Note","Better Sensory Stone","Better Silent Start","Better Skull","Better Third Choice","BetterRewards","Curses Come First","Defuse TimeMaze Blight","Infinite Spire","Minty Spire (QoL Compilation)","Permanent Neow","Rare Cards Sparkle","Relic Sorter","Reliquary","Replay The Spire","Shop Mod","Spicy Shops","StSLib","SuperFastMode","Wandering Minibosses"],"gold_per_floor":[110,110,126,150,225,225,259,259,259,259,26,26,26,40,40,40,40],"floor_reached":16,"language":"ENG","playtime":384,"items_purged":[],"score":98,"play_id":"0b8ed52a-ea77-4943-bcc3-241895ad9af0","local_time":"20210211203241","is_ascension_mode":false,"campfire_choices":[{"data":"Dagger Spray","floor":6,"key":"SMITH"},{"data":"All Out Attack","floor":8,"key":"SMITH"},{"data":"Terror","floor":10,"key":"SMITH"},{"data":"Sadistic Nature","floor":13,"key":"SMITH"}],"circlet_count":0,"master_deck":["Strike_G","Strike_G","Strike_G+1","Strike_G","Defend_G","Defend_G","Defend_G","Defend_G","Survivor","Neutralize+1","Terror+1","Dagger Spray+1","All Out Attack+1","Sadistic Nature+1"],"relics":["Ring of the Snake","Golden Idol","reliquary:OuijaBoard","Pantograph","Happy Flower"],"acts_visited":["Exordium"],"potions_floor_usage":[16,16],"damage_taken":[{"damage":0,"enemies":"Jaw Worm","floor":1,"turns":5},{"damage":0,"enemies":"2 Louse","floor":3,"turns":2},{"damage":0,"enemies":"Small Slimes","floor":4,"turns":3},{"damage":5,"enemies":"3 Sentries","floor":7,"turns":6},{"damage":0,"enemies":"Looter","floor":14,"turns":3},{"damage":81,"enemies":"Fading Forest","floor":16,"turns":8}],"seed_played":"4857402699231812635","potions_obtained":[{"floor":3,"key":"LifebloodPotion"},{"floor":14,"key":"SkillPotion"}],"is_trial":false,"path_per_floor":["M","?","M","M","?","R","E","R","T","R","$","?","R","M","R","B"],"character_chosen":"THE_SILENT","items_purchased":["Sadistic Nature","Happy Flower"],"campfire_rested":0,"item_purchase_floors":[11,11],"current_hp_per_floor":[70,53,53,53,42,42,37,37,37,37,37,37,37,37,37,0,0],"gold":40,"neow_bonus":"UPGRADE_CARD","is_daily":false,"chose_seed":false,"campfire_upgraded":4,"win_rate":0.0,"timestamp":1613100761,"path_taken":["M","?","M","M","?","R","E","R","T","R","$","?","R","M","R","BOSS"],"items_purchased_type":["Card","Relic"],"build_version":"2020-12-22","purchased_purges":0,"victory":false,"max_hp_per_floor":[70,70,70,70,70,70,70,70,70,70,70,70,70,70,70,70,70],"card_choices":[{"not_picked":["Draining Mist","Prepared","Underhanded Strike"],"picked":"SKIP","floor":1},{"not_picked":["Deflect","ReplayTheSpireMod:Shiv Toss"],"picked":"Terror","floor":3},{"not_picked":["Riddle With Holes","Prepared"],"picked":"Dagger Spray","floor":4},{"not_picked":["Underhanded Strike","Glass Knife"],"picked":"All Out Attack","floor":7},{"not_picked":["Dagger Spray","Outmaneuver","Replay:Poison Smokescreen"],"picked":"SKIP","floor":14}],"player_experience":926966,"relics_obtained":[{"floor":7,"key":"reliquary:OuijaBoard"},{"floor":9,"key":"Pantograph"}],"event_choices":[{"damage_healed":0,"gold_gain":0,"player_choice":"Take Damage","damage_taken":17,"relics_obtained":["Golden Idol"],"max_hp_gain":0,"max_hp_loss":0,"event_name":"Golden Idol","floor":2,"gold_loss":0},{"damage_healed":0,"gold_gain":75,"player_choice":"Gold","damage_taken":11,"max_hp_gain":0,"max_hp_loss":0,"event_name":"betterThird:BetterGoop","floor":5,"gold_loss":0},{"damage_healed":0,"gold_gain":1,"player_choice":"1","damage_taken":0,"max_hp_gain":0,"max_hp_loss":0,"event_name":"betterStone:BetterStone","floor":15,"gold_loss":0}],"is_beta":false,"boss_relics":[],"items_purged_floors":[],"is_endless":false,"potions_floor_spawned":[3,14],"killed_by":"Fading Forest","ascension_level":0}}