{"host":"fnlf8nl5agtxb8g8","time":1613117737,"event":{"mods":["Act Like it!","BaseMod","Better Altar","Better Match","Better Note","Better Sensory Stone","Better Skull","Better Third Choice","Better Vampires","Minty Spire (QoL Compilation)","Quick Restart","Rare Cards Sparkle","StSLib","The Jungle","The Senshi"],"gold_per_floor":[117,117,117,42,42,42,42],"floor_reached":6,"language":"ENG","playtime":233,"items_purged":["Regret"],"score":38,"play_id":"9ce553f9-55cb-4388-9c07-87af70079b68","local_time":"20210212021537","is_ascension_mode":true,"campfire_choices":[],"circlet_count":0,"master_deck":["theSenshi:SailorKick","theSenshi:SailorKick","theSenshi:SailorKick","theSenshi:SailorKick","theSenshi:SailorBlock","theSenshi:SailorBlock","theSenshi:SailorBlock","theSenshi:SailorBlock","theSenshi:RoseThrow","theSenshi:MoonPrismPowerMakeUp","theSenshi:KlutzyLuck","Burn"],"relics":["theSenshi:TransformationBroochRelic","Frozen Egg 2","Golden Idol"],"acts_visited":["Exordium"],"potions_floor_usage":[],"damage_taken":[{"damage":0,"enemies":"Cultist","floor":1,"turns":3},{"damage":62,"enemies":"3 Sentries","floor":6,"turns":10}],"seed_played":"-6135846982356205919","potions_obtained":[],"is_trial":false,"path_per_floor":["M","?","?","$","?","E"],"character_chosen":"THE_SENSHI","items_purchased":[],"campfire_rested":0,"item_purchase_floors":[],"current_hp_per_floor":[82,82,82,82,62,0,0],"gold":42,"neow_bonus":"TEN_PERCENT_HP_BONUS","is_daily":false,"chose_seed":false,"campfire_upgraded":0,"win_rate":0.0,"timestamp":1613117737,"path_taken":["M","?","?","$","?","E"],"items_purchased_type":[],"build_version":"2020-12-22","purchased_purges":1,"victory":false,"max_hp_per_floor":[82,82,82,82,82,82,82],"card_choices":[{"not_picked":["theSenshi:MoonKick","theSenshi:InTheNickOfTime"],"picked":"theSenshi:KlutzyLuck","floor":1}],"player_experience":820792,"relics_obtained":[],"event_choices":[{"damage_healed":0,"gold_gain":0,"player_choice":"Box","damage_taken":0,"relics_obtained":["Frozen Egg 2"],"max_hp_gain":0,"max_hp_loss":0,"event_name":"Big Fish","floor":2,"gold_loss":0,"cards_obtained":["Regret"]},{"damage_healed":82,"gold_gain":0,"player_choice":"Embrace Burn","damage_taken":0,"max_hp_gain":0,"max_hp_loss":82,"event_name":"betterThird:BetterShining","floor":3,"gold_loss":0},{"damage_healed":0,"gold_gain":0,"player_choice":"Take Damage","damage_taken":20,"relics_obtained":["Golden Idol"],"max_hp_gain":0,"max_hp_loss":0,"event_name":"Golden Idol","floor":5,"gold_loss":0}],"is_beta":false,"boss_relics":[],"items_purged_floors":[4],"is_endless":false,"potions_floor_spawned":[],"killed_by":"3 Sentries","ascension_level":4}}