{"host":"l2onoeb0kdqo1a9y","time":1613091578,"event":{"mods":["AchievementEnabler","BaseMod","Colored Powertips","Highlight Path","Minty Spire (QoL Compilation)","Quick Restart"],"gold_per_floor":[119,133,133,150,170,204,222,222,222,222,222,235,253,264,264,364,364,381,430,520,536,548,548,548,574,574,118,118,150,161,180,180,180,180],"floor_reached":33,"language":"ZHS","playtime":943,"items_purged":["Strike_R"],"score":296,"play_id":"9c0075c3-0d4c-4c0c-9265-d1cd312828df","local_time":"20210212085938","is_ascension_mode":false,"campfire_choices":[{"floor":8,"key":"RECALL"},{"data":"Rampage","floor":15,"key":"SMITH"},{"data":"Inflame","floor":23,"key":"SMITH"},{"data":"Armaments","floor":28,"key":"SMITH"},{"data":"Inflame","floor":32,"key":"SMITH"}],"circlet_count":0,"master_deck":["Strike_R","Strike_R","Strike_R","Strike_R","Defend_R","Defend_R","Defend_R","Defend_R","Bash","Carnage","Rampage+1","Inflame+1","Flex","Inflame+1","Armaments+1","Flex","Heavy Blade+1"],"relics":["Burning Blood","Happy Flower","Tiny Chest","Singing Bowl","Question Card","Matryoshka","Busted Crown","Bag of Marbles","Orichalcum","Bronze Scales","TungstenRod","Mercury Hourglass","Blue Candle"],"acts_visited":["Exordium","TheCity"],"potions_floor_usage":[6,16,22,22,33,33],"damage_taken":[{"damage":4,"enemies":"2 Louse","floor":1,"turns":3},{"damage":9,"enemies":"Small Slimes","floor":2,"turns":3},{"damage":6,"enemies":"Jaw Worm","floor":4,"turns":3},{"damage":15,"enemies":"Looter","floor":5,"turns":3},{"damage":28,"enemies":"Gremlin Nob","floor":6,"turns":4},{"damage":8,"enemies":"Gremlin Gang","floor":7,"turns":5},{"damage":9,"enemies":"2 Fungi Beasts","floor":12,"turns":2},{"damage":20,"enemies":"Looter","floor":13,"turns":3},{"damage":13,"enemies":"Red Slaver","floor":14,"turns":2},{"damage":23,"enemies":"Slime Boss","floor":16,"turns":6},{"damage":25,"enemies":"2 Thieves","floor":18,"turns":4},{"damage":25,"enemies":"Shell Parasite","floor":21,"turns":4},{"damage":28,"enemies":"Sentry and Sphere","floor":22,"turns":5},{"damage":23,"enemies":"Slavers","floor":29,"turns":4},{"damage":18,"enemies":"Snecko","floor":30,"turns":4},{"damage":14,"enemies":"Shelled Parasite and Fungi","floor":31,"turns":3},{"damage":55,"enemies":"Collector","floor":33,"turns":7}],"seed_played":"-960986902853870942","potions_obtained":[{"floor":1,"key":"Fire Potion"},{"floor":2,"key":"Regen Potion"},{"floor":7,"key":"Ancient Potion"},{"floor":13,"key":"DistilledChaos"},{"floor":14,"key":"Dexterity Potion"},{"floor":16,"key":"Regen Potion"},{"floor":31,"key":"AttackPotion"}],"is_trial":false,"path_per_floor":["M","M","?","M","M","E","M","R","T","?","?","M","M","M","R","B",null,"M","T","?","M","M","R","?","T","T","$","R","E","M","M","R","B"],"character_chosen":"IRONCLAD","items_purchased":["Inflame","Armaments","Mercury Hourglass"],"campfire_rested":0,"item_purchase_floors":[27,27,27],"current_hp_per_floor":[80,77,65,65,56,45,45,45,45,45,73,72,60,53,53,36,88,71,71,59,42,36,36,104,104,104,104,104,89,77,69,69,14,14],"gold":180,"neow_bonus":"RANDOM_COMMON_RELIC","is_daily":false,"chose_seed":false,"campfire_upgraded":4,"win_rate":0.0,"timestamp":1613091578,"path_taken":["M","M","?","M","M","E","M","R","T","?","?","M","?","M","R","BOSS","M","?","?","M","?","R","?","?","T","$","R","E","M","M","R","BOSS"],"items_purchased_type":["Card","Card","Relic"],"build_version":"2020-12-22","purchased_purges":1,"victory":false,"max_hp_per_floor":[80,80,80,80,80,82,84,84,84,84,84,86,88,88,88,88,88,90,90,90,92,94,94,104,104,104,104,104,106,106,106,106,106,106],"card_choices":[{"not_picked":["Metallicize","Warcry"],"picked":"Carnage","floor":1},{"not_picked":["Feel No Pain","Havoc"],"picked":"Rampage","floor":2},{"not_picked":["Pommel Strike","Thunderclap","Power Through"],"picked":"SKIP","floor":4},{"not_picked":["Hemokinesis","Intimidate"],"picked":"Inflame","floor":5},{"not_picked":["Shrug It Off","Anger","Evolve"],"picked":"Singing Bowl","floor":6},{"not_picked":["Second Wind","Twin Strike","Sentinel"],"picked":"Singing Bowl","floor":7},{"not_picked":["Twin Strike","Clothesline","Blood for Blood","Immolate"],"picked":"Singing Bowl","floor":12},{"not_picked":["True Grit","Blood for Blood","Sentinel","Second Wind"],"picked":"Singing Bowl","floor":13},{"not_picked":["Carnage","Headbutt","Entrench"],"picked":"Flex","floor":14},{"not_picked":["Limit Break","Double Tap","Exhume"],"picked":"Corruption","floor":16},{"not_picked":["Disarm","Thunderclap"],"picked":"Singing Bowl","floor":18},{"not_picked":["Perfected Strike","Iron Wave"],"picked":"Singing Bowl","floor":21},{"not_picked":["Reckless Charge","Headbutt"],"picked":"Singing Bowl","floor":22},{"not_picked":["Sentinel","Seeing Red+1"],"picked":"Singing Bowl","floor":29},{"not_picked":["Thunderclap+1"],"picked":"Flex","floor":30},{"not_picked":["Headbutt"],"picked":"Heavy Blade+1","floor":31}],"player_experience":139644,"relics_obtained":[{"floor":6,"key":"Singing Bowl"},{"floor":9,"key":"Question Card"},{"floor":19,"key":"Bag of Marbles"},{"floor":25,"key":"Orichalcum"},{"floor":25,"key":"Bronze Scales"},{"floor":26,"key":"TungstenRod"},{"floor":29,"key":"Blue Candle"}],"event_choices":[{"damage_healed":0,"gold_gain":0,"player_choice":"Success","damage_taken":12,"relics_obtained":["Tiny Chest"],"max_hp_gain":0,"max_hp_loss":0,"event_name":"Scrap Ooze","floor":3,"gold_loss":0},{"damage_healed":0,"gold_gain":0,"player_choice":"Searched \u00271\u0027 times","damage_taken":0,"relics_obtained":["Matryoshka"],"max_hp_gain":0,"max_hp_loss":0,"event_name":"Dead Adventurer","floor":10,"gold_loss":0},{"damage_healed":28,"gold_gain":0,"player_choice":"Banana","damage_taken":0,"max_hp_gain":0,"max_hp_loss":0,"event_name":"Big Fish","floor":11,"gold_loss":0},{"damage_healed":0,"gold_gain":90,"player_choice":"GOLD ","damage_taken":12,"max_hp_gain":0,"max_hp_loss":0,"event_name":"Knowing Skull","floor":20,"potions_obtained":[],"gold_loss":0,"cards_obtained":[]},{"cards_removed":["Corruption"],"damage_healed":58,"gold_gain":0,"player_choice":"Offered Rare","damage_taken":0,"max_hp_gain":10,"max_hp_loss":0,"event_name":"Bonfire Elementals","floor":24,"gold_loss":0}],"is_beta":false,"boss_relics":[{"not_picked":["SlaversCollar","Empty Cage"],"picked":"Busted Crown"}],"items_purged_floors":[27],"is_endless":false,"potions_floor_spawned":[1,2,7,13,14,16,21,31],"killed_by":"Collector","ascension_level":0}}